1985 3206
762 85 909 114 INDEX
939 82 1237 112 LATINITATIS.

248 182 282 215 ii.
297 183 330 214 3.
361 183 396 211 et
417 178 460 210 ibi
479 177 562 209 Intt.
580 177 615 208 in
631 174 819 214 Schulting.
835 173 977 214 Jurispr.

247 224 417 264 Antejust.
433 233 464 263 p.
485 225 554 253 100.
571 231 641 260 sqq.

290 268 442 307 Agmtio.
470 265 551 304 Leg.
577 266 598 294 i.
623 269 653 298 7.
683 261 914 303 agnationt'bus
929 260 979 290 fa-

249 311 419 343 miliarum
449 308 704 347 distinguuntur
734 310 852 336 status.
890 304 923 334 h.
950 314 979 334 e.

250 356 334 385 serie
351 353 495 393 generis,
511 362 571 392 per
585 360 741 391 personas
757 348 887 389 generis
904 348 980 377 viri-

251 398 305 436 lis,
329 397 586 436 distinguuntur
615 394 750 425 familiae
775 392 922 432 patriciae
945 396 980 421 et

248 441 398 483 plebeiae.

291 484 435 524 Agnitio.
458 492 517 523 pro
532 481 678 520 cognitio.
706 478 785 510 Nat.
804 479 846 509 D.
864 479 885 508 i.
907 481 934 508 l.

292 528 437 567 Agnosco
467 527 594 556 crimen
623 524 703 554 Rab.
733 524 767 552 P.
801 522 831 552 6.
873 522 981 552 fateor

247 581 364 602 verum
381 580 462 600 esse.
491 569 534 599 N.
551 569 594 598 D.
612 567 645 597 ii.
663 570 714 597 315.
745 576 803 606 pro
819 576 978 604 cognosco,

251 620 406 646 accurate
424 612 586 652 intelligo.

292 659 373 697 Ago.
407 657 531 686 dicitur
554 655 593 685 de
617 654 656 684 iis
678 653 787 689 rebus,
804 652 843 682 de
861 652 980 691 quibus

252 702 340 732 actio
366 701 638 739 magistratuum,
659 702 866 732 senatorum,
884 706 981 725 aecu-

249 754 398 776 satorum
414 749 448 773 et
467 743 661 783 petitorum.
685 750 714 770 v.
732 740 838 769 Actio.
864 739 981 770 Manil.

254 793 282 820 l.
313 790 370 819 Or.
395 788 416 818 i.
441 790 492 817 30.
523 787 557 816 iu
582 784 693 815 Caecil.
719 787 747 814 5.
778 783 849 822 lege
870 793 980 822 agere,

251 833 274 863 i.
289 843 318 862 e.
342 842 381 861 ex
398 830 484 869 lege,
501 829 720 869 permittente
736 826 808 866 lege
826 836 981 856 accusare

253 875 306 906 vel
322 882 446 915 petere.
478 874 535 903 Or.
554 873 573 902 i.
592 875 644 902 33.
674 881 772 910 agere
796 871 829 900 in
854 870 982 900 heredi-

252 924 371 950 tatem.
390 918 411 948 i.
425 928 452 947 e.
470 923 582 957 petere
600 915 633 945 h.
654 916 771 954 Quint.
784 918 813 948 9.
828 924 866 943 cx
884 923 982 953 spon-

254 964 346 993 sione
359 972 470 1001 agere,
483 971 528 991 sc.
542 968 688 989 causam.
705 958 760 988 Or.
776 959 796 986 i.
808 960 860 988 43.
879 958 981 987 etiam

254 1006 362 1037 «lctus
377 1005 502 1035 dicitur
517 1013 627 1042 agere,
646 1012 721 1031 cum
739 1002 887 1030 actiones
904 1010 981 1040 snp-

254 1050 395 1091 peditat‚
419 1049 446 1078 si
471 1048 561 1077 locus
588 1056 686 1075 sanus
713 1052 774 1074 est.
814 1044 902 1074 Mur.
931 1047 980 1078 17.

253 1103 352 1133 agere
375 1102 452 1122 cum
476 1089 597 1131 populo
614 1096 775 1127 tanquam
792 1098 830 1117 ex
846 1097 981 1128 syngra-

257 1137 333 1177 pha.
356 1147 384 1165 v.
401 1134 605 1175 Syngrapha.
629 1133 702 1162 Act.
721 1132 741 1161 i.
766 1132 800 1161 in
819 1131 910 1161 verr.
933 1133 980 1161 12.

254 1190 354 1219 agere
369 1179 408 1209 de
427 1188 494 1218 rep.
514 1187 589 1207 cum
606 1175 738 1216 populo.
768 1174 850 1205 Lael.
868 1177 920 1205 ⁶25.
947 1175 981 1204 in

255 1224 365 1254 forum
389 1231 500 1251 versus
523 1230 623 1259 agere
646 1229 722 1249 cum
746 1218 879 1258 populo.
908 1219 928 1248 i.
953 1229 980 1248 e.

255 1275 411 1296 converso
434 1275 488 1294 ore
520 1273 632 1293 versus
659 1263 782 1299 forum,
806 1263 863 1292 ubi
890 1261 981 1302 plebs

254 1316 318 1346 est,
342 1319 418 1339 cum
442 1308 587 1338 solerent
611 1307 825 1345 magistratus
849 1305 982 1336 honoris

254 1363 355 1383 eausa
377 1357 569 1382 convertere
592 1361 627 1380 os
649 1350 691 1379 ad
707 1358 860 1379 senatum
878 1357 912 1379 et
929 1360 983 1378 co-

255 1397 402 1427 mitium.
427 1405 456 1425 v,
480 1395 564 1424 Intt.
587 1394 629 1424 ad
652 1393 684 1424 h.
708 1393 729 1422 l.
754 1393 794 1422 ad
818 1393 894 1423 Div.
914 1393 933 1422 i.
951 1397 982 1427 9.

255 1450 330 1479 quae
346 1449 407 1479 ego
422 1440 555 1478 agebam
574 1448 618 1467 sc.
635 1438 669 1466 in
688 1442 819 1467 senatu.
851 1441 869 1458 ’ὃ
885 1437 981 1466 Brut.

254 1486 307 1519 92⁷.
345 1493 447 1522 agens
469 1489 580 1512 orator
603 1481 737 1517 dicitur,
762 1481 855 1517 cujus
886 1480 984 1509 iehe-

257 1537 350 1557 mens
366 1534 417 1556 est
432 1526 532 1562 actm,
550 1535 634 1564 pene
651 1529 690 1554 ut
714 1524 928 1558 histrionum,
945 1529 983 1553 ut

256 1580 306 1601 res
320 1579 387 1599 non
401 1567 606 1606 11arrari,'sed
616 1569 669 1607 agi
681 1568 842 1597 videatur.
855 1567 979 1597 *Arch.

256 1617 286 1648 7.
311 1613 382 1643 haec
397 1613 508 1643 studia
526 1612 772 1652 (humanitatis)
794 1611 983 1641 adolescen-

255 1658 339 1687 tiam
362 1661 480 1696 agant.
504 1656 524 1685 i.
542 1667 571 1685 e.
594 1656 768 1694 subigunt,
786 1662 912 1684 acuunt
934 1655 984 1684 in-

257 1701 394 1740 genium
426 1698 689 1736 adolescentum,
717 1698 804 1737 quod
834 1703 868 1728 et
897 1698 983 1728 alere

258 1744 401 1782 dicitur;
425 1743 514 1774 unde
538 1743 655 1772 eodem
680 1752 777 1772 sensu
801 1741 926 1781 legitur
950 1742 984 1771 in

257 1787 332 1818 edd.
350 1786 518 1817 nonnullis
536 1786 641 1816 alunt.
667 1786 732 1816 vid.
749 1786 788 1815 de
804 1785 865 1815 hac
882 1786 985 1824 signi·

257 1831 415 1862 ficatione
431 1831 556 1861 Muret.
574 1830 649 1860 Var.
668 1830 706 1860 L.
724 1830 779 1859 xii.
800 1833 848 1860 15.
872 1830 918 1858 sic
935 1834 986 1859 est

258 1875 360 1904 etiam
391 1876 522 1913 agitare
552 1884 604 1913 ap.
631 1872 774 1913 Quintil.
799 1873 818 1903 i.
850 1876 897 1903 10.
946 1873 984 1902 In

257 1918 451 1949 Geometria
465 1918 615 1948 fatentur
631 1927 700 1946 esse
719 1922 849 1956 partem
866 1916 984 1946 utilem

257 1962 382 1992 teneris
406 1962 572 1991 aetatibus.
603 1962 726 1999 agitari
751 1970 895 1999 namque
916 1961 986 1990 ani-

259 2015 344 2041 mos,
375 2010 410 2034 et
440 2005 514 2034 acui
546 2005 692 2044 ingenia,
718 2010 752 2034 et
778 2003 986 2034 celeritatem

260 2048 465 2088 percipiendi
489 2048 565 2078 inde
595 2048 705 2078 venire
738 2048 797 2078 ἃς.
827 2048 988 2078 *Notan-

259 2092 309 2121 ὼε
341 2096 420 2121 sunt
442 2092 544 2121 etiam
568 2091 619 2121 hae
641 2091 811 2121 formulae:
846 2091 888 2121 ad
912 2091 987 2121 Div.

261 2135 307 2164 iii.
325 2135 355 2165 6.
379 2145 477 2174 agere
492 2135 612 2165 forum.
628 2146 657 2165 ν.
675 2135 807 2164 Forum.
837 2135 929 2165 Verr.
945 2136 987 2164 iv.

261 2178 313 2209 66.
343 2188 441 2217 agere
459 2188 592 2218 spumas
617 2179 652 2208 in
674 2188 742 2209 ore.
777 2178 849 2209 Att.
874 2179 938 2208 xiv.
957 2182 988 2212 9.

260 2232 360 2260 agere
389 2223 500 2252 rimas.
545 2222 624 2252 ibid.
656 2222 724 2252 xiii.
759 2224 811 2253 52.
856 2220 989 2261 ἐμετικὴν

261 2275 372 2304 agere.
390 2276 418 2295 v,
433 2265 506 2296 lud.
527 2266 583 2296 Gr.
613 2265 712 2296 Taso.
729 2266 775 2295 iii.
793 2268 846 2296 21.
876 2270 988 2296 actum

260 2308 400 2346 habebo,
417 2309 503 2348 quod
527 2311 640 2349 egeris.
670 2309 763 2340 Verr.
784 2310 805 2339 i.
822 2312 853 2340 3.
883 2313 989 2348 agunt

259 2353 467 2393 praecipitem
497 2362 604 2393 poenae
635 2353 759 2383 civium
786 2353 883 2383 Rom.
914 2353 936 2383 i.
959 2362 988 2382 e.

261 2397 467 2426 conscientia
497 2396 660 2427 scelerum
695 2397 729 2426 in
768 2397 853 2426 cives
892 2395 988 2426 Rom.

259 2449 374 2479 poenas
397 2439 438 2469 ab
461 2450 500 2469 eo
523 2441 641 2479 exigit,
659 2450 735 2470 eum
761 2440 809 2470 ita
828 2440 989 2470 furiosum

261 2483 375 2520 efficit,
392 2488 430 2513 ut
447 2483 489 2513 ad
505 2483 623 2513 insana
645 2484 783 2514 consilia
806 2489 892 2514 ruat.
924 2484 991 2514 *ct-

259 2536 337 2565 ζει-ε
360 2527 520 2563 animam,
545 2527 587 2557 ad
610 2527 686 2558 Div.
711 2528 778 2557 viii.
807 2530 854 2558 13.
890 2527 991 2557 morti

261 2570 484 2609 propinquum
503 2580 584 2600 esse.
616 2570 655 2600 dc
673 2581 738 2609 qua
757 2570 865 2600 fornia
879 2571 991 2600 dicen-

263 2612 296 2642 di
328 2613 391 2643 vid.
421 2616 522 2643 tiron.
552 2614 593 2643 ad
632 2614 707 2644 Sen.
747 2615 905 2646 Controx'.
941 2617 990 2645 11.

263 2655 393 2695 *agere
408 2656 544 2686 beilum.
569 2657 663 2687 Ball).
681 2660 734 2688 ΞΟ.
757 2669 788 2688 v.
805 2664 876 2688 not.

304 2700 453 2739 Agrart'i.
493 2700 591 2730 catil.
622 2701 663 2731 iv,
695 2703 725 2731 2.
756 2701 925 2732 Gracchus
955 2712 992 2731 α-

259 2745 392 2782 grurios
408 2744 575 2774 concitare
593 2744 734 2775 studuit.
760 2746 780 2775 i.
798 2755 826 2775 e.
850 2755 918 2782 ρος,
936 2745 992 2784 qui

261 2796 357 2825 agros
380 2787 507 2827 legibus
531 2789 680 2826 agrariis
703 2789 859 2828 consequi
880 2789 994 2829 cupie-

259 2829 354 2904 ἱῗη.
399 2831 439 2862 de
475 2831 631 2872 Agranis
668 2832 814 2873 Legibus
850 2842 880 2863 v.
918 2831 993 2863 Ind.

1676 71 1755 110 185

1065 173 1223 212 Agrestis.
1262 172 1318 211 qui
1351 181 1419 202 non
1447 176 1680 202 commovetur
1704 172 1756 203 his

1021 217 1133 254 rebus,
1158 217 1277 256 quibus
1302 216 1433 245 animus
1463 215 1631 245 humanus
1664 226 1758 246 com-

1021 261 1146 290 moveri
1164 260 1259 289 solet.
1284 259 1383 289 Arch.
1403 262 1433 290 8.
1456 260 1595 298 agrestis
1610 260 1757 290 animus.

1019 304 1038 322 ²*
1052 304 1109 334 Or.
1127 304 1147 333 i.
1165 306 1218 334 25.
1245 304 1384 342 agrestis
1400 308 1511 332 motus
1529 304 1689 342 corporis,
1706 314 1759 333 re-

1022 347 1243 388 prehenditur
1279 347 1313 376 in
1351 351 1493 376 oratore.
1540 346 1631 377 *On
1665 347 1699 376 ii.
1724 350 1757 379 3.

1021 395 1166 429 agrestes
1189 390 1278 427 libri,
1302 390 1321 419 i.
1346 400 1375 419 e.
1399 390 1522 429 jejuni,
1547 390 1662 428 exiles,
1687 400 1756 421 non

1023 435 1206 473 elegantes,
1232 433 1271 462 de
1295 433 1386 463 libris
1410 433 1596 464 rhetoricis.
1629 434 1756 466 *Orata

1023 481 1054 508 3.
1086 479 1279 516 agrestiores
1308 477 1428 514 Musae,
1460 476 1620 508 dicuntur
1649 478 1757 509 ‹Iuris-

1022 521 1204 562 prudentia
1232 525 1266 550 et
1297 525 1416 550 ceterae
1448 526 1550 557 artes,
1581 531 1654 560 quae
1687 532 1756 554 non

1024 563 1356 604 comprehenduntur
1372 563 1592 594 humanitatis
1606 566 1756 604 nomine,

1024 618 1085 638 nec
1109 607 1285 647 elegantiae
1309 607 1488 646 quicquam
1507 614 1566 638 aut
1582 609 1757 640 suavitatis

1024 652 1159 682 habent.

1066 696 1233 734 Agricola.
1269 694 1381 724 Deiot.
1414 698 1444 728 9.
1478 694 1517 724 de
1549 705 1626 735 rege
1656 696 1758 726 Deio·

1022 744 1109 775 taro,
1127 739 1183 777 qui
1206 737 1331 768 multos
1355 747 1450 776 agros
1475 738 1632 777 habebat,
1649 750 1666 770 e
1684 741 1757 780 qui·

1025 784 1084 813 bus
1100 783 1229 812 fructus
1247 781 1462 822 percipiebat.

1067 827 1241 865 Agripetoe.
1275 827 1346 855 Att.
1361 835 1412 855 xv.
1439 825 1502 855 ult.
1519 831 1599 857 sunt
1613 829 1755 867 agrarii.

1025 870 1064 900 de
1078 870 1200 908 quibus
1218 879 1328 908 supra.

1067 914 1138 944 Aio.
1169 913 1239 943 Att.
1257 913 1298 942 iv.
1318 915 1348 943 5.
1370 912 1415 942 vi.
1436 916 1463 943 l.
1497 914 1564 943 ain’
1580 915 1642 944 tu?
1674 914 1706 945 h.
1724 924 1754 945 e.

1025 962 1132 993 estne,
1150 962 1189 986 ut
1213 956 1320 986 dicis?
1355 966 1429 985 vere
1450 957 1497 986 ita
1521 958 1649 987 sentis?
1681 958 1755 997 Lig.

1025 1005 1056 1034 7.
1086 1001 1134 1030 ita
1150 1000 1284 1039 quidem
1302 1001 1427 1030 aiebat.-
1452 1001 1500 1030 ita
1516 1000 1632 1031 multis
1649 1002 1755 1033 verbis

1024 1049 1058 1074 et
1075 1044 1228 1083 gravibus
1245 1054 1321 1073 cum
1340 1053 1379 1073 eo
1395 1043 1603 1083 loquebatur.

1067 1089 1142 1118 Ala.
1174 1088 1238 1117 Off.
1262 1087 1295 1117 ii.
1326 1090 1373 1117 13.
1403 1098 1481 1117 cuin
1507 1092 1542 1117 te
1571 1088 1667 1120 alteri
1694 1091 1756 1120 aloe

1024 1132 1238 1172 praefecisset.
1255 1141 1284 1160 ν.
1300 1131 1420 1161 Alariz'.

1067 1176 1186 1205 Alarii.
1213 1174 1255 1204 ad
1272 1174 1348 1204 Div.
1366 1175 1398 1204 ii.
1420 1178 1466 1209 17.
1491 1179 1571 1205 sunt
1587 1178 1649 1206 ala·
1664 1178 1758 1216 equi-

1023 1223 1100 1249 tum
1129 1229 1170 1248 ex
1201 1217 1299 1248 Italia
1328 1223 1362 1247 et
1389 1219 1567 1257 provinciis
1592 1220 1755 1259 collectae,

1025 1272 1098 1301 quae
1137 1261 1276 1301 singulis
1314 1261 1499 1301 legionibus
1534 1263 1756 1303 addebantur,

1025 1306 1098 1336 loco
1129 1309 1181 1337 30.
1204 1312 1408 1342 turmarum,
1433 1316 1506 1344 quae
1536 1307 1616 1337 olim
1640 1318 1680 1338 ex
1704 1319 1757 1338 or-

1025 1350 1101 1380 dine
1119 1349 1264 1388 equestri
1280 1349 1499 1379 addebantur.
1525 1349 1564 1379 de
1582 1352 1678 1381 variis
1695 1354 1757 1382 affoe

1025 1393 1272 1423 discriminibus
1290 1403 1348 1432 pro
1364 1393 1493 1422 ratione
1515 1396 1675 1434 temporis
1692 1396 1757 1426 vid.

1026 1447 1124 1475 quem
1149 1436 1203 1466 hie
1219 1435 1335 1466 laudat
1350 1435 1512 1474 Graevius,
1529 1437 1698 1469 Schelium
1717 1439 1759 1469 ad

1026 1480 1199 1521 Hyginum
1215 1491 1248 1520 p.
1265 1480 1317 1510 66.

1068 1525 1215 1554 Alhatus.
1237 1523 1314 1554 Vat.
1335 1527 1382 1554 13.
1406 1528 1497 1554 veste
1514 1526 1589 1555 alba
1606 1525 1758 1564 indutus,

1025 1568 1087 1597 hoc
1103 1572 1166 1604 est,
1183 1568 1253 1606 qui,
1270 1571 1308 1597 ut
1332 1568 1445 1598 Livius
1468 1569 1528 1605 ait,
1544 1569 1671 1599 addidit
1688 1579 1759 1599 cre-

1025 1616 1096 1642 tam
1113 1612 1147 1641 in
1163 1620 1302 1647 vestem,
1321 1612 1408 1649 quod
1424 1616 1458 1641 ct
1482 1612 1517 1649 ii,
1535 1613 1591 1651 qui
1615 1613 1757 1643 honores

1025 1656 1201 1695 petebant,
1224 1654 1406 1693 faciebant,
1432 1661 1466 1685 et
1497 1656 1553 1695 qui
1577 1656 1683 1697 epulis
1708 1666 1760 1686 so-

1029 1698 1193 1728 lemnibus
1211 1699 1397 1729 intererant
1413 1699 1472 1729 &a

1070 1743 1201 1773 Album.
1228 1742 1345 1772 tabula
1359 1744 1448 1780 alba,
1465 1743 1500 1772 in
1517 1753 1584 1782 qua
1599 1743 1709 1774 edicta
1724 1748 1760 1774 et

1027 1785 1092 1816 alia
1115 1785 1305 1824 hujusmodi
1329 1787 1612 1826 proponebantur.
1643 1788 1700 1817 Or.
1724 1787 1759 1818 ii.

1031 1831 1080 1861 122.
1104 1830 1186 1859 item
1201 1839 1316 1859 omnes
1334 1829 1450 1868 libelli,
1462 1830 1555 1860 tituli
1571 1841 1761 1871 proponen-

1028 1873 1060 1903 di
1084 1873 1119 1902 in
1142 1872 1288 1912 publico.
1319 1873 1458 1905 Salmas.
1488 1874 1577 1905 mod.
1602 1875 1702 1905 Usur.
1727 1886 1761 1916 p.

1028 1918 1102 1951 678.

1071 1960 1153 1991 Alea
1185 1959 1225 1990 de
1255 1970 1289 1990 re
1320 1960 1450 1992 incerta
1478 1965 1513 1991 et
1537 1972 1556 1991 a
1579 1972 1657 1992 casu
1680 1972 1762 2002 pen-

1029 2003 1140 2034 dente.
1185 2004 1261 2034 Div.
1291 2005 1325 2034 ii.
1358 2008 1407 2035 15.
1454 2015 1521 2034 non
1559 2007 1762 2045 perspicitis,

1028 2050 1136 2078 aleam
1160 2047 1327 2086 quandam
1352 2049 1459 2078 inesse
1479 2048 1596 2079 hostiis
1614 2049 1763 2089 deligen-

1029 2092 1089 2122 dis.
1120 2091 1140 2120 i.
1164 2101 1193 2121 e.
1224 2091 1405 2122 fortuitum
1429 2102 1512 2129 esse,
1534 2093 1652 2132 quibus
1677 2094 1762 2123 extis

1030 2135 1139 2165 hostia
1155 2134 1332 2173 deligatur.
1377 2135 1503 2166 Eadem
1522 2136 1668 2168 formula
1682 2147 1762 2168 usus

1029 2184 1079 2209 est
1095 2178 1231 2209 Ovidius
1245 2178 1285 2209 A.
1300 2179 1339 2208 A.
1357 2179 1379 2209 i.
1395 2180 1470 2213 376.

1072 2223 1180 2253 Alere.
1220 2227 1394 2262 potentem
1429 2223 1577 2254 reddere.
1618 2223 1659 2253 ad
1689 2223 1762 2255 Att.

1029 2266 1097 2297 viii.
1115 2269 1145 2296 8.
1178 2266 1354 2307 Pompeius
1370 2268 1501 2297 aluerat
1519 2267 1697 2297 Caesarem.

1073 2310 1178 2341 Alias.
1195 2310 1378 2340 interdum.
1396 2312 1480 2341 Cato
1496 2313 1545 2341 15.
1563 2310 1764 2352 alias—ple-

1032 2363 1184 2392 rumque.

1073 2398 1246 2428 Alienatio.
1270 2396 1327 2428 Or.
1341 2400 1394 2429 42.
1410 2399 1562 2428 alienatio
1579 2407 1764 2437 sacrorum,

1032 2440 1074 2471 cf.
1100 2441 1180 2480 Leg.
1204 2441 1251 2471 iii.
1268 2443 1320 2472 20.
1354 2452 1432 2471 cum
1453 2451 1512 2472 nos
1527 2442 1627 2472 sacris
1644 2441 1768 2472 libera-

1033 2494 1121 2521 muS‚
1150 2488 1189 2514 ut
1218 2489 1277 2514 aut
1307 2485 1489 2524 intereant,
1522 2490 1582 2516 aut
1611 2485 1653 2516 ad
1684 2485 1765 2517 alios

1030 2527 1289 2558 transferantur.

1077 2572 1222 2602 Alienus.
1270 2571 1370 2602 Acad.
1401 2572 1422 2602 i.
1458 2576 1507 2603 ll.
1541 2582 1615 2612 quae
1655 2578 1768 2605 essent

1034 2616 1143 2645 aliena
1175 2616 1279 2645 firmae
1312 2617 1520 2646 assensionis.
1560 2616 1632 2647 Pin.
1662 2627 1691 2646 v.
1719 2621 1768 2649 11.

1034 2660 1177 2689 alienum
1201 2659 1386 2698 dignitatis.
1419 2660 1518 2690 Doni,
1544 2662 1596 2693 27.
1628 2661 1770 2700 opponi-

1033 2707 1092 2732 tur
1106 2703 1305 2742 propinquo.
1337 2703 1377 2732 ad
1394 2703 1469 2733 Div.
1485 2704 1553 2733 viii.
1574 2705 1623 2734 1⁶2.
1639 2705 1770 2735 alienis-

1035 2747 1137 2777 simus
1153 2746 1247 2776 mihi.
1270 2747 1327 2777 Or.
1346 2749 1398 2777 24.
1412 2746 1522 2777 Verba
1544 2749 1652 2777 aliena
1667 2757 1771 2788 oppo-

1038 2795 1167 2820 nuntur
1182 2790 1334 2829 propriis.

1081 2833 1265 2873 Aliquando
1283 2835 1356 2873 jam
1382 2833 1424 2863 ad
1446 2833 1518 2864 Att.
1540 2834 1560 2864 i.
1575 2836 1606 2866 4.
1632 2834 1696 2864 nisi
1724 2834 1771 2865 le·

1039 2877 1188 2917 gendum
1199 2877 1351 2916 tandem,
1369 2882 1407 2908 ut
1422 2876 1568 2909 corrado
1580 2877 1747 2919 placebat.
