1985 3206
726 145 873 175 mmzx
904 144 1186 173 HISTORICUS.
1631 131 1712 169 149

235 232 361 272 Scylla,
385 232 480 265 Verr.
502 243 532 264 v.
558 234 610 265 56.
642 234 726 265 Har.
748 233 849 274 Resp.
874 236 927 267 97.

190 275 271 308 Nat.
288 276 331 307 D.
349 277 371 306 i.
388 279 441 308 33.
469 282 665 315 monstram,
683 278 721 308 de
742 287 802 317 quo
818 279 927 318 plenoe

209 320 314 349 nbuloe
327 324 412 350 sunt.
439 330 469 350 v.
491 319 584 350 Ouid.
600 321 680 352 Met.
699 322 768 351 xiii.

233 362 372 401 Scyron,
409 363 511 394 Acad.
550 365 592 394 iv.
630 368 682 396 33.
724 365 922 404 Epicureus,

187 409 329 446 tempore
348 408 514 438 Ciceronis.

232 451 375 487 Sebosus,
393 450 464 481 Att.
481 451 515 481 ii.
536 454 585 482 14.
608 454 656 481 15.
690 451 802 481 Catuli
825 451 924 482 fami-

185 491 287 523 liaris.
313 494 512 525 Harduinus
524 495 570 525 acl
583 493 675 524 Ptin.
690 495 732 525 ix.
756 498 802 526 15.
821 500 923 535 putat

183 546 248 566 esse
262 538 408 567 Statium
427 539 600 575 Sebosuni,
613 536 706 579 eujus
723 540 763 568 ibi
779 541 907 569 mentio.

229 579 393 618 Sedulius,
423 582 523 612 Doni.
552 586 604 613 30.
641 582 707 611 dux
734 592 919 622 servorum,

185 633 327 662 quorum
344 635 444 665 opera
461 626 496 655 P.
516 625 650 655 Clodius
666 636 743 655 usus
761 631 822 656 est.

228 667 445 706 Segmiauus,
473 669 515 698 ad
544 669 621 699 Div.
644 680 675 699 x.
704 673 752 703 17.
783 670 839 699 sed
856 679 921 709 pro

185 711 241 740 hoc
257 716 301 741 est
317 713 349 742 in
372 712 549 743 Groeviana
562 725 571 742 .·
596 714 686 743 Sext.
705 713 839 744 Gavius.

226 754 393 793 Segulius,
411 756 535 794 Labeo,
553 756 594 786 ad
617 757 693 787 Div.
718 758 761 786 xi.
787 759 838 787 ⁴20.
865 760 917 788 ⁶21.

181 796 280 827 homo
298 800 532 838 nequissimus.
544 801 769 831 Octavianum
784 801 917 832 Cicero-

182 841 218 870 ni
235 841 358 872 iratum
377 839 470 873 dicit.

225 884 329 922 Seius,
349 886 419 916 Att.
437 897 466 917 v,
487 890 536 917 13.
569 887 702 918 libertus
721 893 779 918 (tut
797 898 918 928 procu-

177 933 272 959 rator
286 928 571 971 Atticijungitur
588 931 773 970 Philogeni,
790 935 845 971 qui
856 934 917 963 At-

178 972 234 1002 tici
252 973 386 1004 libertus
410 979 493 1005 erat.
524 975 619 1004 Alius
641 980 686 1005 est
710 976 750 1005 ad
768 976 843 1007 Div.
860 977 914 1008 vii.

184 1018 232 1046 12.
264 1018 321 1047 secl
335 1019 377 1047 ibi
400 1019 602 1048 Gronoviana
621 1020 697 1057 legit
713 1019 835 1051 Titius

226 1060 284 1090 Cn.
305 1061 411 1099 Seius,
431 1062 565 1092 Clueut.
583 1065 635 1092 38.
661 1064 812 1094 Senator.

222 1103 273 1134 M.
291 1104 395 1143 Seius,
414 1106 456 1135 L.
475 1105 512 1136 F.
544 1106 639 1136 Offic.
658 1107 691 1137 ii.
722 1110 770 1139 17.
803 1108 837 1137 in
861 1117 916 1137 ca-

178 1147 279 1177 ritate
307 1158 477 1178 annonam
501 1150 627 1179 assibus
652 1150 774 1190 populo
799 1151 914 1181 vendit

173 1191 209 1220 in
233 1192 386 1222 oedilitate
411 1202 489 1222 mm.
516 1201 660 1224 DeLxxx.
688 1194 780 1225 Ptin.
805 1205 855 1225 xv,
884 1199 911 1226 l.

174 1233 287 1264 Plane.
319 1238 348 1266 5.
372 1236 505 1274 judicio
529 1237 771 1267 condemnatus
796 1243 912 1269 tamen

173 1275 222 1306 M.
243 1277 399 1308 Pisonem
416 1280 449 1309 in
468 1280 630 1319 petitione
648 1282 763 1312 vincit.
795 1283 834 1312 de
856 1284 913 1313 hoc

171 1321 311 1360 intelligi
329 1327 433 1361 potest
453 1323 495 1352 ad
510 1325 585 1354 Div.
603 1325 646 1354 ix.
664 1329 694 1359 7.
729 1326 833 1363 Idem,
851 1331 911 1357 aut

159 1364 262 1403 filius
277 1371 333 1403 est,
352 1368 407 1406 qui
430 1367 472 1396 xi.
491 1371 522 1401 7.
550 1373 761 1407 memoratur,
775 1374 805 1399 et
820 1372 907 1409 lega-

171 1411 224 1438 cus
239 1409 287 1441 D.
303 1409 408 1441 Bruti
418 1409 530 1450 juisse
547 1413 686 1451 videtur,
703 1414 738 1443 it.
759 1413 830 1445 Λα.
851 1415 907 1446 xii.

212 1495 257 1536 Q.
288 1495 393 1534 Seius‚
423 1498 616 1536 Postumus,
644 1499 746 1530 Dom.
772 1503 826 1531 44.
855 1504 907 1532 50.

170 1537 251 1568 Har.
269 1549 355 1580 resp.
386 1545 434 1572 14.
460 1552 560 1580 eques
583 1543 679 1573 Rom.
702 1545 796 1581 cujus
820 1545 907 1575 aedes

168 1582 204 1612 P.
233 1582 368 1614 Clodius
389 1596 500 1615 emere
518 1586 636 1624 voluit,
654 1587 790 1618 domino
809 1599 906 1629 repu-

168 1631 310 1666 gnante.

210 1669 334 1706 Selene,
352 1670 444 1702 Verr.
462 1673 503 1703 iv.
518 1675 573 1707 97.
603 1683 688 1703 uxor
705 1675 790 1713 regis
808 1675 906 1707 Anti-

165 1712 254 1750 ochi,
288 1716 397 1753 primo
441 1717 556 1756 Grypi,
595 1718 708 1748 deinde
755 1718 824 1757 Pii,
864 1732 905 1751 ea:

165 1755 334 1797 AEgypto,
366 1769 437 1798 qnoe
465 1765 496 1790 et
530 1762 698 1800 Cleopatra
728 1763 815 1793 dicta
847 1769 904 1795 est.

163 1799 253 1840 Ejus
263 1802 336 1841 filii
359 1803 420 1833 duo
431 1803 549 1843 fuere,
567 1805 754 1836 Antiochus
779 1807 903 1838 Asiati-

162 1853 233 1882 cus,
251 1849 282 1875 et
301 1845 458 1877 Seleucus
485 1848 711 1888 Cybiosactes,
727 1851 765 1880 de
788 1852 902 1891 quibus

158 1897 217 1917 suo
243 1890 305 1919 loco
328 1891 516 1922 videndum.
565 1893 696 1923 Eorum
723 1897 840 1926 mentio
866 1898 900 1927 in

163 1931 310 1963 l'errinis
333 1934 375 1964 iv.
401 1937 452 1969 27,
485 1936 561 1966 add.
585 1936 716 1976 Joseplc.
732 1939 810 1969 Ant.
830 1940 898 1971 xiii.

163 1976 217 2008 29.

204 2018 370 2059 Seleucus,
395 2021 437 2051 ad
460 2023 538 2054 Div.
563 2025 606 2055 vi.
637 2027 686 2056 13.
717 2035 830 2056 servus
857 2027 898 2066 Ω.

163 2061 294 2102 Leptae.

202 2106 333 2144 Selicio,
354 2107 427 2139 Att.
452 2119 504 2140 xv.
532 2113 582 2141 12.
602 2111 697 2152 sorte
709 2113 793 2152 filiu
816 2112 897 2155 ejus,

158 2151 214 2188 qui
229 2153 385 2189 sequitur.

200 2193 245 2233 ῼ.
279 2194 424 2233 Selicius,
455 2196 495 2226 ad
523 2197 599 2229 Div.
629 2199 672 2229 ix.
706 2201 754 2230 16.
788 2211 809 2231 α
837 2211 897 2241 quo

156 2235 323 2267 Seliciana
339 2239 426 2270 villa.
444 2240 485 2270 ad
501 2241 572 2272 Art.
591 2242 612 2272 i.
631 2245 679 2273 1⁶2.
703 2243 895 2276 scenerator.

154 2279 197 2309 ad
214 2280 290 2311 Div.
317 2284 338 2312 i.
364 2286 393 2313 5.
425 2285 552 2315 amicus
576 2285 713 2317 Lentuli
739 2288 896 2328 Spinthe-

155 2324 212 2360 ris,
241 2334 386 2363 quocum
420 2327 537 2359 Cicero
563 2330 703 2361 consilia
727 2331 767 2361 ‹le
794 2342 895 2363 causa.

153 2367 293 2399 Lentuli
310 2370 467 2401 contulit.

195 2412 314 2449 Selius,
332 2413 375 2443 ad
391 2415 468 2445 Div.
486 2416 540 2445 vii.
557 2418 610 2447 32.
635 2415 744 2447 malus
756 2418 890 2450 Orator.

198 2455 231 2485 C.
249 2460 280 2486 et
297 2456 342 2486 P.
360 2457 452 2495 Selii,
469 2459 571 2489 Acad.
590 2461 632 2490 ἰν.
648 2464 680 2491 4.
706 2461 892 2493 familiares

149 2496 190 2528 L.
214 2498 360 2530 Luculli.
389 2501 480 2532 docti
503 2503 669 2543 homines,
694 2505 751 2544 qui
780 2506 892 2536 Philo-

153 2550 232 2571 nem
249 2543 364 2574 Romae
382 2545 571 2578 audierant.

195 2585 333 2625 Semele,
347 2587 448 2619 Tusa.
470 2590 491 2621 i.
520 2592 570 2622 12.
602 2590 684 2622 Nat.
707 2592 751 2623 D.
776 2592 810 2624 ii.
836 2595 889 2625 94.

155 2634 265 2659 mater
280 2630 415 2663 Bacchi.

192 2672 400 2713 Semiramis,
420 2676 514 2708 Prov.
533 2677 632 2709 Cons.
646 2681 678 2708 4.
702 2680 751 2709 ita
766 2679 805 2710 A.
823 2680 889 2710 Ga-

145 2715 277 2747 binium
296 2717 403 2757 Syrioe
425 2720 556 2752 Proeos.
576 2724 734 2762 appellat,
751 2728 789 2754 ut
808 2726 887 2755 mol-

150 2761 253 2790 ficiem
268 2759 339 2801 ejus
353 2767 451 2794 notet.

188 2803 242 2834 Ti.
271 2810 307 2835 et
339 2806 376 2837 C.
410 2807 604 2849 Sempronii,
631 2810 690 2840 Or.
719 2810 740 2841 i.
767 2814 799 2845 9.
826 2811 888 2842 &m

145 2852 223 2878 sunt
253 2848 374 2881 fratres
405 2850 561 2892 Gracchi,
585 2853 625 2883 de
650 2854 765 2893 quibus
789 2864 821 2886 υ.
851 2857 887 2886 in

148 2890 320 2924 Gracchis.

185 2935 229 2968 A.
253 2936 478 2981 Sempronius,
493 2939 613 2973 Musca
636 2945 810 2982 quoescuroe
827 2941 888 2974 Or.

969 233 1003 262 ii.
1021 232 1074 264 60.
1099 230 1307 263 Candidatus
1323 241 1342 262 a
1356 229 1505 270 Vargula
1520 228 1607 261 male
1620 229 1709 260 acci-

981 277 1073 306 ntur.

969 286 980 317 l
1018 319 1051 350 C.
1069 319 1290 360 Sempronius,
1308 317 1428 355 Rufus,
1443 317 1485 347 ad
1499 316 1576 347 Div.
1593 316 1659 347 viii.
1675 319 1707 348 8.

969 362 1173 392 calumniam
1191 364 1268 393 fert.
1285 362 1410 392 amicus
1431 361 1599 391 Ciceronis
1615 373 1621 391 z
1646 370 1705 391 cu-

957 404 1021 446 jus
1047 416 1128 446 soepe
1159 408 1286 437 mentio.
1317 416 1345 435 v.
1374 415 1403 435 c.
1429 405 1501 435 Att.
1527 405 1570 434 vi.
1597 406 1628 436 2.
1647 402 1704 435 'ad

966 450 1043 481 Div.
1061 451 1116 480 xii.
1135 452 1189 481 2⁷2.
1207 452 1259 480 25.
1289 449 1362 479 vide
1377 450 1476 479 etium
1492 448 1603 478 Rufio.

1010 494 1055 524 L.
1085 494 1308 533 Sempronius,
1335 493 1523 523 Atratinus.
1552 491 1594 522 ad
1625 492 1704 522 Div.

963 537 1009 566 ix.
1027 539 1080 568 21.
1113 536 1241 567 Consul
1263 542 1298 566 et
1323 536 1450 566 Censor
1473 536 1539 566 fuit
1559 546 1637 566 cum
1660 535 1701 566 L.

965 580 1096 620 Papirio
1114 580 1300 620 Mugillano
1317 590 1348 610 α.
1371 580 1412 611 U.
1430 588 1557 610 cccxii.

1006 624 1055 654 M.
1073 624 1296 664 Sempronius,
1312 624 1370 654 Or.
1388 624 1422 654 ii.
1440 624 1492 655 60.
1525 623 1564 654 A.
1583 623 1700 655 frater.

1011 668 1043 698 C.
1064 668 1208 706 Sentius,
1228 668 1442 698 Saturninus.
1470 667 1563 697 Verr.
1581 668 1628 697 iii.
1645 671 1698 702 93.

962 711 1072 742 Pison.
1091 715 1142 742 34.
1162 719 1286 751 praetor
1298 711 1506 741 Macedoniae
1519 720 1699 742 mnemon.

962 765 981 785 a
1005 755 1187 785 Denseleto
1212 755 1415 785 defenditur.
1437 764 1654 795 permagnam
1679 765 1697 785 e

962 800 1093 829 cibariis
1125 800 1318 839 pecuniam,
1350 805 1488 838 propter
1518 799 1696 829 caritatem

961 843 1135 880 frumenti,
1169 843 1336 883 deportat.
1369 842 1469 873 honio
1501 843 1698 874 innocentia

961 886 1135 926 singulari.

1005 931 1176 971 Septimia,
1194 930 1235 960 ad
1251 930 1326 961 Div.
1344 929 1387 959 ix.
1409 932 1456 960 10.
1480 929 1551 960 Att.
1562 930 1627 960 xvi.
1645 933 1695 962 11.

959 975 1087 1004 videtur
1104 984 1187 1004 uror
1204 973 1411 1013 Sicoesuisse.

1006 1019 1038 1048 C.
1054 1018 1243 1058 Septimius,
1258 1018 1329 1048 Att.
1343 1018 1378 1048 ii.
1393 1019 1446 1049 24.
1470 1016 1579 1047 scriba
1592 1016 1697 1047 Bibu-

957 1060 979 1091 li
998 1062 1163 1092 Consulis.

1006 1106 1038 1136 C.
1057 1106 1244 1145 Septimius,
1262 1104 1338 1135 Sen.
1360 1115 1391 1145 p.
1416 1103 1499 1135 Red.
1515 1108 1546 1138 9.
1571 1108 1696 1144 praetor

957 1148 991 1178 P.
1010 1149 1156 1180 Lentulo
1174 1148 1352 1188 Spinthere
1367 1148 1523 1179 Consule.
1551 1147 1623 1178 Att.
1637 1149 1696 1180 xii.

961 1195 1007 1222 13.
1031 1196 1080 1224 14.
1105 1203 1223 1232 augur.
1248 1192 1394 1231 Pighius
1409 1191 1562 1222 Scaevolae
1580 1202 1694 1230 cogno-

955 1246 1028 1266 men
1053 1237 1092 1267 de
1117 1233 1301 1276 conjectura
1324 1237 1421 1266 dedit.
1452 1236 1538 1266 Milli
1564 1236 1694 1266 videtur

953 1281 1038 1310 idem
1054 1292 1117 1311 esse
1133 1291 1207 1310 cum
1224 1290 1270 1317 eo,
1286 1281 1342 1319 qui
1357 1281 1399 1311 ad
1414 1280 1489 1311 Div.
1507 1280 1573 1310 viii.
1595 1283 1624 1310 8.
1656 1281 1693 1311 in

953 1323 1042 1354 Scio
1064 1325 1113 1355 M.
1137 1324 1292 1354 Marcelli
1314 1325 1402 1354 inter
1422 1334 1471 1354 eos
1487 1325 1691 1362 nominatur,

953 1369 1008 1406 qui
1034 1368 1196 1398 scribendo
1222 1365 1415 1407 affuerunt.-
1444 1369 1481 1398 C.
1506 1368 1690 1408 Septimius

952 1411 992 1442 Τ.
1009 1411 1043 1442 F.
1061 1411 1212 1451 Quirina.

997 1455 1041 1485 P.
1076 1456 1256 1495 Septimius
1285 1454 1442 1485 Scaevola.
1481 1454 1556 1486 Act.
1592 1455 1614 1486 i.
1654 1456 1690 1487 in

951 1498 1045 1529 Verr.
1076 1502 1125 1530 13.
1152 1499 1287 1530 Cluent.
1310 1502 1363 1530 41.
1389 1501 1543 1536 Senator,
1571 1499 1610 1529 de
1638 1509 1691 1529 re-

951 1543 1109 1582 petundis
1140 1548 1331 1579 accusatur,
1355 1547 1493 1583 propter
1517 1543 1688 1582 judicium

950 1586 1151 1624 Junianum,
1168 1587 1350 1617 Hortensio
1375 1591 1527 1626 praetore.
1558 1587 1608 1617 Ab
1631 1588 1688 1617 hoc

949 1631 1113 1660 diversum
1119 1635 1236 1670 putem
1248 1630 1291 1661 P.
1307 1630 1503 1670 Septimium
1515 1635 1640 1661 testem
1652 1632 1688 1662 in

948 1673 988 1704 L.
1006 1674 1172 1704 Flaccum.
1190 1674 1296 1704 Flacc.
1312 1677 1344 1704 4.

988 1718 1032 1759 Q.
1047 1718 1217 1758 Septitius,
1231 1718 1325 1749 Verr.
1338 1718 1384 1748 iii.
1401 1721 1452 1749 14.
1474 1727 1574 1758 eques
1587 1717 1686 1750 Rom.

947 1767 1060 1791 arator
1074 1763 1108 1792 in
1124 1762 1248 1793 Sicilia.

991 1805 1246 1846 Septumuleius,
1264 1805 1474 1845 Auagninus,
1496 1806 1553 1836 Or.
1579 1806 1612 1836 ii.
1632 1806 1686 1840 67.

946 1850 1118 1879 interfecit
1135 1850 1173 1880 C.
1190 1849 1393 1886 Gracchum,
1410 1854 1444 1879 et
1460 1859 1520 1889 pro
1536 1850 1607 1888 ejus
1630 1860 1686 1880 ca·

945 1894 1016 1932 pite
1029 1903 1147 1923 aurum
1158 1893 1299 1932 accepit.
1317 1893 1437 1923 Postea
1445 1893 1684 1933 praefecturam

944 1937 979 1966 in
995 1937 1074 1966 Asia
1090 1947 1109 1966 a
1124 1936 1271 1967 Scaevola
1288 1937 1398 1977 petiit.

989 1979 1158 2019 Seprulla,
1182 1981 1254 2010 Att.
1284 1981 1305 2010 i.
1334 1982 1382 2010 12.
1417 1979 1453 2010 Si
1474 1991 1556 2011 suna
1581 1982 1683 2018 lectio,

942 2034 1057 2054 nomen
1089 2029 1135 2054 est
1163 2025 1313 2061 set-culte,
1345 2033 1415 2064 quoe
1454 2024 1498 2054 P.
1535 2024 1683 2055 Clodium

942 2069 1051 2098 emisit
1080 2078 1121 2098 ez·
1149 2068 1270 2097 cedibus
1299 2067 1444 2098 Coesuris.
1474 2067 1542 2097 Sed
1574 2067 1681 2098 Groev.

940 2112 1077 2142 ostendit
1092 2122 1155 2142 esse
1171 2112 1345 2149 legendum
1362 2111 1520 2141 Servulae.

988 2154 1134 2195 Serapio,
1153 2155 1225 2185 Att‘.
1242 2156 1285 2185 vi.
1307 2158 1334 2186 1.
1357 2159 1403 2185 est
1419 2155 1529 2195 Scipio
1544 2154 1681 2194 Nasica,

940 2199 980 2228 de
995 2209 1055 2238 quo
1072 2203 1160 2228 ante.

982 2242 1129 2282 Serapio,
1146 2242 1218 2272 Att.
1237 2253 1268 2271 x.
1289 2245 1340 2276 17.
1372 2251 1484 2272 servus
1500 2242 1611 2272 Attici.

981 2287 1128 2326 Serapio,
1146 2285 1217 2315 Att.
1235 2286 1268 2315 ii.
1284 2288 1315 2316 4.
1341 2285 1441 2315 libros
1459 2286 1529 2325 ejus
1547 2286 1679 2316 nonin·

936 2329 1063 2369 telligit
1091 2330 1219 2359 Cicero.
1248 2329 1327 2359 ibid.
1354 2329 1384 2359 6.
1417 2329 1677 2360 Eratosthenem

935 2373 1030 2404 valde
1063 2373 1289 2413 reprehendit.
1330 2372 1408 2403 Fuit
1444 2373 1676 2411 Antioclienus,

935 2419 991 2457 qui
1021 2417 1245 2457 Geograplziea
1266 2417 1406 2456 scripsit.
1443 2416 1679 2447 Commemora-

934 2466 990 2491 tur
1006 2463 1104 2491 etiam
1121 2471 1142 2491 a
1159 2461 1270 2491 Plinio
1279 2462 1313 2490 in
1323 2460 1358 2491 E
1362 2461 1470 2490 leuclio
1481 2461 1678 2501 scriptorum.

933 2507 956 2535 l.
974 2506 1020 2534 iv,

978 2548 1122 2588 Serapis,
1139 2547 1215 2578 Div.
1233 2548 1268 2577 ii.
1290 2550 1342 2581 59.
1374 2546 1455 2577 Nat.
1480 2546 1524 2578 D.
1548 2547 1595 2577 iii.
1624 2550 1675 2583 19.

933 2592 993 2622 ἀρ.
1026 2592 1119 2622 Deus
1136 2591 1386 2631 AEgyptiorum.

982 2636 1015 2666 C.
1043 2635 1196 2672 Serenus,
1226 2634 1339 2664 Plane.
1367 2637 1397 2665 5.
1423 2633 1603 2674 praefertur
1630 2634 1676 2675 Ω.

933 2679 1064 2710 Catulo.
1099 2678 1207 2709 Groev.
1234 2679 1392 2715 Seranus,
1416 2678 1501 2717 quod
1519 2676 1598 2718 jam
1626 2679 1677 2711 P.

931 2722 1083 2753 Mamucio
1092 2724 1280 2762 placuerat.
1298 2721 1393 2752 Num
1412 2721 1449 2752 C.
1465 2721 1627 2752 Serranus
1641 2732 1675 2754 a.

930 2767 1232 2806 DchV1.pro.cime
1249 2765 1366 2796 Consul
1380 2769 1455 2795 ante
1473 2764 1627 2796 Catulum
1642 2770 1675 2797 et

934 2810 992 2840 (ln.
1023 2810 1204 2847 llqulium,
1237 2809 1333 2850 cujus
1357 2810 1511 2848 proxime
1540 2810 1672 2840 mentio.

930 2853 1045 2884 Serani
1077 2863 1104 2884 s.
1136 2854 1270 2884 Serrani
1297 2857 1374 2883 sunt
1400 2862 1441 2883 ea:
1463 2852 1603 2893 Attiliis,
1629 2853 1670 2886 de

929 2899 1045 2939 quibus
1059 2906 1174 2936 supra.

974 2941 1126 2982 Sergius,
1143 2939 1230 2973 Phil.
1246 2940 1281 2972 ii.
1298 2941 1353 2973 25.
1379 2939 1516 2972 mimus.

966 2992 986 3015 ι
1004 2988 1024 3017 3
