1985 3206
271 80 351 116 222

318 177 473 207 Claudias.
500 176 607 207 Pison.
622 179 674 208 98.
692 180 843 216 claudus,
860 190 1001 218 quomo-

272 220 314 249 do
330 222 439 257 aiunt,
454 220 555 261 pilam
570 222 723 251 retinere.
735 223 946 261 proverbium
965 225 999 253 in

268 274 337 301 eos,
370 265 439 303 qui,
472 274 544 303 quae
576 275 595 293 a
617 266 777 303 magistro
809 267 1000 304 audierunt,

270 312 403 344 tenent,
422 308 477 337 sed
497 317 603 347 neque
621 309 929 349 recteintelligunt‚
944 321 1000 340 ne-

271 361 336 389 que
353 361 392 381 eo
410 357 498 380 recte
518 352 566 381 uti
586 358 735 391 possunt.
761 353 847 382 Nam
865 355 1002 384 claudus

271 394 304 424 in
328 394 403 434 pilae
428 394 504 424 ludo
529 395 574 424 nil
600 401 710 435 potest
734 396 795 425 nisi
819 397 919 436 pilam
941 398 1001 427 sibi

273 438 434 468 traditam
463 439 620 475 retinere,
655 449 719 468 non
749 450 788 469 ea
813 450 852 469 ex
880 441 1001 479 reg-ulis

272 480 341 510 ludi
370 482 433 517 uti,
451 489 627 521 propterea
653 483 741 522 quod
757 494 889 514 currere
917 484 1002 514 cele—

271 531 354 554 riter
371 534 436 554 non
454 531 574 564 potest.

322 568 501 598 Clovicztla.
526 568 604 598 Nat.
634 570 677 599 D.
703 570 735 599 ii.
756 573 809 604 47.
834 572 1002 601 claviculis

272 612 531 652 apprehendunt
548 612 752 643 adminicula
769 614 863 644 vites.

322 655 523 685 Claustrum.
542 657 674 686 Muren.
699 660 728 687 8.
753 668 829 687 cum
848 667 908 696 ego
924 665 1000 687 tan-

271 705 308 728 to
339 699 513 729 intervallo
531 702 679 730 claustra
696 700 881 731 nobilitatis
899 702 1000 731 refre-

272 742 406 781 gisseni.

323 786 491 816 Clausala.
508 786 565 816 Or.
584 787 630 817 iii.
643 787 695 817 46.
720 789 885 818 clausulas
901 795 1000 827 atque

278 829 496 869 interpuncta
511 831 686 860 verborum
706 832 824 861 animae
839 832 1001 861 interclu-

275 873 324 903 sio
341 879 442 912 atque
459 874 624 912 angustiae
641 874 777 914 spiritus
798 875 1000 906 attulerunt.

275 916 294 934 ὖ
310 917 419 946 exitus
436 916 568 947 fabulae.
588 918 669 947 Coel.
688 920 740 951 27.
757 918 853 948 Mimi
866 924 916 948 est
925 920 999 957 jam

275 961 398 997 exitus,
423 970 488 990 non
513 961 633 991 fabulze
648 974 654 990 ι
682 962 715 990 in
733 972 798 1001 quo
815 972 891 992 cum
908 965 1002 994 clan-

274 1006 349 1034 sula
365 1014 430 1034 non
450 1005 629 1042 iuvenitur,
644 1005 733 1043 fugit
749 1005 868 1045 aliquis
885 1016 902 1035 e
930 1016 1000 1037 ma-

277 1048 388 1084 nibus,
407 1048 466 1077 ἅς.

324 1091 451 1121 Clavus.
476 1091 575 1121 Tusc.
601 1092 642 1121 iv.
674 1095 725 1122 35.
750 1094 839 1122 clavo
869 1094 1001 1123 clavum

276 1135 406 1172 ejicere.
431 1136 448 1153 ²*
460 1135 551 1165 verr.
566 1145 594 1164 v.
608 1138 658 1166 21.
684 1136 726 1165 Et
744 1142 783 1165 ut
799 1136 860 1166 hoc
878 1137 1001 1166 benefi-

275 1179 378 1215 cium,
409 1179 690 1217 quemadmodum
716 1179 853 1217 diceret,
881 1181 1001 1210 trabali

273 1224 364 1252 clavo
378 1223 495 1262 figeret
511 1223 569 1252 ἃς.
586 1223 654 1253 *ad
671 1225 741 1254 Att.
759 1234 788 1254 ν.
806 1227 852 1254 13.
870 1226 1001 1254 clavum

276 1276 418 1295 movere.
432 1267 487 1296 ubi
504 1266 567 1296 vid.

324 1310 463 1349 Clepen,
495 1309 610 1339 furari.
646 1309 746 1340 Tusc.
775 1311 808 1340 ii.
844 1314 892 1340 10.
921 1322 998 1342 eum

275 1352 394 1383 doctus
412 1354 629 1383 Prometheus
646 1355 787 1393 clepsisse
804 1353 889 1384 dolo.

323 1397 508 1436 Clepsydra.
521 1407 678 1427 mensura
702 1399 862 1437 temporis
879 1408 996 1437 aquea.

274 1441 331 1470 Or.
349 1441 382 1470 iii
400 1443 451 1471 34.
470 1446 504 1471 at
521 1441 610 1470 hunc
627 1441 867 1471 nonclamator
882 1442 1000 1481 aliquis

274 1484 316 1514 ad
335 1485 538 1523 clepsydram
556 1484 676 1514 latrare
699 1485 868 1515 docuerat.
896 1495 926 1516 v,
943 1485 1000 1515 Al-

277 1527 460 1558 meloveen.
485 1528 526 1558 ad
556 1527 699 1568 Quintil.
718 1530 772 1559 xii.
799 1530 829 1559 6.
854 1534 888 1558 et
918 1540 999 1568 quos

274 1572 318 1601 ibi
335 1571 460 1602 laudat.
482 1572 582 1602 Tusc.
600 1573 632 1602 ii.
649 1579 732 1602 extr.
749 1573 789 1602 de
805 1572 997 1613 disputante

275 1615 399 1644 dicitur
415 1615 456 1645 ad
471 1616 685 1655 clepsydram.

325 1658 467 1689 Clitelloe.
516 1660 588 1689 Att.
615 1670 643 1689 V.
681 1663 728 1690 15.
769 1661 894 1690 clitellae
925 1660 997 1690 bovi

274 1708 353 1732 sunt
368 1703 544 1743 impositae.
563 1703 772 1742 proverbium
791 1704 824 1733 in
841 1713 908 1741 eos,
926 1705 999 1743 qui-

275 1746 335 1776 bus
352 1746 476 1785 aliquid
502 1747 628 1785 negotii
652 1747 763 1784 datur,
781 1747 834 1777 cui
856 1747 998 1777 admini-

275 1790 412 1819 strando
454 1790 564 1819 idonei
601 1800 667 1820 non
698 1795 788 1821 sunt.
852 1791 994 1822 Clitellae

278 1833 368 1862 enim
386 1834 485 1863 asinis
504 1834 737 1873 imponuntur,
757 1844 824 1864 nou
837 1835 953 1864 bubus.

324 1877 433 1906 (lluclo.
458 1877 614 1907 laudatur
626 1887 643 1906 e
660 1877 739 1907 Nat.
756 1878 798 1908 D.
816 1879 849 1907 ii.
863 1881 915 1912 39.
940 1879 998 1909 sed

274 1919 319 1949 ibi
343 1920 377 1949 in
402 1920 502 1950 Gron.
525 1929 575 1951 est
591 1920 708 1951 eludit.
734 1922 768 1951 in
789 1922 998 1952 Davis.allu-

274 1963 346 2001 dit3
365 1974 470 2003 neque
486 1965 587 1994 eludit
596 1972 712 2004 aptum
729 1970 779 1995 est
791 1965 868 1995 huic
886 1965 968 1996 loco.

321 2007 462 2046 (lypcus.
480 2009 573 2038 Orat.
585 2012 637 2042 71.
646 2010 793 2048 clypeum
807 2009 996 2046 dissolvere,

272 2050 397 2080 dicitur
414 2052 449 2082 in
466 2062 534 2088 θος,
549 2053 604 2090 qui
621 2062 671 2082 res
681 2053 820 2090 junctas
836 2058 871 2083 et
895 2064 997 2093 copu-

272 2093 356 2124 latas
372 2095 579 2125 dissolvendo
592 2101 823 2135 corrumpunt.

321 2139 524 2169 coacervare.
548 2139 664 2179 Agrar.
688 2140 722 2169 ii.
738 2142 791 2170 25.
807 2150 997 2171 coacervare

270 2191 377 2220 agros.

319 2225 473 2256 Coacesco.
508 2226 601 2256 Cato.
622 2229 670 2257 18.
702 2236 769 2256 non
786 2227 894 2257 omnis
914 2232 995 2258 aetas

270 2273 438 2300 vetustate
454 2272 613 2300 coacescit.

319 2314 459 2349 Coactor,
478 2313 614 2351 dicitur,
638 2314 695 2353 qui
719 2314 754 2344 in
781 2314 994 2345 auctionibus

267 2357 425 2395 pecunias
443 2357 546 2397 cogit,
564 2367 636 2397 quae
661 2358 700 2388 ab
725 2358 908 2387 emtoribus
931 2358 995 2388 sol-

267 2399 383 2430 vendae
412 2406 504 2437 sunt,
531 2407 565 2431 et
595 2406 645 2431 est
671 2402 739 2430 fere
771 2402 996 2441 argentarius.

267 2443 403 2473 Cluent.
416 2445 467 2475 64.
484 2445 589 2474 nostri
605 2456 611 2474 ι
631 2445 787 2475 Cassirer.
805 2456 835 2474 V.
851 2444 991 2476 Salmas.

265 2486 306 2516 de
323 2487 441 2517 Usuris
459 2499 487 2517 c.
513 2491 560 2522 17.
577 2499 608 2528 p.
626 2492 699 2522 ⁴97.
716 2494 750 2518 et
775 2489 880 2519 GraeV.
900 2490 940 2519 ad
957 2489 990 2520 h.

264 2529 288 2560 l.
311 2531 376 2560 Sed
402 2536 435 2561 et
459 2531 582 2562 dicitur
615 2532 653 2562 de
678 2533 846 2569 omnibus,
873 2533 927 2571 qui
956 2533 991 2563 in

263 2584 475 2614 quocumque
492 2576 627 2614 negotio
654 2576 811 2614 cogendae
838 2577 989 2615 pecuniae

263 2618 408 2648 ministri
435 2624 525 2648 sunt.
550 2629 579 2648 v.
599 2619 732 2650 Manut.
751 2619 792 2648 ad
817 2619 849 2649 h.
877 2619 898 2649 l.
935 2621 989 2649 Sic

261 2660 374 2691 Rabir.
400 2662 488 2692 Post.
527 2666 573 2692 11.
607 2668 723 2692 utrum
762 2663 987 2693 accessionem

261 2705 425 2742 decumae,
444 2711 483 2736 ut
498 2707 602 2736 nostri
625 2707 734 2736 faeere
758 2710 915 2736 coactores
935 2717 987 2736 so-

259 2747 344 2786 lent,
362 2756 442 2779 sunt
465 2749 611 2779 ministri
637 2750 906 2790 publicanorum,
931 2751 988 2789 qui

259 2791 417 2822 decumas
433 2793 583 2832 exigunt.

308 2835 449 2866 Coactus.
475 2836 598 2867 Caeciu.
620 2840 667 2867 11.
688 2839 736 2867 12.
761 2838 860 2866 coacti
875 2836 983 2867 homi-

258 2888 316 2909 nes
334 2884 369 2910 et
385 2881 517 2910 armati.
535 2885 587 2911 est
600 2881 739 2910 verbum
755 2879 939 2911 interdicti.
952 2891 981 2911 c.

781 89 929 119 INDEX
959 91 1256 120 LATINITATIS.

1048 184 1095 211 13.
1109 183 1161 211 21.
1178 185 1212 210 et
1228 180 1400 219 significat
1416 185 1536 211 coactos
1552 180 1593 211 ad
1611 181 1677 211 vim
1695 180 1774 211 faci-

1043 225 1176 254 endam.

1094 268 1308 307 (bcedg‘ficare.
1339 266 1408 297 Att.
1440 268 1508 297 xiii.
1533 270 1586 297 33.
1612 277 1770 308 campum

1046 311 1207 342 Martium
1229 311 1430 350 c·oaed3'sz'cari.
1456 311 1571 341 Partit.
1589 322 1636 341 or.
1657 316 1706 341 10.
1725 311 1774 341 lo-

1045 365 1102 384 cus
1120 355 1335 394 cooedficatns
1351 355 1531 394 opponitur
1542 363 1648 385 vasto.

1094 398 1275 437 Corcqzmre.
1299 398 1393 427 Verr.
1409 398 1454 427 iii.
1471 401 1524 428 41.
1541 399 1655 428 omnia
1671 398 1713 428 ad
1735 397 1774 427 li·

1045 441 1193 471 bidinem
1211 452 1304 472 suam
1323 451 1486 481 cooequarc
1498 454 1507 470 :
1532 441 1562 470 h.
1577 453 1604 471 e.
1623 451 1773 472 summos

1045 490 1077 514 et
1103 485 1248 521 infimos,
1287 495 1382 515 sacra
1416 492 1450 514 et
1485 485 1623 525 profana
1655 485 1771 514 eodem

1046 528 1143 557 modo
1160 539 1219 568 pro
1234 529 1369 558 libidine
1387 534 1545 566 tractare,
1559 529 1641 558 nulli
1659 539 1773 568 parce-

1046 582 1080 601 re
1098 572 1157 601 Sec.

1093 615 1219 645 Cooevus
1253 615 1393 645 laudant
1421 626 1437 645 c
1472 615 1583 645 Vatin.
1614 619 1661 646 13.
1708 615 1773 646 Sed

1045 657 1196 688 meliores
1213 659 1316 689 codd.
1340 665 1374 688 ct
1399 659 1473 689 edd.
1492 659 1616 689 habent
1634 669 1772 697 coquos,

1044 701 1132 740 quod
1155 707 1206 732 est
1229 708 1370 733 rectum.
1423 703 1546 733 (somus
1567 712 1634 732 non
1658 710 1710 733 est
1732 713 1772 732 u-

1043 745 1145 776 sitata
1156 746 1243 776 bono
1259 747 1409 786 scriptori
1428 757 1500 777 vox.

1092 789 1334 829 Coagmcntarc.
1360 789 1443 820 Phil.
1468 791 1522 820 vii.
1547 793 1577 823 7.
1601 799 1771 827 coagmen-

1044 838 1115 863 tare
1153 844 1281 873 pacem.
1319 835 1411 864 Brut.
1452 837 1501 867 17.
1540 837 1769 871 coagmentare

1043 877 1154 914 verba,
1178 883 1228 906 est
1260 882 1336 916 apte
1368 876 1530 906 collocare
1568 882 1603 905 et
1634 877 1771 906 vincire.

1044 920 1141 950 Unde
1175 921 1231 950 Or.
1256 921 1302 950 iii.
1327 923 1378 951 43.
1418 924 1662 958 coagmentatus
1692 930 1770 949 con-

1044 974 1159 993 cursus
1206 964 1394 1000 verborum,
1429 964 1610 1003 opponitur
1647 963 1770 994 hiulco.

1043 1007 1061 1025 ²*
1078 1019 1095 1037 e
1113 1008 1262 1047 partibus
1275 1007 1410 1037 diversis
1428 1007 1644 1046 compositus.
1668 1006 1770 1038 Tusc.

1044 1051 1063 1081 i.
1089 1054 1140 1084 29.
1174 1051 1255 1080 nihil
1281 1056 1331 1081 est
1355 1052 1389 1080 in
1414 1051 1532 1080 animis
1563 1056 1770 1089 coagmenta-

1044 1099 1126 1124 tum.
1152 1094 1184 1124 h.
1213 1105 1242 1124 e.
1266 1095 1360 1124 liberi
1377 1098 1456 1124 sunt
1472 1094 1574 1123 animi
1592 1105 1610 1123 a
1634 1104 1770 1124 concre-

1042 1139 1148 1172 tione,
1182 1138 1264 1167 nihil
1302 1144 1353 1168 est
1388 1139 1422 1168 in
1460 1138 1499 1167 iis
1538 1138 1695 1175 mixtum,
1731 1146 1771 1168 ut

1044 1181 1117 1212 aliis
1135 1182 1213 1211 locis
1231 1182 1323 1211 dicit.

1092 1226 1249 1263 Coauctio,
1272 1225 1365 1255 Verr.
1397 1226 1444 1255 iii.
1469 1228 1520 1255 81.
1553 1226 1690 1255 Crimen
1715 1229 1767 1255 est

1045 1280 1084 1299 ex
1101 1271 1282 1299 coauccione
1305 1279 1445 1299 annonae.
1470 1275 1569 1307 atque
1595 1269 1769 1298 aestimati-

1044 1314 1127 1343 onis.
1174 1313 1250 1342 Non
1274 1313 1405 1342 crimini
1435 1312 1534 1342 datur
1560 1313 1654 1342 Verri
1678 1313 1769 1342 aesti-

1043 1367 1150 1386 masse
1180 1357 1403 1393 frumentum,
1436 1361 1470 1385 et
1502 1366 1560 1395 pro
1595 1355 1766 1385 frumento

1042 1401 1218 1439 pecuniam
1258 1401 1435 1439 accepisse,
1459 1400 1517 1429 sed
1547 1400 1646 1429 nimis
1677 1409 1769 1438 mag--

1043 1454 1119 1473 narn
1137 1444 1313 1484 pecuniam
1333 1454 1391 1483 pro
1418 1443 1589 1473 frumento
1608 1443 1766 1482 coegisse.

1091 1488 1211 1517 Coetus.
1236 1487 1306 1517 Att.
1330 1488 1399 1517 xiii.
1424 1489 1475 1518 5⁶2.
1499 1487 1583 1516 bene
1606 1492 1711 1516 coctus
1733 1490 1768 1516 et

1043 1532 1197 1561 conditus
1213 1541 1332 1561 sermo.

1091 1576 1203 1606 (odem.
1242 1575 1338 1605 Rosc.
1370 1574 1464 1605 Corn.
1499 1578 1526 1604 l.
1565 1573 1770 1613 Simpliciter

1041 1619 1165 1649 dicitur
1188 1628 1247 1658 pro
1265 1618 1388 1648 tabulis
1413 1623 1625 1658 acceptorum
1651 1622 1685 1647 et
1709 1627 1769 1647 ex-

1040 1672 1231 1702 pensorum.

1090 1706 1236 1736 Codicilli.
1261 1704 1301 1734 ad
1318 1704 1393 1734 Div.
1410 1705 1451 1734 vi.
1480 1707 1528 1734 18.
1546 1705 1660 1734 statim
1677 1715 1766 1743 quae-

1040 1750 1099 1779 sivi
1125 1760 1143 1779 a
1165 1749 1268 1779 Balbo
1293 1759 1352 1788 per
1376 1750 1540 1778 codicillos.
1564 1748 1627 1787 Ωιι.
1653 1748 1704 1778 Fr.
1730 1749 1764 1779 ii.

1044 1798 1093 1824 ll.
1118 1793 1291 1833 epistolam
1317 1792 1404 1822 hanc
1427 1792 1575 1837 conuicio
1605 1792 1768 1830 efflagita-

1041 1842 1120 1867 runt
1144 1837 1279 1867 codicilli
1295 1837 1357 1865 tui.
1381 1836 1467 1865 Sunt
1491 1840 1604 1865 autem
1629 1837 1767 1866 codicilli

1040 1880 1169 1911 codices
1185 1880 1288 1910 cerati
1306 1880 1443 1909 minoris
1454 1879 1581 1914 formae,
1598 1879 1632 1908 iu
1646 1880 1765 1918 quibus

1040 1929 1217 1954 testatores
1242 1923 1450 1953 voluntatem
1471 1923 1542 1952 sine
1566 1921 1636 1952 ulla
1657 1922 1766 1952 solen-

1043 1970 1162 2003 nitate,
1190 1978 1262 2007 quae
1299 1968 1332 1996 in
1367 1966 1578 1996 testamentis
1602 1966 1763 1996 faciendis

1042 2012 1231 2048 adhibetur,
1256 2010 1440 2047 declarant,
1464 2011 1545 2039 item
1578 2010 1612 2038 in
1644 2010 1764 2048 quibus

1039 2055 1188 2096 epistolae
1212 2055 1422 2084 scribuntur:
1449 2053 1537 2083 unde
1561 2062 1620 2092 pro
1644 2054 1767 2092 episto-

1041 2099 1079 2128 lis
1103 2100 1137 2129 in
1176 2098 1366 2136 hujusmodi
1397 2097 1519 2127 tabulis
1547 2096 1693 2135 scriptis,
1730 2104 1765 2127 et

1040 2153 1098 2182 pro
1122 2142 1296 2172 voluntate
1334 2141 1459 2171 mortui
1488 2140 1550 2169 hoc
1586 2139 1685 2169 modo
1709 2140 1766 2169 de-

1044 2186 1170 2216 clarata
1192 2190 1376 2226 ponuntur.
1402 2195 1431 2214 v,
1449 2184 1586 2214 Salmas.
1611 2183 1650 2213 de
1676 2183 1764 2214 mod.

1041 2230 1139 2260 Usur.
1164 2240 1191 2259 c.
1215 2233 1262 2260 10.
1289 2239 1319 2268 p.
1343 2231 1418 2262 419.
1442 2227 1484 2257 cf.
1515 2227 1667 2266 inprimis
1690 2227 1764 2257 Ma-

1040 2281 1112 2303 nut.
1131 2274 1172 2302 ad
1188 2274 1257 2303 Cic.
1275 2282 1348 2312 epp.
1367 2271 1408 2301 ad
1426 2272 1490 2311 Qu.
1507 2271 1547 2300 fr.
1565 2270 1586 2300 l.
1604 2281 1632 2300 c.

1089 2317 1237 2348 Caelestis.
1261 2315 1344 2346 Phil.
1370 2326 1400 2345 ν.
1428 2319 1476 2345 11.
1500 2315 1646 2353 legiones
1681 2314 1765 2344 divi-

1039 2370 1089 2390 nae
1114 2365 1148 2390 et
1171 2363 1325 2391 ‹·oelestes;
1353 2369 1426 2397 quae
1443 2369 1512 2388 rem
1536 2358 1663 2397 optime
1687 2363 1721 2387 et
1745 2367 1762 2387 e

1036 2404 1207 2443 republica
1222 2408 1408 2441 gesserunt.
1431 2413 1460 2431 v.
1484 2402 1601 2432 Heius.
1621 2401 1662 2430 ad
1677 2401 1762 2432 Vell.

1036 2448 1070 2477 ii.
1089 2450 1140 2478 24.
1158 2451 1188 2479 3.
1207 2448 1262 2486 qui
1275 2458 1292 2475 e
1309 2447 1475 2476 memoria
1489 2445 1639 2475 laudavit
1653 2444 1764 2475 Verri-

1037 2501 1095 2520 nas
1113 2501 1172 2530 pro
1190 2490 1395 2530 Philippicis.

1084 2535 1215 2565 Coelum.
1233 2535 1305 2564 Att.
1317 2535 1350 2563 ii.
1363 2538 1393 2567 9.
1410 2535 1519 2566 1920.
1541 2532 1575 2561 in
1592 2533 1665 2561 coelo
1680 2541 1762 2562 esse.

1035 2577 1066 2607 h.
1086 2588 1114 2607 e.
1150 2578 1367 2608 vehementer
1387 2576 1525 2606 laudari.
1545 2576 1623 2605 ibid.
1643 2576 1705 2605 xvi.
1731 2576 1762 2606 6.

1034 2622 1067 2650 in
1082 2623 1197 2651 coelum
1215 2622 1304 2650 ferri.
1323 2621 1401 2650 ibid.
1424 2621 1457 2649 ii.
1480 2623 1505 2648 1.
1531 2619 1636 2657 digito
1652 2629 1686 2648 se
1703 2629 1763 2649 coe-

1032 2667 1099 2694 lum
1118 2670 1241 2704 putant
1254 2665 1420 2703 attingere
1439 2676 1445 2692 ι
1470 2662 1503 2692 h.
1521 2672 1549 2691 e.
1563 2672 1595 2691 se
1613 2663 1764 2693 beatissi-

1032 2717 1104 2737 mos
1129 2714 1264 2748 putant.
1289 2708 1374 2737 Phil.
1399 2708 1432 2736 ii.
1456 2708 1509 2737 42.
1548 2706 1587 2735 de
1610 2708 1684 2736 coelo
1706 2706 1763 2736 de-

1034 2753 1165 2781 traxisti
1189 2752 1351 2790 collegam
1367 2763 1372 2780 :
1399 2750 1522 2786 fecisti,
1540 2755 1579 2779 ut
1595 2755 1681 2779 esset
1697 2750 1763 2779 dis-

1032 2795 1149 2824 similis
1163 2797 1227 2832 sui,
1239 2800 1276 2825 ut
1291 2793 1403 2834 paullo
1416 2800 1490 2833 post
1503 2793 1598 2829 dicit,
1613 2793 1760 2831 adeoque

1030 2838 1165 2868 laudem
1198 2846 1329 2878 partam
1362 2838 1546 2867 amitteret.
1588 2837 1665 2866 ibid.
1704 2839 1759 2867 44.

1028 2882 1134 2922 gloria
1160 2893 1234 2922 quae
1265 2883 1318 2913 vix
1348 2883 1421 2912 coelo
1448 2881 1520 2919 capi
1550 2890 1642 2919 posse
1672 2879 1760 2910 vide-
