1985 3206
734 99 880 129 INDEX
901 99 1034 127 LA'rlN
1041 99 1195 128 [TA'HS.

215 194 275 219 tua
299 187 488 218 laudatione
513 187 709 218 conferrem.
743 187 807 217 alia
829 196 941 217 exem-

217 232 271 270 pla
293 232 459 270 congessit
481 232 653 261 Drakenb.
672 231 713 261 ad
732 230 790 262 Sil.
806 230 882 261 Ital.
898 230 941 260 vi.

215 277 287 305 5⁴5.

263 317 395 347 Cursus.
426 317 496 347 Att.
514 327 543 347 ν.
562 321 591 348 8.
623 327 755 347 cursum
771 321 941 356 exspecta-

214 360 302 390 bam.
328 361 347 390 i.
363 370 392 389 e.
416 366 554 391 ventum
577 361 776 398 secundum,
794 370 858 399 quo
882 369 941 389 na-

212 403 323 442 vigare
341 413 482 443 possem.
512 405 584 434 Att.
601 414 631 434 v.
653 407 701 435 15.
726 403 779 433 ille
795 404 856 434 tibi
873 413 939 433 non

213 447 347 485 ignotus
359 457 473 477 cursus
488 448 590 477 animi
605 451 638 477 et
654 447 823 477 industriae
842 456 937 476 meae.

211 490 275 520 Off.
292 491 312 519 i.
329 492 381 520 32.
409 491 572 530 implicari
586 491 695 529 aliquo
712 497 803 520 certo
817 500 938 529 genere

210 543 369 573 cursuque
385 535 526 563 vivendi.
558 535 647 564 Sext.
666 536 717 564 21.
749 534 817 563 *ita
834 534 940 564 brevis

210 580 272 614 est,
291 577 402 616 gloriae
422 587 538 607 erm-sus
559 579 781 617 sempiternus
806 578 865 606 &cn
897 577 938 606 ad

210 621 285 650 Div.
304 621 348 650 iii.
371 624 418 650 ll.
434 631 550 651 cursus
564 621 740 650 honorum.
775 620 816 650 ib.
836 631 866 650 x.
887 623 936 650 15.

207 674 320 694 cursus
337 664 496 693 bonorum
515 664 740 693 consiliorum.
766 664 836 693 Fin.
851 664 871 693 i.
889 666 937 693 ll.

209 709 374 737 virtutum
407 717 521 737 cuv-sus
552 708 592 737 ad
631 708 850 746 voluptatem.
895 706 936 736 ad

208 751 284 781 Div.
301 761 331 780 x.
347 754 378 780 3.
409 761 523 781 cursus
539 750 579 780 ad
597 750 746 789 gloriam.
774 751 868 780 Brut.
885 753 937 780 81.

207 804 340 823 cursum
352 804 450 824 sunm
462 799 700 824 transcurrere.
725 793 785 823 1⁷1ae
799 793 935 832 loquen-

207 838 241 867 di
265 838 408 867 rationes
433 838 602 868 ducuntur
626 848 645 867 a
667 837 788 873 stadio,
812 838 845 866 in
871 847 935 875 quo

208 882 339 921 proprie
356 891 471 911 cursus
494 886 555 911 est.
601 880 664 910 Sed
689 881 809 910 dicitur
832 881 935 910 etiam

207 935 321 955 cursus
344 924 384 953 de
408 925 633 962 navigatione,
655 928 691 953 ut
715 924 755 953 ad
778 924 855 954 Div.
878 924 934 953 xii.

208 970 260 999 ⁸25.
285 968 372 997 unde
389 969 504 997 crebra
519 968 576 997 illa
589 978 640 1007 ap.
659 968 852 997 Ciceronem
868 967 934 996 for-

208 1011 311 1048 inula,
327 1021 459 1042 cursum
483 1018 609 1041 tenere.
641 1013 734 1041 Orat.
763 1014 788 1040 1.
819 1016 934 1040 teneat

206 1065 353 1091 cursum,
384 1065 481 1093 quem
519 1058 637 1094 potest.
684 1053 767 1084 Phil.
807 1055 871 1084 viii.
902 1057 932 1084 4.

206 1109 304 1136 quem
329 1099 418 1128 enini
443 1109 571 1128 cursum
601 1097 765 1127 industria
789 1107 863 1126 mea
886 1101 935 1126 tc-

206 1152 283 1171 nere
307 1143 484 1181 potuisset,
509 1142 579 1171 sine
602 1141 788 1171 forensibus
812 1141 932 1177 causis,

204 1185 274 1214 ¹nine
285 1185 434 1222 judiciis,
447 1187 517 1214 sine
534 1185 673 1224 legibus.
697 1185 789 1224 Quir.
804 1195 836 1224 p.
850 1183 931 1214 Rcd.

209 1232 234 1258 1.
265 1228 429 1258 secundus
461 1229 537 1258 vitae
568 1238 691 1258 cursus.
727 1228 870 1257 *Plano
900 1232 930 1261 7.

201 1281 300 1301 cursu
317 1272 358 1301 ad
374 1272 535 1301 honorem
552 1272 681 1301 venire:
710 1272 730 1301 i.
743 1282 771 1301 e.
789 1272 931 1309 meritis,

203 1315 390 1352 nobilitate,
430 1316 527 1345 rectis
565 1316 708 1345 artibus:
751 1316 932 1354 opponitur

202 1359 369 1398 obrepere.
401 1359 485 1389 *On
503 1359 536 1388 ii.
556 1362 603 1389 10.
630 1368 744 1388 cursus
759 1358 928 1396 orationis,

202 1402 325 1432 dicitur
341 1402 380 1431 de
396 1403 542 1432 oratione
559 1407 733 1442 perpetua.

250 1445 389 1476 Curatis.
427 1446 520 1476 Verr.
545 1457 573 1475 ν.
601 1448 649 1475 14.
687 1444 768 1474 sella
790 1446 929 1475 curulis.

201 1488 278 1518 Fuit
307 1495 384 1519 ante
417 1499 546 1528 regum,
570 1495 644 1529 post
669 1489 927 1527 magistratuum

201 1534 378 1571 majorum,
395 1539 490 1572 puta,
507 1533 703 1569 Consulum,
730 1533 928 1569 censorum,

200 1576 384 1606 Praetorum
413 1582 447 1605 et
476 1576 636 1606 AEdilium
668 1575 859 1606 Curulium:
893 1577 927 1606 in

199 1629 277 1658 qua,
305 1629 380 1649 culn
407 1621 441 1649 in
469 1619 601 1659 publico
629 1625 752 1656 essent,
777 1619 928 1649 conside-

198 1668 284 1693 rent.
330 1663 409 1702 Ejus
427 1663 534 1693 forma
556 1673 630 1702 quae
650 1663 763 1700 fuerit,
781 1674 798 1692 e
815 1664 926 1692 numis

198 1706 345 1746 conspici
370 1712 493 1746 potest,
515 1717 532 1736 c
559 1707 677 1745 quibus
704 1706 743 1736 de
767 1717 806 1736 ea
828 1706 925 1736 docte

198 1749 329 1780 disserit
352 1750 531 1790 Spanhem.
549 1750 588 1779 de
613 1750 670 1780 Us.
695 1756 730 1779 et
754 1750 805 1780 Pr.
823 1750 925 1780 Num.

198 1793 285 1823 Diss.
301 1804 332 1823 Χ.
349 1793 432 1823 adde
448 1794 588 1823 Casaub.
606 1799 640 1822 et
656 1793 771 1823 Burin.
789 1793 829 1823 ad
847 1794 927 1823 Sue-

195 1843 266 1867 ton.
291 1837 376 1876 Aug.
399 1840 452 1867 44.
497 1837 546 1867 Ab
571 1837 668 1873 hujus
693 1837 781 1866 sellae
799 1846 861 1867 usu
879 1838 927 1866 ‹li-

196 1880 242 1909 cti
258 1886 337 1910 sunt
353 1880 464 1910 aediles
476 1882 616 1917 curules,
631 1883 668 1910 ut
680 1880 926 1919 distingueren-

195 1928 253 1953 tur
268 1933 288 1953 a
302 1923 451 1963 plebeiis,
468 1930 503 1954 et
518 1925 599 1955 Har.
614 1924 711 1964 Resp.
733 1928 781 1954 13.
801 1926 925 1954 curulis

196 1967 348 1997 aedilitas.

243 2011 416 2041 Custodire.
453 2011 525 2041 Att.
558 2022 610 2041 κν.
652 2015 700 2042 13.
738 2012 923 2042 orationem

196 2054 256 2084 tibi
275 2055 368 2083 misi:
393 2055 464 2093 ejus
480 2055 690 2085 custodiendo?
705 2059 738 2084 et
755 2054 923 2094 proferen-

196 2096 246 2126 dae
270 2097 445 2127 arbitrium
467 2103 566 2128 tuum
590 2099 642 2128 sit.
671 2099 727 2129 Or.
752 2098 786 2128 ii.
809 2100 840 2128 2.
868 2109 925 2128 ειι-

194 2141 310 2170 seodire
326 2140 441 2178 literis,
457 2147 509 2171 est
524 2143 693 2172 memoriae
708 2141 857 2182 prodere.

244 2183 360 2214 (listas.
392 2185 467 2214 Sen.
492 2195 523 2224 p.
544 2185 626 2216 Red.
647 2189 694 2215 ll.
723 2186 866 2215 custodes
888 2185 923 2215 in

194 2228 339 2257 comitiis
367 2229 449 2257 item
474 2227 675 2258 tabellarum
702 2228 861 2259 dicuntur
890 2238 923 2258 a-

194 2271 285 2308 miei,
303 2271 357 2310 qui
383 2281 401 2301 a
425 2271 609 2302 candidatis
634 2275 692 2302 aut
713 2272 765 2309 iis,
781 2282 923 2310 quorum

193 2314 344 2351 interest,
362 2315 455 2344 urnis
479 2320 513 2345 et
536 2315 761 2345 diribitoribus
784 2315 924 2345 tabella·

192 2367 266 2387 rum
297 2359 563 2397 apponebantur,
592 2369 633 2388 ne
663 2359 753 2388 fraus
780 2359 925 2388 interce-

191 2400 268 2430 dere
285 2407 408 2441 posset,
427 2407 486 2432 aut
502 2412 563 2432 sua
577 2407 695 2442 sponte
713 2412 786 2431 eam
808 2412 921 2432 curam

191 2445 431 2484 suscipiebant,
454 2453 494 2476 ut
517 2451 611 2485 patet
634 2455 651 2475 e
676 2446 866 2483 Pisoniana,
893 2456 922 2475 e.

195 2491 244 2518 15.
276 2487 350 2518 add.
367 2488 462 2518 Viros
484 2489 572 2519 doct.
590 2489 630 2519 ad
654 2489 746 2519 varr.
762 2489 802 2519 R.
821 2489 859 2519 R.
875 2489 923 2520 iii.

192 2533 221 2561 5.
246 2537 330 2561 extr.
346 2537 382 2561 et
397 2533 520 2563 Gruch.
539 2533 633 2563 Com.
650 2533 671 2562 i.
688 2536 719 2564 3.
735 2535 767 2562 4.

238 2574 350 2613 (ybea.
381 2574 473 2606 Verr.
491 2586 521 2605 v.
542 2579 591 2610 17.
616 2576 676 2605 ἃς.
703 2585 742 2605 ex
764 2586 829 2614 quo
852 2575 924 2605 loco

191 2620 535 2657 apparet,onerariam
552 2629 670 2649 navem
687 2619 800 2656 fuisse,
814 2619 855 2648 ad
868 2619 924 2648 de-

190 2661 370 2700 portandas
386 2672 512 2692 merces
536 2663 836 2699 accommodatam,
849 2673 923 2702 pro-

189 2710 265 2743 pter
295 2704 526 2743 latitudinem,
551 2716 617 2744 qua
647 2715 740 2745 paene
772 2706 812 2735 ad
837 2705 924 2736 κύςου

188 2747 332 2778 sormam
350 2749 542 2786 accedebat,
558 2750 607 2779 ita
630 2748 731 2779 dicta.
776 2749 830 2778 Sic.-
853 2749 922 2778 Ho-

188 2797 272 2821 tom.
295 2791 403 2822 Graeci
427 2797 604 2832 opponunt
626 2792 844 2831 longioribus,
868 2802 924 2822 vo-

187 2839 332 2873 cantque
349 2835 530 2877 ςςογγύλην.
568 2836 666 2866 Forte
683 2841 733 2866 est
748 2846 807 2875 pro
829 2835 923 2874 Cym-

186 2877 256 2914 bea,
273 2884 312 2909 ut
332 2877 423 2912 adea:
448 2879 538 2920 apud
562 2879 707 2918 Hesych.
734 2880 789 2910 ubi
813 2890 844 2910 v.
867 2879 923 2912 Al-

1634 95 1715 133 253

984 188 1129 217 bertum.

1035 231 1277 269 Cynocephalus.
1309 230 1377 260 Att.
1394 231 1434 259 vi.
1454 233 1481 261 1.
1500 237 1572 262 erat
1587 243 1715 272 cynoce-

980 275 1101 314 phalus
1124 275 1157 303 in
1181 273 1306 302 essedo.
1352 275 1403 303 De
1425 274 1650 316 (prroceplertlis
1665 278 1715 307 sa-

987 317 1102 347 bulosa
1118 321 1196 346 sunt
1216 326 1267 355 ap.
1285 316 1369 346 Plin.
1387 317 1430 347 H.
1448 319 1489 348 N.
1506 321 1547 349 vi.
1565 324 1617 350 30.
1649 321 1715 351 Ve-

984 371 1058 390 rum
1083 366 1146 396 est,
1163 361 1335 389 simiarum
1361 370 1466 399 genus
1489 363 1602 401 fuisse,
1626 364 1715 402 quod

985 405 1033 434 ita
1059 403 1292 442 appellaretur.
1326 414 1357 433 v.
1379 404 1517 436 Salmas.
1542 407 1585 437 ad
1611 407 1713 438 Solio.

985 457 1017 487 p.
1035 448 1109 481 ι267.

1322 578 1366 608 D.

1027 663 1230 702 Dactylieus.
1256 663 1312 694 Or.
1331 667 1382 698 57.
1399 664 1578 703 dactylicus
1594 676 1712 697 nume·

982 717 1036 736 rus
1054 708 1323 737 hexametrorum
1349 708 1643 747 magniloquentiae
1660 716 1713 741 est

982 751 1274 781 accommodatior.
1326 751 1520 788 Dactyle‘ms
1550 763 1710 785 numerus

983 804 1049 823 non
1074 794 1171 824 modo
1195 804 1212 823 e
1241 794 1378 833 pedibus
1402 795 1570 834 dctclylicis
1592 797 1712 836 oritur,

983 838 1040 866 sed
1057 838 1156 867 etiam
1175 848 1213 867 ex
1239 838 1386 877 reliquis,
1404 839 1460 877 qui
1485 840 1599 869 eodem
1624 846 1712 871 tem-

982 891 1059 920 pore
1080 878 1311 919 continentur,
1336 887 1375 911 ut
1401 887 1582 922 anapaesto,
1610 894 1710 923 spon·

981 925 1052 954 deo.
1098 925 1151 954 Sic
1167 931 1217 954 est
1238 935 1289 965 ap.
1308 925 1448 964 Longin.
1466 927 1498 955 S.
1516 930 1568 958 38.
1599 927 1709 968 ῥυθμδς

980 966 1170 1004 Sauromacis,
1184 969 1240 998 ubi
1258 969 1321 999 vid.
1339 967 1421 998 Intt.
1439 974 1472 999 et
1489 970 1576 1000 conf.
1595 971 1709 1002 Clark.

980 1012 1020 1040 ad
1037 1012 1175 1041 Homer.
1192 1011 1286 1042 Iliad.
1302 1016 1327 1041 t.
1344 1013 1364 1041 i.
1382 1023 1413 1052 p.
1431 1014 1484 1043 68.

1026 1055 1170 1084 Dffmon.
1195 1055 1235 1084 de
1248 1055 1347 1085 Univ.
1366 1059 1413 1085 ll.
1439 1056 1506 1093 Dii,
1520 1066 1600 1096 quos
1613 1056 1706 1087 Grae-

980 1098 1007 1126 ci
1026 1095 1174 1136 δαίμονας,
1191 1099 1374 1138 appellant,
1390 1101 1508 1137 nostri.
1521 1106 1561 1130 ut
1576 1101 1708 1139 opinor,

980 1142 1097 1171 Lares:
1129 1143 1156 1171 si
1181 1143 1279 1172 inodo
1302 1142 1364 1172 hoc
1389 1148 1478 1173 recte
1509 1153 1706 1174 conversum

976 1184 1078 1214 videri
1097 1191 1218 1224 potest.

1020 1228 1201 1258 Dmmzafio
1216 1229 1372 1259 ambitus.
1398 1229 1533 1261 Cluent.
1550 1231 1603 1261 36.

1019 1272 1280 1302 Dammztorlzmz
1311 1273 1491 1312 judicium.
1534 1274 1628 1305 Verr.
1658 1274 1706 1306 iii.

976 1316 1028 1345 21.

1018 1358 1207 1397 Damnum,
1224 1360 1516 1398 sumtns‚jactura
1538 1361 1584 1390 rei
1605 1361 1706 1392 farni-

974 1401 1077 1438 liaris,
1094 1410 1193 1442 atque
1209 1403 1291 1433 adeo
1313 1413 1356 1433 aes
1381 1404 1539 1433 alienum.
1569 1405 1662 1436 Verr.
1680 1406 1703 1437 i.

979 1447 1025 1475 113.
1044 1446 1179 1482 (lamna,
1193 1457 1266 1485 qnae
1280 1457 1330 1476 res
1347 1448 1449 1487 patris
1461 1448 1530 1486 ejus
1549 1449 1703 1487 pertulit,

974 1494 1227 1528 praetereantur.
1249 1491 1327 1520 ibid.
1346 1500 1376 1520 V.
1396 1494 1443 1522 13.
1467 1491 1604 1529 damna,
1628 1502 1704 1531 quae

974 1534 1081 1562 aetatis
1105 1534 1217 1563 fructu
1241 1534 1403 1564 dissoluta
1425 1540 1460 1564 et
1487 1539 1703 1574 compensata.

974 1580 1064 1606 sunt.
1083 1576 1166 1606 Phil.
1178 1577 1212 1607 ii.
1228 1579 1279 1611 27.
1297 1578 1421 1608 damna
1438 1577 1606 1608 aleatoria.
1619 1579 1705 1618 *ge-

973 1629 1035 1649 nus
1052 1621 1273 1659 coercitionis,
1291 1626 1325 1651 et
1341 1631 1446 1661 poenae
1462 1621 1606 1659 levioris,
1622 1633 1702 1661 qua,

972 1673 1002 1693 v.
1019 1674 1047 1693 c.
1065 1663 1225 1694 Consules
1250 1665 1432 1695 utebantur
1454 1666 1488 1694 in
1512 1665 1703 1704 Senatores,

972 1708 1029 1744 qui
1044 1708 1122 1747 ipsis
1139 1717 1254 1746 parere
1271 1707 1410 1738 nollent.
1434 1708 1518 1738 Phil.
1536 1709 1556 1739 i.
1575 1713 1604 1740 5.
1628 1710 1703 1749 quis

971 1760 1120 1789 unquam
1147 1757 1243 1781 tanto
1266 1752 1384 1781 damno
1405 1757 1595 1782 senatorem
1627 1757 1702 1783 coe-

971 1794 1043 1832 git?
1070 1799 1128 1824 aut
1143 1795 1221 1832 quid
1237 1799 1287 1824 est
1303 1795 1389 1826 ultra
1406 1796 1526 1835 pignus
1542 1801 1601 1826 aut
1613 1796 1703 1827 mul-

969 1838 1064 1867 tam?
1106 1838 1169 1868 Off.
1196 1839 1242 1868 iii.
1274 1842 1303 1869 5.
1340 1840 1397 1878 qui
1427 1839 1700 1878 conjunctionem

971 1881 1094 1910 civium
1134 1882 1309 1919 dirimunt,
1341 1892 1396 1912 eos
1432 1887 1554 1919 morte,
1585 1884 1700 1922 exilio,

969 1925 1123 1962 vinculis,
1137 1926 1255 1955 damno
1270 1929 1436 1956 coercent.
1460 1926 1478 1943 '¹‘
1491 1936 1595 1964 genus
1612 1927 1701 1966 inju-

971 1969 1038 1998 riae.
1070 1968 1166 1999 Rosc.
1191 1970 1285 1999 Com.
1312 1973 1362 2000 ll.
1391 1970 1504 2000 domm*
1528 1969 1701 2008 judicium

970 2011 1029 2041 δίο.

1012 2054 1125 2086 Data».
1149 2055 1265 2095 Agrar.
1282 2056 1316 2086 ii.
1333 2058 1386 2088 2⁶2.
1411 2056 1524 2096 legum
1539 2057 1637 2087 datio.

1013 2099 1156 2130 Datum.
1173 2099 1238 2129 vid.
1256 2099 1315 2130 inf.
1334 2104 1408 2140 post
1424 2100 1478 2130 dO.

1012 2142 1077 2173 De.
1110 2143 1244 2173 Muren.
1260 2147 1312 2174 33.
1340 2144 1378 2174 de
1394 2149 1493 2173 noete
1509 2145 1630 2183 surgis,
1647 2148 1701 2176 est

969 2187 1083 2215 statim
1108 2196 1127 2216 a
1150 2186 1260 2216 media
1283 2192 1394 2224 nocte,
1411 2197 1437 2217 s.
1460 2187 1568 2217 multa
1589 2188 1699 2218 adhuc

966 2234 1076 2259 nocte.
1105 2230 1151 2259 sic
1169 2231 1207 2260 de
1222 2230 1288 2268 die,
1305 2235 1356 2260 est
1376 2231 1490 2261 statim
1516 2241 1536 2260 a
1558 2231 1698 2261 meridie

969 2274 1036 2302 sive
1052 2273 1161 2302 multa
1177 2273 1285 2303 adhuc
1304 2274 1370 2311 die,
1387 2280 1425 2304 ut
1445 2274 1480 2304 in
1503 2273 1572 2311 illo,
1589 2276 1701 2305 convi-

968 2316 1035 2346 vari
1053 2317 1092 2346 de
1107 2316 1171 2346 die.
1202 2317 1268 2347 vid.
1284 2317 1446 2347 Burman.
1462 2317 1504 2347 ad
1520 2318 1699 2349 Phaedrum

969 2360 1014 2389 iii.
1037 2363 1084 2390 lo.
1101 2361 1153 2391 20.
1182 2370 1385 2399 quamquam
1403 2362 1574 2392 interdum
1595 2363 1698 2393 etiam

968 2413 988 2432 a
1010 2413 1108 2433 mane
1133 2413 1202 2433 csse
1226 2404 1299 2434 vult
1322 2404 1460 2443 Salmas.
1483 2405 1524 2434 ad
1548 2405 1650 2435 Solin.
1674 2405 1701 2437 f.

969 2447 1043 2476 456.
1069 2449 1160 2476 Sext.
1176 2450 1228 2478 35.
1255 2448 1294 2477 de
1310 2448 1419 2478 multa
1434 2454 1533 2478 nocte
1549 2448 1700 2488 vigilare.

970 2489 1068 2519 Petit.
1100 2490 1199 2520 Cons.
1233 2493 1281 2521 122.
1317 2496 1355 2521 ut
1385 2493 1423 2521 de
1452 2497 1549 2522 nocte
1580 2492 1699 2523 domus

969 2533 1192 2573 compleatur,
1210 2534 1272 2563 int.
1291 2534 1479 2565 clientibus.
1510 2535 1529 2553 ⁷*
1541 2536 1580 2575 Ω.
1598 2536 1648 2566 Fr.
1666 2537 1702 2567 ii.

973 2580 999 2607 1.
1031 2577 1083 2606 fac
1100 2583 1139 2607 ut
1154 2577 1332 2616 diligenter
1352 2579 1623 2617 considerateque
1641 2589 1700 2609 na-

970 2621 1058 2659 viges
1083 2621 1121 2650 de
1146 2631 1261 2650 mense
1292 2622 1488 2652 Decembri:
1523 2623 1578 2652 alii
1603 2623 1702 2653 aliter

969 2664 1150 2703 explicant.
1182 2664 1295 2694 Vatin.
1323 2668 1371 2696 15.
1403 2665 1556 2705 intelligo
1583 2667 1621 2695 de
1643 2676 1702 2705 ge-

968 2712 1041 2736 stu:
1067 2708 1088 2737 i.
1106 2718 1134 2737 e.
1152 2717 1191 2737 ex
1209 2713 1316 2746 gestu.
1353 2709 1407 2738 Sic
1424 2709 1465 2739 ad
1481 2710 1556 2740 Div.
1572 2709 1629 2739 vii.
1646 2711 1699 2744 29.

969 2750 1051 2780 duos
1069 2752 1211 2790 parietes
1227 2752 1265 2782 de
1281 2751 1397 2782 eadem
1411 2753 1524 2782 fidelia
1535 2752 1701 2784 dealbare.

970 2794 1055 2824 Phil.
1081 2795 1113 2824 ii.
1140 2797 1193 2828 27.
1224 2805 1367 2834 persona
1394 2797 1432 2826 de
1459 2797 1575 2833 minio,
1600 2796 1700 2826 modo

969 2846 1084 2875 egens,
1109 2844 1246 2878 repente
1271 2838 1372 2869 dives.
1401 2839 1473 2869 *ab
1498 2840 1621 2869 Caecin.
1646 2840 1701 2873 36.

969 2890 1030 2911 nee
1058 2881 1170 2912 minus
1198 2888 1382 2921 vereretur,
1410 2892 1451 2914 ne
1484 2889 1702 2914 contemnere
