1985 3206
290 84 370 122 256

288 181 328 211 iis
346 182 401 218 sit,
413 190 447 211 se
462 180 545 211 velle
563 182 760 213 decumbere.
778 183 856 213 ibid.
874 183 1019 224 turpiter

287 226 485 261 decumbere,
511 225 551 255 cs.
587 226 668 255 Phil.
703 226 747 256 iii.
775 229 824 256 14.
854 227 872 245 ²*
890 228 929 257 de
953 239 1016 258 co.»-

289 273 402 298 nante.
428 269 519 299 Verr.
546 269 591 298 iii.
623 271 675 300 25.
707 280 782 299 cum
812 271 845 300 in
869 272 1015 301 triclinio

286 312 492 342 decubuisset.

330 356 487 386 Dee-uria.
511 354 626 385 tabula
642 365 666 385 s.
684 355 810 392 albuni,
827 357 859 385 in
877 367 942 395 quo
958 359 1013 387 Se-

286 404 440 428 natorum
474 400 610 427 nomina
640 400 775 439 scripta,
802 401 855 438 qui
885 401 1013 438 judicia

286 442 517 471 administrare
533 442 666 479 debent,
682 452 707 471 s.
721 442 832 472 classis
844 444 1010 482 judicum.

286 484 440 516 Decuriae
460 490 571 514 autem
590 496 627 514 ex
646 486 801 515 instituto
819 493 927 516 vetere
945 493 1011 517 tres

281 527 433 565 fuerunt,
450 532 497 558 tot
515 539 559 558 sc.
578 528 611 557 in
630 535 709 567 quot
724 536 831 568 parics
844 535 1011 560 senatores

277 571 469 610 judicantes
482 572 635 611 descripti
649 578 765 609 erant3
784 573 902 610 quibus
915 584 1011 612 quar-

283 621 353 644 tam
380 615 498 653 adjecit
527 618 708 653 Augustus,
734 617 870 645 Sueton.
905 627 932 646 c.
957 621 1009 647 33.

283 659 340 688 ubi
367 658 431 688 vid.
464 659 603 687 Casaub.
631 660 780 697 quintam
812 660 923 697 Caius,
952 670 1010 690 au-

283 707 375 731 ctore
405 702 520 732 eodem
549 702 685 732 sueton.
712 713 739 732 c.
773 704 820 733 16.
859 705 1007 740 sextam,

282 755 483 785 quamquam
509 752 655 784 rogatus,
671 752 785 776 tamen
810 746 929 775 addere
951 757 1008 776 no—

284 788 347 818 luit
371 790 485 819 Galba.
517 790 654 818 Sueton.
679 800 706 818 c.
735 793 782 820 14.
809 789 900 819 Verr.
918 791 938 819 i.
956 792 1007 820 61.

284 832 317 862 ii.
336 835 388 862 32.
418 833 552 862 Cluent.
577 836 628 866 37.
660 833 724 862 vid.
743 833 781 862 de
804 833 851 861 his
868 834 1007 863 devm-iis

284 876 367 906 Plin.
394 877 504 906 xxxiii.
527 879 551 906 1.
577 878 607 906 2.
632 876 713 906 *De
734 876 896 913 judicibus
914 878 1007 906 ‹lecu-

281 922 335 949 ria
358 921 457 949 etiam
483 926 545 956 est,
561 920 618 949 sed
640 919 703 948 alio
720 929 832 956 sensu,
850 919 941 949 verr.
960 921 1006 950 iii.

286 966 294 993 1
309 966 334 993 l.
360 963 438 1002 quid
456 963 590 992 tandem
608 963 752 1002 postulat
765 964 896 992 arator?
924 963 1005 993 nihil

283 1007 344 1036 nisi
371 1018 408 1036 ex
438 1007 546 1036 edicto
564 1007 729 1044 judicium
760 1007 793 1035 in
822 1006 1006 1046 octuplum.

280 1051 359 1089 quid
376 1050 540 1090 Apronius
554 1051 567 1079 ?
584 1060 649 1079 non
667 1053 805 1079 recusat.
831 1051 908 1089 quid
924 1060 1006 1089 pra·—

278 1095 359 1124 tor?
379 1094 477 1132 jubet
501 1099 748 1133 recuperatores
772 1094 917 1131 rejicere.
939 1094 1004 1124 De-

280 1140 390 1168 curias
401 1138 594 1167 scribamus.
610 1140 667 1175 (se.
684 1142 794 1166 arator
806 1137 898 1173 dicit]
914 1137 1004 1176 Quas

279 1182 429 1211 decurias
441 1182 457 1210 ?
497 1180 687 1220 (respondet
717 1179 847 1217 Verres)
881 1180 919 1209 de
951 1191 1004 1210 co—

278 1224 374 1255 horte
391 1234 465 1253 mea
477 1224 614 1261 rejicies.
640 1224 704 1254 Hic
717 1224 850 1253 decuria
863 1233 926 1253 non
941 1229 1003 1260 est,

278 1271 318 1298 ut
340 1269 466 1304 Romae,
484 1267 572 1305 quod
585 1267 758 1297 videbatur
775 1267 1002 1304 Hotomanno,

280 1321 439 1341 numerus
472 1312 592 1340 civium
631 1311 727 1340 Rom.
766 1311 804 1340 de
837 1316 1002 1340 conventu

278 1354 485 1394 provinciali,
502 1364 641 1393 quorum
662 1360 725 1390 est,
741 1363 854 1383 causas
874 1354 1003 1391 judica-

278 1408 326 1435 re,
351 1398 407 1427 sed
430 1397 597 1427 indiculus
617 1397 771 1435 judicum
797 1397 1001 1427 delectorum

278 1442 319 1471 ad
345 1452 478 1471 causam
506 1441 650 1479 aliquam
680 1441 941 1478 cognoscendam
969 1444 1003 1470 et

269 1485 500 1524 judicandam.
546 1484 667 1514 Arator
689 1494 754 1513 non
781 1483 939 1523 postulat,
964 1490 1002 1514 ut

276 1529 338 1558 sibi
363 1529 457 1568 copia
482 1529 539 1557 fiat
557 1528 698 1557 decuriae
710 1527 874 1566 judicum,
892 1528 948 1557 sed
962 1528 1003 1558 ht

276 1573 408 1602 decuria
429 1571 578 1611 judicum
596 1571 760 1601 scribatur
775 1576 809 1600 et
826 1571 1002 1610 deligatur.

276 1616 295 1634 ¹*
313 1615 351 1645 In
390 1616 538 1645 decurias
567 1615 669 1644 etiam
700 1615 897 1644 distributus
931 1620 1002 1644 erat

275 1659 355 1689 ordo
385 1659 581 1693 scribarum,
609 1657 876 1696 reliquorumque
904 1659 1003 1687 mini-

275 1709 435 1740 strorum,
449 1703 504 1740 qui
518 1702 766 1741 magistratibus
780 1702 981 1741 apparebant
994 1713 1000 1730 τ

276 1746 365 1776 unde
388 1746 518 1775 Verrin.
544 1746 589 1775 iii.
606 1749 657 1779 79.
683 1745 722 1774 ad
739 1755 792 1775 eos
810 1755 862 1774 me
879 1746 1002 1775 scribas

273 1800 367 1826 voca,
385 1791 411 1819 si
434 1789 561 1829 placet:
588 1788 655 1818 noli
679 1789 736 1818 hos
761 1788 927 1827 colligere,
946 1789 1001 1827 qui

273 1834 483 1863 ——deew-iam
501 1837 667 1862 emerunt.
685 1842 713 1862 v.
727 1833 877 1872 inprimis
893 1832 1000 1862 Vales.

276 1877 317 1906 ad
343 1877 510 1906 Ammian.
539 1876 647 1906 xxviii.
675 1877 705 1905 6.
740 1881 773 1905 et
800 1875 893 1911 alios,
921 1885 1001 1913 quos

274 1920 414 1951 laudant
439 1920 499 1949 viri
517 1919 604 1949 docti
622 1919 662 1948 ad
677 1919 814 1949 Sueton.
834 1919 952 1948 Claud.
973 1923 999 1949 1.

318 1963 514 1999 Decuriore,
539 1964 573 1992 in
601 1963 750 1992 decurias
781 1963 1000 1996 conscribere,

274 2008 363 2046 quod
377 2008 556 2043 faciebant,
574 2006 643 2045 qui,
656 2006 806 2035 tribuum
825 2006 1000 2044 largitione

274 2051 590 2090 corrumpendarum
606 2060 716 2086 causa,
731 2050 889 2079 coitiones
903 2049 1001 2078 facie—

273 2095 369 2131 bant,
386 2094 474 2123 unde
498 2094 537 2123 de
553 2093 713 2123 sodalitiis
730 2094 787 2122 rei.
822 2093 931 2122 Plane.
953 2096 1001 2123 18.

273 2138 354 2167 doce
370 2138 550 2167 decuriasse
566 2137 751 2173 Plancium,
769 2137 1000 2176 conscripsisse

271 2181 445 2221 populum.
478 2180 555 2210 ibid.
586 2183 632 2214 19.
663 2184 700 2209 tu
723 2180 803 2209 doce
828 2179 999 2209 Plancium

272 2232 478 2263 sequestrem
502 2224 616 2261 fuisse,
639 2223 796 2262 largitum
822 2233 904 2259 esse,
924 2233 1002 2252 con-

271 2269 452 2308 scripsisse,
483 2267 622 2297 tribules
657 2268 880 2296 decuriarisse.
920 2267 1000 2296 Erat

271 2315 384 2341 autem
410 2311 562 2341 Plancius
586 2320 660 2341 reus
686 2310 725 2339 de
749 2310 919 2340 sodalitiis.
948 2312 1001 2340 Sic

272 2354 408 2385 Clodius
421 2355 591 2385 seditionis
605 2363 705 2384 causa
716 2354 838 2383 dicitur
850 2353 1000 2384 homines

272 2398 312 2428 de
325 2398 438 2438 populi
449 2398 519 2427 fece
532 2398 717 2428 decuriasse.
743 2399 831 2427 Sext.
848 2400 896 2427 15.
921 2408 999 2427 curn

269 2442 406 2471 vicatim
424 2442 575 2471 homines
591 2441 891 2477 conscriberentur,
906 2441 1000 2470 decu-

268 2487 450 2516 rim-emma
474 2484 556 2515 Phil.
581 2485 636 2515 vii.
661 2486 691 2515 6.
716 2494 782 2514 non
805 2493 918 2513 rursus
938 2485 1000 2513 im-

269 2530 387 2569 probos
414 2529 620 2558 daem-iabit?
656 2538 721 2557 non
748 2527 940 2557 sollicitabit
966 2538 1000 2557 a-

268 2573 369 2612 gros?
395 2572 496 2602 Plane
519 2573 566 2602 sic
590 2572 694 2602 etiam
716 2576 768 2601 est
786 2571 998 2610 centuriare3

268 2616 309 2646 de
325 2626 389 2655 quo
405 2626 516 2655 supra.

312 2659 516 2690 Decuriatio.
540 2658 653 2688 Plane.
673 2661 722 2689 18.
747 2658 924 2688 decuriatio
939 2658 1000 2688 tri-

266 2703 408 2733 bulium.
424 2713 454 2732 ν.
471 2703 651 2733 decuriare.

312 2746 466 2783 Decumb,
484 2747 626 2775 Senator
640 2743 850 2784 municipalis
868 2748 927 2772 aut
944 2753 998 2773 co-

267 2789 407 2819 lonicus.
439 2790 536 2820 Rose.
552 2789 626 2819 Am.
644 2793 676 2823 9.
702 2791 754 2822 39.
785 2788 875 2817 Sext.
892 2788 924 2817 4.
956 2786 998 2816 ad

267 2833 342 2864 Div.
360 2834 404 2863 vi.
425 2836 474 2864 18.
491 2833 550 2863 διο.

308 2874 506 2908 Deam-rere.
532 2875 656 2907 Caecin.
675 2876 727 2906 23.
751 2873 793 2905 ad
809 2874 908 2904 istam
920 2872 996 2905 hor-

810 96 955 125 INDEX
986 97 1119 125 LATIN
1127 97 1281 126 1'1‘AT1s.

1060 186 1221 215 tationem
1252 185 1441 216 decurrunt.
1469 185 1490 217 i.
1516 196 1544 218 e.
1571 188 1783 228 confugiunt,

1059 230 1198 258 veniunt
1227 229 1375 259 tando-m.
1412 230 1530 269 Quint.
1560 235 1607 262 15.
1647 232 1687 261 ad
1713 232 1784 263 haee

1059 279 1209 301 extrema
1231 278 1263 300 et
1290 272 1517 303 inimicissima
1533 275 1612 311 jura
1634 281 1704 304 tam
1725 286 1783 305 cu-

1058 315 1132 354 pide
1157 316 1357 345 decurrebat.
1386 316 1497 346 Ducta
1522 318 1603 347 ratio
1620 319 1658 347 de
1676 319 1782 349 stadio

1056 363 1089 387 et
1108 359 1204 387 circo.
1229 359 1281 387 Sic
1299 364 1347 388 est
1362 358 1460 389 Tusc.
1481 361 1500 390 i.
1519 363 1548 391 8.
1575 361 1671 391 Nunc
1688 362 1782 392 video

1056 401 1206 439 calcem3
1239 402 1279 430 atl
1309 412 1406 441 quem
1436 413 1510 432 cum
1539 405 1581 433 sit
1609 405 1780 435 deam-sum

1056 446 1114 473 dcc.
1134 445 1210 473 hinc
1226 445 1326 474 etiam
1345 446 1383 475 azl
1401 447 1661 484 navigationem,
1678 453 1716 478 ut
1732 449 1781 487 ip-

1055 497 1127 516 sum
1154 497 1267 517 cursus
1289 490 1436 524 verbum,
1457 492 1499 526 (v.
1517 491 1549 519 in
1567 496 1694 525 cursus}
1715 497 1781 521 tra—

1055 531 1197 560 ducitur.
1228 531 1268 560 ad
1292 532 1365 561 niv.
1384 533 1445 562 xvi.
1464 536 1494 562 4.
1526 543 1601 562 cum
1623 534 1781 564 Mescinio

1055 580 1215 612 qna=st0re
1229 578 1261 604 te
1275 575 1450 605 bellissime
1463 576 1675 606 dea-arsurum
1689 584 1780 617 puto.

1098 617 1263 647 Decmzsio.
1293 619 1333 648 ad
1368 619 1440 648 niv.
1472 620 1513 648 xi.
1545 622 1591 649 10.
1622 620 1780 651 decursio·

1052 662 1144 691 nibus
1156 667 1282 691 vastare
1295 662 1373 691 loca.
1390 669 1466 691 sunt
1480 663 1696 699 incursiones,
1707 674 1779 702 quae

1052 704 1091 733 de
1109 704 1276 734 montibus
1292 706 1387 735 siunt.
1403 706 1490 735 Male
1504 706 1620 744 aliquis
1636 708 1779 746 corrige-

1052 748 1109 776 bat
1139 749 1407 778 excursionibus:
1440 759 1512 787 quae
1545 754 1624 779 sunt
1655 750 1777 781 Graecis

1051 788 1245 832 καταδρομαὶ,
1271 788 1379 829 ῗφοδοιῑ
1412 796 1445 821 at
1473 793 1672 822 decursiones
1699 799 1778 824 sunt

1051 835 1104 872 qui
1135 841 1214 863 nunt
1243 835 1270 871 ἔξ
1293 834 1544 873 immunditiae-01.
1581 836 1645 865 vid.
1668 836 1776 867 Thuc.

1052 878 1073 906 i.
1096 880 1167 907 14⁶2.
1192 883 1225 906 et
1242 879 1283 906 ibi
1302 877 1409 907 Selloe.

1095 920 1274 956 Decursus,
1288 930 1318 957 a,
1333 921 1529 960 uni,(‚2uint.
1542 924 1593 951 31.
1610 926 1689 951 aetas
1702 927 1778 953 acta

1050 969 1083 992 et
1100 964 1246 993 decursa.
1280 965 1361 993 Catu
1378 967 1428 995 23.
1459 965 1589 994 decurso
1605 966 1722 1004 spatio.
1736 967 1776 996 ad

1050 1007 1124 1036 Div.
1142 1007 1207 1035 viii.
1230 1010 1276 1037 13.
1307 1007 1376 1036 haec
1401 1012 1501 1037 aetate
1524 1015 1603 1037 sunt
1620 1009 1773 1039 decursa:

1050 1050 1089 1079 (le
1105 1051 1204 1087 vitiis,
1219 1060 1291 1089 quae
1308 1060 1364 1089 per
1377 1051 1484 1080 aetatis
1497 1051 1598 1090 ipsius
1613 1053 1775 1082 rationem

1049 1093 1167 1132 deponi
1197 1094 1316 1123 solent.
1347 1094 1405 1123 Or.
1435 1095 1455 1123 i.
1479 1097 1530 1124 32.
1560 1095 1694 1125 decursa
1718 1096 1774 1126 abs

1047 1142 1081 1166 te
1099 1137 1138 1165 de
1155 1142 1244 1166 arte:
1271 1137 1291 1165 i.
1311 1137 1475 1176 explicata
1494 1138 1646 1168 breviter.

1093 1180 1273 1217 Dec-ursus,
1294 1181 1342 1210 Os.
1368 1184 1424 1210 Or.
1449 1181 1469 1210 i.
1492 1184 1517 1211 l.
1543 1182 1695 1211 decursus
1717 1182 1775 1212 ho-

1048 1233 1166 1252 norum
1205 1229 1268 1260 est,
1300 1233 1376 1253 cum
1413 1225 1564 1254 omnibus
1596 1225 1775 1256 honoribus

1047 1266 1213 1305 perfuncti
1238 1276 1363 1296 sumus.
1381 1267 1421 1297 ad
1447 1268 1523 1298 Div.
1540 1268 1584 1298 iii.
1601 1271 1631 1299 ⁴2.
1662 1269 1775 1299 decar-

1045 1320 1109 1339 sus.

1090 1353 1230 1389 Dedere,
1253 1353 1293 1383 de
1320 1364 1385 1383 reo.
1415 1354 1511 1384 Rosc.
1538 1354 1612 1385 Am.
1640 1358 1670 1385 3.
1702 1355 1774 1385 libi-

1047 1396 1116 1425 dini
1141 1396 1276 1426 alterius
1301 1398 1414 1427 dedere
1437 1398 1593 1436 aliquem,
1609 1404 1672 1434 cst,
1696 1408 1774 1428 eon-

1046 1440 1216 1476 demnare,
1246 1441 1323 1478 quia
1351 1441 1444 1470 alteri
1471 1442 1590 1481 placet.
1627 1441 1703 1471 ibid.
1720 1443 1771 1472 22.

1047 1493 1146 1521 quem
1163 1484 1234 1513 (ledi
1250 1484 1398 1523 putabas.
1414 1484 1455 1514 cf.
1479 1485 1595 1523 Quint.
1616 1487 1663 1516 18.
1686 1490 1771 1515 extr.

1046 1527 1161 1556 eodem
1179 1527 1288 1564 niodo,
1302 1537 1366 1565 quo
1379 1528 1563 1558 condonare
1575 1533 1608 1557 et
1621 1528 1772 1558 addicere

1047 1570 1178 1599 (licitur.
1203 1571 1241 1599 de
1265 1571 1383 1609 quibus
1407 1581 1516 1611 supra.
1546 1571 1564 1590 *ἓ
1582 1571 1693 1602 Plane.
1718 1575 1772 1603 30.

1045 1614 1077 1643 in
1097 1624 1162 1652 qua
1177 1614 1326 1643 oratione
1344 1624 1404 1653 ego
1421 1625 1473 1644 me
1491 1616 1519 1645 ei
1535 1615 1698 1651 dedebam,
1717 1615 1771 1646 cui

1047 1657 1094 1686 nil
1119 1667 1318 1696 magnopere
1342 1657 1518 1696 deberem3
1551 1659 1583 1688 h.
1608 1668 1639 1689 e.
1663 1659 1692 1687 ei
1718 1669 1770 1688 me

1046 1701 1242 1730 obstrictum
1267 1701 1461 1739 profitebar,
1485 1703 1620 1741 ejusque
1644 1711 1696 1731 me
1720 1706 1772 1732 to-

1045 1748 1119 1773 tuin
1144 1744 1212 1773 fore
1237 1744 1424 1784 pollicebar.
1449 1755 1477 1775 v.
1502 1745 1608 1775 Graev.
1632 1745 1673 1775 ad
1696 1745 1728 1775 h.
1748 1745 1771 1776 l.

1045 1787 1154 1817 *ibim
1179 1791 1230 1820 37.
1257 1788 1313 1826 qui
1337 1789 1439 1818 vitam
1465 1799 1523 1828 pro
1540 1787 1667 1828 republ.
1683 1789 1771 1819 dedi-

1045 1831 1172 1860 derunt.
1189 1831 1252 1860 Sed
1264 1831 1369 1861 Graev.
1385 1832 1474 1861 dedit
1490 1832 1676 1862 ediderunt.
1694 1831 1771 1862 *di-

1045 1875 1133 1904 citur
1150 1874 1251 1903 etiam
1270 1880 1308 1904 ut
1319 1875 1395 1904 dare
1409 1885 1442 1904 se
1455 1875 1566 1911 alicui,
1579 1885 1637 1915 pro
1648 1875 1770 1913 facere,

1043 1928 1116 1956 quae
1133 1923 1228 1956 grata
1242 1917 1310 1947 fore
1327 1919 1403 1956 scis,
1417 1928 1560 1948 caresser
1574 1918 1770 1957 quelqu'un.

1046 1961 1143 1990 Petit.
1170 1962 1267 1991 Cons.
1283 1966 1313 1995 9.
1337 1962 1534 1992 salutatores
1551 1971 1627 1991 cum
1644 1963 1770 1992 obeunt

1044 2005 1153 2044 plures
1184 2005 1430 2043 competitores,
1457 2011 1491 2035 et
1520 2005 1633 2035 vident
1664 2015 1768 2035 unum

1044 2059 1113 2078 esse
1141 2048 1298 2087 aliquem,
1323 2049 1377 2086 qui
1401 2049 1472 2078 haec
1495 2049 1602 2078 officia
1625 2049 1769 2078 maxime

1045 2092 1301 2129 animadvertat,
1328 2092 1359 2122 ei
1389 2101 1422 2122 se
1453 2093 1585 2129 dedunt,
1613 2091 1772 2123 deserunt

1046 2139 1182 2165 ceteros.

1089 2178 1262 2215 Dedicare,
1276 2179 1405 2219 proprie
1418 2179 1504 2209 idem
1518 2183 1580 2216 est,
1593 2178 1679 2218 quod
1692 2188 1771 2209 con-

1044 2231 1189 2251 secrare:
1216 2222 1254 2252 de
1272 2232 1336 2261 quo
1351 2223 1414 2252 vid.
1432 2232 1531 2262 supra
1549 2223 1582 2252 in
1601 2223 1769 2253 Com-ecra-

1044 2267 1096 2295 tio.
1136 2265 1225 2295 Hinc
1249 2266 1419 2305 eleganter
1441 2266 1521 2304 Leg.
1547 2266 1567 2295 i.
1593 2268 1644 2297 22.
1676 2266 1768 2305 inge-

1045 2310 1138 2338 nium
1156 2310 1190 2338 in
1207 2319 1241 2339 se
1256 2318 1368 2346 suum,
1380 2310 1467 2339 sicut
1482 2309 1698 2339 simulacrum
1715 2310 1769 2339 ‹Ie-

1042 2353 1188 2382 dicatum
1211 2353 1352 2392 putabit.
1387 2353 1405 2371 ²*
1421 2352 1558 2382 deferre.
1584 2353 1690 2382 Flacc.
1714 2355 1767 2384 32.

1043 2396 1190 2426 dedicare
1205 2397 1238 2426 in
1256 2406 1369 2426 censu.
1392 2396 1492 2426 Docti
1510 2397 1569 2425 viri
1587 2395 1769 2426 laudarunt

1043 2439 1127 2469 Gell.
1161 2440 1214 2469 vii.
1243 2443 1291 2469 11.
1325 2440 1380 2469 ubi
1406 2440 1468 2469 vid.
1492 2439 1709 2475 Gronovium,
1733 2444 1771 2469 et.

1044 2482 1188 2512 eundem
1204 2485 1341 2513 Sestert.
1357 2483 1399 2513 ἰν.
1417 2485 1443 2513 1.
1467 2482 1556 2522 Lips.
1574 2482 1649 2513 Var.
1676 2483 1769 2514 Leet.

1042 2526 1089 2555 iii.
1118 2529 1166 2556 ll.
1197 2532 1231 2556 et
1255 2526 1355 2556 Gron.
1379 2526 1400 2556 l.
1426 2536 1453 2556 e.
1477 2526 1630 2556 volebant
1655 2527 1768 2556 ineen-

1042 2579 1134 2599 sum:
1164 2570 1251 2609 quod
1275 2570 1393 2609 probat
1416 2570 1567 2600 Mazoch.
1593 2570 1768 2609 Amphith.

1043 2612 1159 2652 Calnp.
1184 2624 1214 2652 p.
1240 2616 1291 2644 84.
1316 2613 1370 2651 qui
1395 2613 1531 2643 verbum
1553 2614 1702 2643 dedicare
1717 2613 1770 2643 in-

1041 2660 1249 2695 terpretatur
1258 2657 1413 2686 inchoare
1426 2668 1432 2686 ε
1450 2656 1539 2695 quod
1547 2661 1620 2686 tum
1631 2656 1768 2687 demum

1042 2699 1202 2729 inchoent
1236 2700 1382 2739 Quirites
1412 2699 1592 2740 possidere,
1624 2710 1701 2729 cum
1732 2701 1768 2730 in

1041 2752 1176 2773 censum
1199 2742 1403 2773 detulerint:
1422 2743 1519 2773 male.
1542 2743 1684 2773 videtur
1699 2752 1768 2773 esse

1039 2787 1173 2826 propria
1187 2787 1276 2817 verbi
1294 2787 1393 2826 hujus
1408 2787 1609 2825 significatio
1622 2787 1769 2825 antiquis

1040 2829 1177 2867 usitata,
1194 2835 1231 2860 ut
1248 2831 1292 2860 sit
1309 2830 1400 2867 dare,
1417 2830 1611 2860 attribuere.
1628 2830 1716 2860 Nam
1733 2833 1769 2859 et

1040 2883 1114 2912 quae
1137 2874 1199 2904 diis
1221 2874 1428 2913 dedicantur,
1444 2883 1485 2904 ea
1506 2874 1545 2904 iis
1568 2873 1704 2911 dantur,
1720 2876 1769 2904 at-
