1985 3206
719 127 865 158 INDEX
897 126 1194 156 LATINITATIS.

241 218 464 251 ammoratio.
490 218 571 259 quid
595 218 630 249 i‘n
653 218 850 250 rhetoricis?
881 217 921 248 ad

199 260 282 294 Her.
297 263 340 293 iv.
357 266 410 294 45.

247 306 533 343 Cornmotizmcula,
550 305 629 336 levis
653 306 800 346 impetus
823 305 922 335 febri-

196 348 250 387 lis,
274 349 380 389 qualis
403 359 473 380 esse
495 348 581 379 solet
597 351 669 388 jam
692 349 864 380 debilitata
886 353 921 378 et

197 391 305 423 fracta
332 393 431 423 febris
460 393 503 423 vi.
535 392 607 422 Att.
632 393 688 423 xii.
718 396 767 423 ll.
798 393 920 423 Atticae

195 437 475 467 commoliunt-ulis
487 435 672 476 συμπάσχω.

247 479 456 510 (hmmovere.
473 489 532 519 pro
548 489 690 510 movere.
712 480 805 509 Verr.
823 488 854 508 v.
867 481 920 512 37.

194 530 390 553 eommovere
416 528 525 553 castra
546 532 586 552 ex
609 523 680 553 loco
703 523 824 562 aliquo.
854 522 919 562 Qu.

198 565 248 596 Fr.
277 567 311 596 ii.
339 567 369 596 6.
403 565 579 607 perleviter
606 568 803 596 commoveri.
831 565 862 595 h.
889 575 919 594 e.

197 613 368 648 aegrotare.
402 609 476 640 *de
506 609 720 649 philosophis,
750 610 804 648 qui
837 619 921 638 nova

195 655 494 683 comminiscuntur.
532 653 634 683 Acad.
669 654 710 683 iv.
743 654 774 682 (J.
812 652 919 689 Philo,

196 695 277 726 dum
301 706 386 727 nova
408 695 558 736 quaedam
579 701 762 733 commovet,
779 697 867 735 quod
882 705 921 725 ea

195 740 358 770 sustinere
374 741 426 769 vix
445 744 589 780 poterat,
607 750 680 779 quae
705 747 822 770 contra
836 739 920 772 Aca-

194 782 400 813 demicorum
422 784 641 823 pertinaciam
665 783 864 813 dicebantur
886 788 920 812 et

194 831 308 867 aperte
326 827 488 857 mentitur
505 828 563 856 &e.
588 827 607 844 ’Κ
619 827 803 867 Suscipere,
824 826 919 856 moli-

194 870 234 901 ri.
273 871 344 900 Att.
374 871 439 900 xvi.
471 873 520 901 15.
553 870 636 908 haec,
663 881 736 910 quae
764 875 919 900 commota

196 918 287 951 suut,
302 924 459 953 quorsum
471 914 629 944 evadant:
649 914 736 944 unde
748 923 919 944 commove-

192 967 231 987 re
251 967 286 987 se
309 958 477 995 dicuntur,
494 958 550 996 qui
573 957 699 996 aliquid
721 958 917 988 moliuntur.

195 1000 295 1031 Catil.
309 1002 330 1031 i.
343 1003 373 1031 2.
390 1010 430 1030 ne
446 1011 636 1031 commovere
652 1006 685 1031 te
700 1006 816 1031 contra
832 1011 918 1031 rem-

195 1044 364 1084 publicam
388 1045 500 1084 possis.
525 1045 544 1062 ’⁴‘
561 1044 753 1075 Commorcri
775 1055 851 1075 cum
877 1045 917 1075 de

195 1087 308 1118 animo
334 1088 468 1125 dieitur,
490 1089 596 1118 tribus
619 1089 724 1118 modis
747 1090 916 1127 sumitur;

194 1131 315 1171 primo,
332 1142 408 1161 cum
433 1131 574 1162 refertur
592 1132 633 1161 ad
649 1133 835 1171 ingenium,
853 1137 916 1170 est,

193 1175 376 1205 rationibus
404 1175 601 1214 quibusdam
631 1185 670 1205 eo
700 1176 850 1215 perduci,
877 1181 916 1206 ut

192 1217 319 1257 aliquid
333 1228 447 1248 verum
463 1218 625 1249 falsumve
639 1223 805 1259 putemus.
825 1219 917 1250 dein-

191 1260 246 1299 de,
259 1271 335 1292 cum
347 1261 388 1291 de
399 1262 702 1302 perturbationibus
714 1263 830 1300 animi,
843 1273 916 1301 quae

193 1309 229 1334 et
247 1307 462 1336 commotiones
476 1306 577 1336 animi
595 1306 817 1346 appellantur,
835 1307 915 1336 dici-

192 1352 264 1386 tur,
292 1349 488 1388 plerumque
516 1354 643 1379 certum
674 1350 806 1388 aliquod
834 1360 916 1380 com-

192 1393 335 1422 motionis
346 1402 450 1432 genus
462 1393 607 1423 indicat:
628 1398 680 1431 ut,
693 1398 800 1423 morte
813 1393 915 1424 alicu-

187 1435 244 1474 jus
266 1438 465 1474 commoveri,
482 1447 541 1476 pro
556 1438 687 1474 terreri,
704 1446 763 1466 aut
778 1438 917 1468 tristitia

191 1480 289 1509 affici.
315 1479 366 1509 Ad
386 1479 596 1510 voluntatem
620 1481 760 1520 denique
784 1481 839 1510 ubi
865 1492 914 1511 re-

191 1522 310 1559 fertur,
325 1524 506 1563 significat,
522 1524 619 1554 certis
642 1524 681 1554 de
697 1525 804 1554 causis
821 1525 914 1555 nobis

191 1566 317 1605 aliquid
329 1577 398 1597 esse
410 1568 639 1597 constitutum.
657 1568 818 1607 Exempla
834 1579 915 1608 pau-

192 1619 231 1639 ca
245 1610 426 1648 adjecimus
442 1623 448 1640 z
472 1611 572 1641 Arch.
589 1614 619 1642 5.
647 1611 753 1641 Unius
770 1613 913 1643 nominis

190 1653 294 1683 litura
315 1663 349 1684 se
372 1659 562 1685 commotum
585 1654 725 1684 dixerit:
751 1655 771 1685 i.
795 1666 824 1686 e.
841 1666 914 1695 pro-

188 1701 265 1736 pter
286 1707 389 1727 unam
412 1697 546 1728 lituram
570 1698 630 1728 sibi
653 1698 783 1729 tabulas
800 1709 913 1739 suspe-

189 1744 260 1770 ctas
277 1750 358 1770 esse.
373 1740 504 1771 Muren.
524 1745 572 1775 19.
595 1743 811 1772 commovebar
827 1743 912 1773 ludis

189 1784 347 1815 Antonii:
372 1785 529 1815 timorem
553 1785 747 1822 afferebant,
764 1796 805 1815 ne
830 1787 910 1817 mihi

189 1833 348 1858 nocerent
358 1828 574 1868 inpetitione.
591 1829 673 1859 '‘Or.
687 1830 720 1859 ii.
734 1834 763 1861 5.
781 1830 911 1860 (ἦτρον.-

189 1881 263 1902 rum
284 1871 549 1912 disputationum
566 1873 760 1902 memoriam
777 1883 911 1903 commo-

189 1919 281 1945 verat
293 1926 303 1943 .·
318 1915 350 1944 h.
363 1926 392 1945 e.
405 1915 618 1953 instaurarat,
631 1921 811 1946 revocarat.
826 1918 843 1935 ‘f
853 1918 911 1948 Or.

187 1959 210 1988 i.
237 1960 288 1989 525.
323 1959 498 1998 ingenium
523 1964 595 1990 arte
618 1970 821 1997 commovere,
850 1972 909 2001 pro

187 2011 322 2041 augere,
353 2012 482 2033 acuere.
521 2003 715 2041 *evertere,
747 2004 909 2043 refellere,

186 2045 372 2076 confutare.
418 2047 475 2076 Or.
506 2047 540 2077 ii.
572 2050 623 2078 51.
660 2047 693 2076 Si
725 2048 909 2078 convellere

187 2088 378 2119 adoriamur
395 2099 446 2128 ea,
463 2100 536 2129 quae
552 2093 738 2121 commoveri
755 2101 820 2121 non
836 2102 909 2132 pos·

185 2135 277 2163 sunt.

237 2175 447 2206 szmmzz'co.
478 2176 519 2206 ad
545 2176 622 2207 Div.
649 2178 670 2207 i.
695 2182 725 2212 7.
756 2177 834 2208 Non
857 2188 909 2209 so-

187 2217 258 2249 lum
282 2229 302 2249 a
324 2229 377 2249 me
405 2227 614 2260 provocatus,
637 2221 694 2251 sed
723 2222 825 2252 etiam
848 2232 909 2252 sua

185 2266 304 2302 sponte
316 2263 356 2293 de
366 2267 400 2293 te
416 2266 652 2295 communicare
667 2265 768 2295 solet:
794 2265 836 2295 ad
853 2275 906 2295 me

185 2304 320 2343 referre,
337 2306 528 2338 deliberare.
552 2308 652 2338 Acad.
676 2309 718 2339 iv.
738 2312 765 2338 1.
792 2309 905 2348 itaque

184 2350 318 2389 privabo
338 2350 433 2380 illum
449 2352 559 2391 potius
575 2351 685 2382 debito
700 2353 906 2390 testimonio,

182 2403 284 2431 qua-m
308 2393 341 2424 id
364 2404 440 2424 cum
461 2403 537 2425 mea
550 2395 648 2426 laude
662 2398 904 2426 communicem.

183 2437 240 2467 Or.
258 2438 279 2468 i.
296 2440 345 2468 15.
369 2440 606 2469 communicare
621 2449 698 2469 cum
711 2440 834 2479 aliquo,
847 2450 906 2479 pro

182 2480 356 2511 consulere
379 2482 536 2520 aliquem.
559 2483 656 2513 Rose.
679 2483 752 2513 Am.
776 2486 829 2514 40.
852 2486 905 2517 49.

184 2533 234 2553 res
249 2529 284 2554 et
300 2525 384 2555 ratio
401 2535 476 2555 cum
493 2526 603 2565 aliquo
615 2528 846 2557 communicari
857 2527 905 2556 ‹li-

182 2568 282 2605 citur,
305 2578 404 2607 quem
431 2570 557 2600 socium
583 2571 617 2600 in
640 2571 823 2600 commodis
847 2575 905 2600 aut

183 2611 325 2650 negotiis
348 2613 523 2644 sumimus.
546 2613 588 2644 ad
611 2614 686 2644 Div.
710 2625 762 2644 xv.
779 2616 830 2644 21.
855 2614 906 2644 in-

183 2654 338 2686 imicitias
362 2666 494 2686 mecum
517 2659 772 2687 communicasti.
797 2658 817 2687 i.
843 2657 905 2688 ini-

182 2698 285 2728 micos
301 2709 391 2729 meos
407 2710 466 2740 pro
481 2701 549 2731 tuis
566 2700 725 2731 habuisti.

229 2741 424 2781 Communis,
449 2744 604 2783 vulgaris.
621 2744 729 2783 quoad
745 2754 818 2784 quae
834 2755 904 2775 om-

179 2785 277 2816 nibus
301 2789 487 2818 communia
509 2792 601 2826 sunt,
619 2788 768 2827 vulgaria
782 2788 905 2818 baben-

178 2833 248 2866 tur,
263 2833 298 2860 et
321 2830 402 2861 adeo
425 2835 700 2861 contemnuntur.
729 2832 770 2862 ad
794 2832 867 2862 Div.
883 2832 904 2862 i.

178 2876 210 2906 9.
241 2873 421 2905 abhorrent
437 2884 456 2904 a
475 2875 650 2915 praeceptis
673 2876 904 2906 communibus.

179 2916 256 2947 ibid.
280 2918 335 2948 vii.
363 2921 390 2949 l.
421 2927 604 2950 communes
633 2919 753 2950 mimos
777 2923 905 2960 specta-

1619 112 1701 151 229

968 220 1044 247 rent
1073 216 1278 247 semisomni.
1315 215 1334 234 ’κ
1345 215 1402 246 Or.
1435 216 1488 245 33.
1526 222 1694 244 commune

960 260 1142 299 judicium,
1158 260 1197 290 de
1215 259 1343 299 judicio
1366 257 1491 299 populi.
1514 257 1614 287 Dom.
1643 259 1691 286 18.

966 305 1149 334 communia
1171 308 1336 343 tempora,
1352 312 1426 341 quae
1446 300 1487 331 ad
1501 300 1689 331 universam

967 347 1207 387 rempublicam
1233 346 1413 387 pertinent.
1435 344 1529 375 Ball).
1547 347 1576 374 5.
1607 352 1689 373 com-

966 390 1227 430 munis'imperii
1250 390 1346 426 fines,
1362 390 1382 419 i.
1407 399 1435 419 e.
1457 387 1574 424 nostri,
1592 387 1687 417 Rom.

967 434 1057 464 Sext.
1092 437 1117 463 l.
1156 434 1333 464 eommunis
1363 432 1507 462 libertas.
1544 430 1624 460 ibid.
1656 430 1688 460 6.

966 487 1166 508 communem
1182 477 1326 507 salutem
1342 476 1488 506 reficere.
1506 474 1619 504 Plane.
1639 476 1689 504 14.

966 522 1142 551 communis
1156 520 1210 551 ille
1222 529 1338 550 sensus
1355 520 1390 549 iu
1402 519 1473 549 aliis
1487 518 1623 548 fortasse
1641 517 1688 548 la-

965 565 1043 594 tuit.
1069 564 1102 594 h.
1128 574 1156 594 e.
1184 564 1239 594 alii
1269 563 1406 593 fortasse
1435 561 1690 592 dissimularunt

965 607 1126 645 dolorem,
1143 608 1198 647 qui
1223 607 1265 637 ad
1283 616 1397 636 omnes
1411 605 1611 646 pertinebat.
1629 604 1686 634 Or.

966 651 1012 681 iii.
1030 653 1082 685 29.
1113 651 1192 690 quid
1216 651 1250 680 in
1275 653 1437 681 communi
1457 652 1568 679 mente
1592 648 1686 687 quasi

966 695 1163 734 impressum
1177 695 1232 732 sit,
1245 698 1295 724 est
1311 694 1402 724 notio
1418 692 1568 729 confusa,
1584 701 1686 730 quam

965 748 1081 768 omnes
1097 738 1235 775 habent,
1246 741 1280 767 et
1292 747 1391 777 quam
1407 735 1528 766 evolvit
1543 734 1688 776 philoso-

967 781 1062 821 phus.
1087 782 1150 811 Pis.
1174 784 1227 812 40.
1254 782 1432 811 communis
1453 779 1628 810 salutatio:
1653 777 1687 808 h.

965 835 994 855 e.
1012 826 1122 864 quain
1134 834 1248 855 omnes
1265 825 1406 862 utimur,
1423 824 1524 854 etiam
1542 823 1686 862 ignotOS.

964 870 1021 899 Or.
1054 869 1087 899 st.
1111 872 1164 903 77.
1201 878 1367 898 commune
1389 867 1574 903 exordium,
1599 865 1687 905 quod

964 911 1079 942 multis
1108 912 1312 942 orationibus
1336 912 1495 952 praemitti
1512 914 1635 950 potest,
1652 915 1688 939 et

965 962 1015 986 est
1031 957 1066 986 in
1082 955 1173 986 vitio.
1197 956 1275 986 ibid.
1297 959 1344 989 17.
1368 964 1549 985 comumnes
1564 953 1684 990 literae,

963 1004 1043 1030 sunt
1062 1004 1148 1029 artes
1165 999 1327 1035 liberales,
1344 999 1462 1038 quibus
1478 1007 1593 1028 omnes
1609 1007 1686 1036 ope-

962 1053 1033 1073 ram
1061 1043 1139 1073 dare
1168 1042 1287 1073 solent.
1314 1043 1409 1073 Orat.
1436 1043 1481 1072 iii.
1508 1044 1561 1075 27.
1592 1039 1684 1070 locus

961 1088 1139 1117 communis·
1155 1087 1277 1117 dicitur
1293 1097 1311 1116 a
1327 1086 1524 1122 rhetoribus,
1541 1084 1597 1123 qui
1614 1094 1684 1114 rem

962 1140 1096 1160 omnem
1125 1131 1166 1160 ad
1193 1139 1296 1170 genus
1324 1130 1438 1167 refert,
1466 1129 1614 1167 adeoque
1642 1127 1683 1157 ad

961 1184 1077 1204 omnes
1099 1173 1221 1204 formas
1246 1175 1404 1213 pertinet.
1419 1179 1454 1203 at
1469 1172 1563 1202 Verr.
1579 1171 1613 1201 ii.
1630 1171 1684 1202 46.

960 1222 1012 1247 est
1028 1217 1119 1247 locus
1136 1217 1299 1258 publicus,
1313 1223 1350 1248 ut
1361 1217 1483 1254 forum,
1495 1216 1684 1253 theatrum,

961 1261 1106 1300 porticus
1120 1262 1178 1291 διο.
1204 1261 1287 1291 Phil.
1304 1262 1337 1291 ii.
1349 1264 1380 1292 4.
1404 1261 1502 1290 homo
1514 1260 1589 1289 vitae
1602 1268 1684 1288 com-

961 1306 1068 1334 munis
1091 1306 1238 1344 ignarus,
1262 1306 1317 1334 ein
1341 1303 1494 1340 Mensch,
1510 1303 1567 1332 der
1589 1302 1684 1332 nicht

960 1358 1003 1378 zu
1034 1348 1129 1378 leben
1157 1350 1264 1385 weiss,
1290 1352 1329 1378 ut
1357 1358 1415 1378 nos
1443 1348 1597 1383 dicimus,
1624 1346 1681 1384 qui

960 1394 1079 1429 nescit,
1103 1402 1176 1430 quae
1207 1393 1373 1427 omnibus,
1398 1392 1499 1421 etiam
1525 1390 1682 1427 inimicis,

960 1437 1067 1465 officia
1081 1436 1258 1466 tribuenda
1273 1437 1353 1472 siut,
1370 1440 1404 1464 et
1418 1435 1517 1474 vulgo
1535 1434 1682 1463 tribuan-

958 1482 1022 1509 tur.
1047 1481 1104 1509 (Jr.
1120 1480 1140 1510 i.
1157 1482 1209 1513 49.
1233 1486 1382 1509 versatus
1399 1480 1434 1508 in
1450 1478 1555 1508 causis
1572 1477 1683 1507 foren-

958 1523 1047 1553 sibus
1065 1529 1164 1562 atque
1181 1523 1406 1553 eommzmilms.
1429 1523 1591 1553 Tirenum
1604 1530 1683 1550 cau-

958 1576 994 1595 sa
1014 1567 1218 1597 monendum
1234 1572 1297 1604 est,
1313 1568 1495 1597 communia
1513 1565 1590 1601 dici,
1607 1574 1682 1603 quae

959 1609 999 1639 ad
1015 1609 1126 1650 plures
1141 1612 1324 1650 pertinent,
1337 1611 1483 1649 adeoque
1499 1618 1597 1638 comm
1604 1609 1683 1638 ιιηὲα

958 1653 1022 1682 dici
1047 1664 1139 1693 posse
1163 1653 1264 1684 etiam
1283 1664 1356 1693 quae
1373 1653 1522 1693 vulgaria
1535 1652 1615 1682 alias
1633 1652 1682 1681 di-

958 1704 1093 1735 cuntur,
1110 1703 1149 1728 ut
1165 1701 1451 1737 supra-notamus.
1486 1696 1575 1736 Quid
1591 1696 1681 1725 enim

957 1747 1036 1770 sunt
1059 1743 1241 1772 eommunia
1260 1746 1439 1781 praecepta,
1454 1751 1474 1770 a
1489 1741 1606 1779 quibus
1625 1739 1680 1769 Ci-

957 1785 1088 1815 ceronis
1109 1785 1147 1816 de
1164 1786 1302 1816 Oratore
1318 1785 1393 1815 libri
1409 1785 1600 1819 abhorrent,
1618 1783 1679 1813 nisi

956 1828 1116 1867 vulgaria,
1133 1839 1204 1868 quae
1228 1831 1260 1858 in
1288 1829 1477 1867 vulgaribus
1505 1827 1679 1857 rhetoricis

957 1871 1075 1902 libellis
1105 1873 1308 1902 occurrunt?
1344 1873 1404 1903 Est
1432 1876 1546 1901 tamen
1575 1870 1677 1899 etiam

956 1914 1081 1954 aliquid
1097 1916 1186 1946 inter
1201 1916 1351 1953 vulgaria
1367 1923 1401 1945 et
1416 1925 1514 1945 comm
1522 1916 1599 1944 unia
1615 1913 1680 1943 dis-

956 1959 1114 1990 criminis.
1141 1960 1300 2000 Vulgaria
1321 1960 1474 1996 dicimus,
1499 1968 1570 1997 quae
1594 1967 1678 1987 com-

955 2004 1069 2032 munia
1096 2009 1177 2034 sunt
1198 2004 1365 2040 omnibus,
1389 2003 1446 2032 sed
1469 2003 1528 2039 itu,
1554 2006 1592 2031 ut
1615 2001 1677 2030 hoc

954 2047 1025 2085 ipso
1054 2047 1152 2077 verbo
1187 2052 1399 2077 contemtum
1429 2055 1544 2076 eorum
1576 2045 1679 2084 signi-

955 2090 1104 2120 ficemus.
1139 2091 1326 2121 Communia
1351 2094 1463 2120 autem
1488 2093 1522 2118 et
1543 2089 1614 2128 ipsa
1637 2087 1680 2118 ad

952 2133 1075 2173 plures,
1093 2138 1192 2173 atque
1209 2134 1290 2164 adeo
1307 2134 1348 2164 ad
1363 2143 1478 2163 omnes
1495 2133 1678 2173 pertinent,

952 2177 1008 2207 sed
1036 2178 1107 2207 sine
1131 2182 1315 2208 contemtu.
1347 2178 1399 2207 Sic
1426 2177 1567 2206 dicimus
1595 2185 1678 2206 com-

954 2230 1085 2251 munem
1107 2231 1257 2259 sensum,
1276 2231 1475 2252 communem
1497 2221 1676 2256 rationem,

951 2266 1135 2295 communia
1161 2270 1340 2305 praecepta,
1363 2265 1547 2294 communia
1573 2263 1674 2300 mala,

951 2309 1069 2338 vitium
1094 2319 1272 2345 commune,
1289 2308 1346 2338 sed
1362 2307 1559 2348 simpliciter
1573 2307 1675 2346 respi-

951 2352 1057 2382 cimus
1074 2352 1172 2390 adid,
1186 2353 1274 2391 quod
1289 2352 1331 2382 ad
1345 2351 1457 2392 plures
1473 2357 1531 2381 aut
1547 2351 1589 2381 ad
1604 2360 1675 2381 om·-

951 2405 1009 2426 nes
1022 2396 1178 2434 pertinet.
1195 2396 1214 2414 2‘
1225 2397 1411 2426 communia
1423 2395 1536 2425 omnia
1549 2395 1675 2424 habent

949 2439 1230 2477 significationem
1243 2440 1411 2470 amicitiae.
1428 2438 1468 2468 ad
1481 2439 1556 2469 Div.
1573 2449 1602 2468 V.
1620 2440 1673 2468 21.

950 2492 1026 2512 nam
1042 2487 1154 2513 tecum
1172 2483 1254 2513 mihi
1271 2493 1342 2513 esse
1352 2483 1535 2512 communia
1547 2482 1674 2519 omnia,

940 2526 998 2556 ⁴ita
1018 2535 1092 2566 quae
1115 2534 1194 2567 opto
1216 2527 1426 2566 contingant,
1443 2531 1482 2556 ut
1497 2526 1674 2556 vehemen-

948 2574 1002 2599 ter
1030 2569 1150 2600 velim:
1184 2572 1231 2600 ita
1256 2570 1368 2600 locum
1391 2571 1474 2600 bene
1497 2569 1675 2599 constituit.

949 2613 1108 2644 Graevius.
1153 2614 1216 2644 Sed
1239 2623 1355 2644 sensus
1371 2618 1438 2643 est:
1463 2613 1523 2643 tibi
1539 2613 1672 2643 amicis-

948 2657 1051 2687 simus
1086 2663 1120 2687 et
1150 2657 1428 2688 familiarissimus
1463 2667 1532 2687 esse
1564 2657 1674 2696 cupio.

948 2700 1071 2731 *Verr.
1095 2701 1130 2731 ii.
1146 2702 1198 2732 46.
1223 2702 1275 2731 63.
1305 2701 1478 2731 ίὲιιιινηαηε
1499 2700 1633 2737 Siciliae,
1651 2701 1673 2730 i.

948 2754 977 2774 e.
990 2745 1178 2774 universam
1190 2745 1348 2774 Siciliam.
1373 2745 1499 2774 venui.
1514 2748 1565 2774 33.
1589 2754 1673 2773 com-

950 2798 1047 2818 mune
1076 2788 1272 2828 Milyadum.
1309 2788 1374 2818 vid.
1404 2788 1444 2817 de
1473 2787 1535 2817 hac
1565 2787 1674 2818 forma

950 2832 1068 2862 Heius.
1088 2832 1128 2862 ad
1143 2832 1238 2862 Ovid.
1255 2832 1339 2862 Met.
1356 2831 1410 2861 xii.
1426 2835 1457 2864 7.

997 2874 1190 2906 Gmnnunio.
1222 2875 1294 2905 Mil.
1319 2876 1372 2906 36.
1401 2875 1499 2911 bona,
1524 2874 1674 2904 fortunas

950 2928 1040 2949 meas
1063 2930 1101 2950 ae
1120 2919 1300 2950 liberorum
1317 2928 1469 2949 meorum
1486 2919 1520 2948 in
1535 2927 1675 2949 commu·

1000 2966 1056 3000 93
