1920 3196
205 72 288 109 348

209 177 256 197 sc.
281 168 357 206 quia
373 168 407 197 iu
424 170 594 208 perpetuis
611 170 686 200 vitae
702 170 856 210 periculis
873 172 939 202 vix-

210 216 295 247 erat,
312 221 374 240 ucc
397 221 489 250 spem
515 213 592 243 vitae
609 214 793 243 retineudae
818 214 940 245 habuc-

210 260 273 284 rat.
298 264 327 284 v.
350 254 388 283 de
413 254 474 284 hac
492 256 522 284 vi
540 256 627 286 verbi
652 257 739 286 viros
763 257 876 288 doctos
900 260 942 290 ad

206 298 280 328 Liv.
298 297 341 327 xl.
360 301 388 328 8.

261 341 451 371 Luculente.
478 342 542 372 Off.
567 343 613 373 iii.
638 344 689 373 28.
718 343 878 375 luculente
895 344 943 374 di-

211 383 309 414 citur.

257 428 468 457 Luculenter.
503 427 574 458 Fin.
598 429 631 458 ii.
658 432 687 459 5.
718 439 824 468 graece
848 433 939 461 lucu-

212 472 314 501 lenter
327 472 421 501 scire.

255 515 468 551 Luculentus,
501 514 644 554 amplus,
677 525 829 554 maguus.
868 516 937 547 Att.

210 558 275 587 xvi.
300 561 331 587 4.
359 560 525 588 luculenta
549 559 692 597 navigia.
715 559 872 590 *firmus
898 560 938 590 ad

210 601 287 631 Div.
311 611 343 630 x.
361 603 412 631 24.
440 603 695 631 luculentissima
713 602 809 641 legio.
833 606 852 624 *ι
865 604 936 633 Ait.

210 654 241 673 x.
268 647 316 674 12.
346 647 393 674 14.
424 646 606 675 luculentus
629 649 761 675 auctor:
788 647 809 676 i.
826 657 854 676 c.
874 647 937 676 fide

209 688 340 727 dignus.

256 733 379 768 Lucus,
402 730 485 760 silva
507 741 610 760 sacra.
636 731 756 761 Milon.
779 736 831 763 31.
861 733 936 763 Div.

210 777 231 806 i.
248 779 301 806 45.
336 776 394 804 &ca
419 773 458 803 de
481 774 544 803 hoo
568 783 688 812 genere
712 775 870 805 silvarum
887 781 938 806 est

210 820 308 849 docta
317 817 504 848 dissertatio
518 817 758 847 Eschenbachii
770 819 858 849 inter
867 820 937 858 ejus

210 863 469 893 dissertationes.

256 907 399 942 Ludere,
430 903 598 933 simulare.
630 904 671 933 ad
701 904 776 934 Div.
804 905 870 934 viii.
904 910 935 939 9.

211 950 317 979 civem
343 950 468 978 bonum
497 949 592 977 ludit.
623 947 753 977 *armis
781 950 936 980 exerceri.

211 995 268 1023 Or.
286 993 319 1023 ii.
335 995 387 1024 20.
410 991 557 1028 videant,
574 991 614 1019 ad
630 992 819 1027 ludendum,
837 1001 879 1022 an
896 993 937 1022 ad

210 1036 429 1077 pugnandum
467 1045 560 1064 arma
591 1035 661 1064 sint
683 1036 839 1065 sumturi.
865 1036 937 1065 *ri-

210 1081 299 1110 dere.
312 1080 369 1109 Or.
384 1080 404 1109 i.
425 1079 470 1108 12.
484 1078 633 1108 irrisione
647 1079 794 1109 ludatur.
809 1078 850 1108 ad
863 1079 937 1109 Div.

210 1124 265 1154 vii.
282 1126 312 1153 5.
329 1122 414 1161 quod
424 1123 502 1159 jure
518 1122 632 1152 lusisti.

254 1167 394 1202 Ludius,
410 1165 540 1200 histrio,
557 1164 706 1194 saltator.
732 1164 812 1195 Har.
828 1165 866 1195 R.
887 1168 896 1196 1
910 1170 936 1196 l.

211 1211 237 1241 si
256 1211 364 1240 ludius
382 1209 554 1245 constitit3
580 1208 612 1237 h.
629 1218 657 1237 e.
674 1209 699 1237 si
716 1209 786 1247 ejus
802 1209 936 1239 saltatio

209 1255 398 1293 interrupta
421 1258 482 1282 est.
508 1262 537 1281 ν.
561 1252 699 1281 Salmas.
726 1252 766 1281 ad
791 1252 935 1282 Trebell.

212 1297 330 1327 Claud.
350 1300 379 1327 5.
403 1301 428 1325 t.
445 1296 477 1325 ii.
494 1305 525 1334 p.
542 1296 616 1325 362.
642 1295 683 1324 ad
694 1295 825 1335 Vopise.
845 1296 935 1326 Cari-

210 1351 294 1372 num
314 1351 345 1380 p.
371 1341 442 1370 843.
468 1344 501 1368 et
523 1349 603 1376 quos
623 1338 738 1369 laudat
754 1339 870 1369 Burin.
893 1340 933 1370 ad

208 1384 306 1415 ovid.
323 1384 360 1413 A.
377 1385 415 1414 A.
432 1384 453 1412 i.
474 1384 545 1413 112.

254 1428 382 1464 Ludus,
402 1427 440 1456 de
464 1436 498 1455 rc
520 1425 620 1455 facili.
650 1425 743 1456 Verr.
764 1436 793 1455 v.
810 1429 862 1460 70.
893 1426 935 1456 ad

208 1471 350 1502 honores
387 1480 446 1511 per
477 1470 592 1499 ludum
622 1473 656 1498 et
694 1469 932 1508 negligentiam

209 1515 392 1555 pervenire.
419 1514 460 1543 cf.
477 1513 546 1542 Fin.
565 1513 585 1542 i.
604 1516 632 1543 8.
660 1512 716 1542 Or.
734 1513 767 1542 ii.
788 1516 837 1546 17.
863 1513 933 1543 *de

205 1559 334 1588 fraude.
357 1559 456 1588 Dom.
479 1559 532 1586 48.
556 1556 582 1585 si
606 1555 661 1585 ille
677 1557 739 1586 tibi
757 1557 854 1586 ludus
870 1556 934 1587 fuit

207 1602 280 1631 ——si
297 1606 347 1631 est
363 1601 445 1631 illud
461 1603 582 1630 ratum.
606 1599 625 1617 ’π’
638 1599 722 1629 Phil.
740 1600 781 1629 vi.
793 1602 824 1630 4.
849 1601 934 1630 ludis

208 1645 332 1675 dicitur
369 1644 408 1674 de
444 1649 610 1682 tempore,
639 1653 704 1682 quo
736 1644 805 1673 {mli
835 1644 933 1674 fiunt.

207 1689 226 1707 ⁵¹²
239 1689 327 1718 Sext.
351 1691 402 1719 55.
434 1688 522 1717 ludos
544 1686 665 1723 facere,
683 1686 805 1716 dicitur
825 1687 864 1716 tle
881 1698 932 1724 eo,

208 1733 303 1771 cujus
332 1736 446 1761 sumtu
474 1731 571 1760 fiunt.
602 1730 684 1760 Har.
708 1731 747 1760 R.
781 1733 828 1760 11.
862 1732 931 1761 luda·

207 1776 347 1816 peremti
369 1779 459 1805 sunt.
482 1774 500 1792 ³*
514 1775 547 1803 in
566 1773 677 1803 Caecil.
704 1776 752 1804 10.
776 1775 846 1804 Iudi
863 1774 931 1814 ple-

205 1820 284 1850 beii.
313 1819 353 1848 cf.
369 1819 462 1848 Verr.
479 1828 507 1847 v.
524 1820 572 1847 14.
600 1816 688 1846 unde
704 1821 810 1857 patet,
828 1818 930 1848 Florae

206 1873 261 1893 eos
289 1862 382 1892 ludos
407 1861 524 1891 factos.
551 1860 591 1890 ad
618 1860 693 1890 Div.
719 1861 773 1890 vii.
805 1865 831 1891 1.
861 1863 930 1891 ludi

205 1907 296 1943 Osci,
319 1911 399 1936 sunt
427 1904 547 1935 fabulae
577 1903 754 1934 Auellanae
786 1905 930 1944 proprie,

205 1951 264 1981 sed
284 1949 306 1979 l.
323 1960 352 1979 c.
369 1950 527 1979 dicuntur
549 1958 608 1986 pro
632 1948 727 1977 rebus
752 1949 872 1987 ineptis
897 1955 932 1979 et

204 1993 364 2024 ridiculis.
396 1993 468 2022 Act.
485 1993 506 2022 i.
522 1992 615 2021 verr.
643 1994 692 2021 10.
725 1992 795 2021 ludi.
818 1991 931 2021 Victo-

204 2038 274 2075 riae,
292 2037 435 2066 instituti
460 2046 477 2065 a
501 2034 592 2064 Sulla
616 2035 650 2063 in
666 2036 860 2064 memoriam
886 2036 930 2064 vi-

205 2081 318 2111 ctoriae
336 2091 355 2110 a
377 2079 537 2110 Marianis
555 2081 741 2118 reportatae.
766 2078 844 2108 ibid.
862 2080 930 2108 ludi

203 2124 317 2155 votivi.
347 2123 389 2154 cf.
413 2124 488 2154 Div.
513 2123 534 2152 i.
552 2123 604 2152 26.
636 2122 691 2160 qui
717 2122 802 2152 fiunt
820 2132 836 2151 e
855 2128 930 2152 voto

204 2167 418 2208 Imperatoris
435 2166 476 2196 ad
491 2165 616 2195 bellum
633 2165 786 2204 profecti,
803 2169 836 2195 et
851 2176 928 2195 cum

202 2211 342 2241 victoria
354 2210 485 2240 reversi.
509 2209 587 2239 ibid.
599 2209 667 2238 lude?
678 2209 833 2245 Romani,
845 2208 930 2238 cele-

201 2254 401 2295 bratipridie
410 2253 499 2283 Non.
509 2254 599 2292 Sept.
610 2262 648 2281 ex
659 2252 815 2282 instituto
828 2253 928 2291 regio.

249 2298 390 2335 Lumen,
414 2296 501 2336 quod
527 2297 560 2325 in
590 2305 719 2334 quaque
744 2306 778 2325 re
801 2296 929 2325 eminet

203 2342 368 2382 inprimis,
380 2340 585 2381 praecipuum
603 2343 666 2375 est,
678 2344 928 2370 ornamentum.

203 2386 243 2425 Ω.
268 2385 318 2415 Fr.
343 2385 376 2414 ii.
397 2388 445 2414 lo.
479 2383 610 2412 illorum
628 2382 827 2422 praediorum
846 2383 927 2412 seito

202 2428 285 2459 mihi
300 2429 446 2458 vicinum
464 2427 608 2457 Marium
627 2428 736 2456 lumen
751 2436 832 2456 esse.
850 2426 926 2456 Sen.

200 2483 233 2512 p.
248 2473 289 2503 R.
314 2475 345 2502 4.
375 2471 437 2501 hoc
460 2472 568 2500 lumen
584 2469 776 2499 consulatus
792 2469 842 2499 sui
860 2469 928 2499 fore

201 2516 344 2556 putavit.
378 2515 447 2544 Fin.
474 2515 506 2543 ii.
524 2515 576 2544 22.
608 2513 670 2542 hoc
698 2518 845 2542 vestrum
876 2514 926 2542 lu-

199 2570 274 2590 men
297 2564 358 2588 est.
384 2557 484 2588 Acad.
500 2557 543 2586 iv.
559 2559 611 2587 33.
642 2556 699 2585 sed
722 2555 779 2585 illa
795 2555 860 2585 duo
877 2557 926 2586 lu-

199 2604 290 2633 mina
311 2606 432 2639 vestra,
449 2610 522 2639 quae
538 2601 680 2629 maxime
696 2609 830 2629 causam
849 2610 928 2629 con-

196 2647 318 2676 tinent.
354 2645 431 2675 Nat.
461 2644 501 2674 D.
527 2644 548 2674 i.
573 2645 624 2674 98.
660 2643 782 2672 Naevus
813 2642 924 2672 Alcaeo

198 2692 310 2720 lumen
331 2688 514 2718 videbatur.
545 2686 778 2726 *praesidiuni,
802 2686 920 2716 tutela.

196 2733 280 2763 Sull.
302 2736 349 2762 11.
372 2733 479 2762 Roma
491 2733 597 2760 lumen
614 2730 778 2768 gentium.
802 2728 923 2758 *fene-

196 2784 288 2814 strae,
313 2779 519 2816 prospectus.
549 2773 649 2804 Dom.
672 2775 725 2803 44.
751 2772 922 2802 obstruere

198 2820 373 2850 luminibus
383 2832 394 2851 ‚-
426 2817 514 2848 uude
538 2820 573 2846 et
594 2815 811 2856 metaphorae,
834 2820 922 2846 tam-

197 2873 294 2903 quam
319 2862 430 2894 Rabir.
454 2861 542 2892 Post.
569 2860 618 2892 16.
642 2859 764 2890 mentis
788 2861 922 2891 lumini-

689 83 833 111 lNDEx
865 84 997 112 LATlN
1007 84 1159 111 lTATIS.

985 172 1041 201 hus
1066 171 1169 201 officit
1193 169 1335 201 altitudo
1358 171 1502 202 fortunae
1525 178 1561 202 et
1583 172 1710 212 gloriae,

986 215 1079 245 Brut.
1109 217 1158 248 17.
1189 214 1325 244 Catonis
1349 216 1526 246 luminibus
1545 217 1712 247 obstruxit

985 257 1055 287 haec
1072 258 1293 297 posteriorum
1308 257 1407 288 altius
1426 265 1625 299 exaggerata
1637 270 1710 290 ora·

983 301 1043 330 tio.
1067 301 1187 330 *Brun
1205 303 1259 334 75.
1281 301 1412 331 videtur
1422 307 1594 341 tamquam
1611 303 1708 334 tabu·

984 343 1030 373 las
1043 345 1126 373 bene
1141 344 1245 382 pictas
1258 344 1416 375 collocare
1430 346 1463 375 in
1478 346 1562 375 bono
1574 348 1708 377 lumine.

982 388 1000 404 ¹¹*
1019 387 1183 425 quomodo
1213 387 1344 418 differat
1371 398 1389 418 a
1416 390 1496 426 luce,
1520 397 1634 429 patere
1661 390 1709 420 vi-

984 430 1080 460 detur
1103 440 1120 459 e
1150 430 1219 460 Fin.
1244 431 1290 460 iii.
1319 434 1365 462 14.
1395 437 1431 461 ut
1455 433 1650 462 obscuratur
1674 437 1709 462 et

982 473 1168 503 offunditur
1187 475 1255 504 luce
1271 474 1347 504 solis
1368 477 1475 505 lumen
1494 475 1649 506 lucernae.
1666 476 1706 505 de

983 527 1048 554 quo
1064 517 1133 555 agit
1152 517 1266 547 Burni.
1283 519 1323 547 ad
1347 518 1463 556 Virgil.
1489 519 1562 548 AEu.
1580 519 1613 548 ii.
1632 520 1707 550 682.

983 565 1016 588 et
1041 560 1254 599 Oudendorp.
1277 561 1315 592 V.
1342 561 1377 591 C.
1399 561 1439 590 ad
1464 562 1598 592 Sueton.
1624 563 1709 592 Caes.

981 605 1033 632 531.
1081 603 1145 632 Sed
1167 603 1199 632 id
1223 604 1399 634 discrimen
1417 614 1483 634 non
1500 610 1660 636 servatur.
1678 616 1708 636 v·

982 646 1014 675 in
1032 646 1117 676 Lux.

1027 689 1220 719 Lzemz'nan’.
1250 690 1319 720 Att.
1337 700 1386 720 κν.
1403 691 1454 721 26.
1482 695 1532 721 cst
1548 692 1707 730 fenestra,

980 736 1019 762 ut
1037 735 1155 763 lumen.

1027 776 1234 813 Lunn‘nosus,
1266 777 1416 815 insignis.
1456 778 1513 808 Or.
1543 778 1595 807 36.
1632 781 1707 808 tum

981 824 1061 849 sunt
1074 821 1217 849 maxime
1230 822 1393 851 luminosa:
1405 826 1438 850 et
1451 822 1543 860 quasi
1561 825 1706 852 actuosae

982 866 1091 901 partes
1106 863 1191 893 duae.

1026 906 1206 937 Lusa-atio.
1225 905 1324 935 Tusc.
1337 916 1365 936 v.
1378 908 1430 940 27.
1452 906 1617 937 silvestres
1634 917 1708 938 cur-

980 959 1034 979 sus
1053 951 1327 988 lustrationesque.

1026 993 1200 1031 Lustrum,
1214 998 1349 1032 tenzpus
1365 994 1509 1032 quinque
1527 1003 1706 1032 annorum,

980 1036 1041 1065 sub
1065 1037 1158 1075 cujus
1184 1037 1284 1066 finem
1309 1047 1329 1066 a
1351 1037 1549 1067 Censoribus
1580 1038 1706 1068 Census

980 1078 1134 1118 liabetur,
1162 1085 1196 1110 et
1222 1083 1336 1119 postea
1362 1080 1503 1119 publicae
1534 1091 1645 1120 preces
1673 1085 1708 1112 et

979 1123 1142 1153 sacrificia
1157 1122 1391 1153 suovetaurilia
1407 1124 1505 1161 fiunt,
1522 1124 1610 1162 quod
1626 1124 1707 1155 dici-

976 1171 1033 1195 tur
1063 1169 1204 1196 lustrum
1236 1166 1388 1196 condere.
1419 1167 1475 1197 Or.
1506 1168 1527 1196 i.
1558 1170 1610 1197 40.
1648 1168 1704 1207 qui

978 1209 1102 1239 domini
1114 1210 1286 1239 voluntate
1297 1220 1414 1240 census
1424 1211 1479 1247 sit,
1487 1211 1706 1249 continuone,

978 1262 1033 1288 an,
1051 1254 1108 1283 ubi
1125 1255 1267 1283 lustrum
1283 1254 1453 1285 conditum
1471 1255 1527 1290 sit,
1545 1254 1627 1283 liber
1649 1255 1705 1285 sit.

978 1296 1056 1326 ibid.
1078 1297 1111 1327 ii.
1129 1298 1180 1328 66.
1206 1297 1232 1326 is
1250 1297 1305 1336 qui
1321 1302 1354 1327 te
1371 1307 1410 1327 ex
1427 1298 1550 1327 aerariis
1567 1299 1704 1336 exemit,

976 1341 1119 1370 lustrum
1136 1340 1296 1377 condidit,
1309 1346 1343 1370 et
1359 1346 1492 1370 taurum
1510 1341 1707 1373 immolavit.

975 1393 1004 1413 ν.
1022 1383 1092 1413 Liv.
1110 1384 1130 1414 i.
1147 1387 1200 1415 44.
1225 1388 1259 1413 et
1276 1384 1320 1414 ibi
1337 1384 1480 1414 GronOV.

1021 1427 1112 1464 Lux,
1129 1438 1188 1467 pro
1204 1429 1337 1457 lumine.
1362 1428 1441 1457 Coel.
1456 1430 1507 1458 28.
1531 1429 1590 1458 lux
1606 1427 1704 1468 longe

977 1469 1042 1499 alia
1064 1474 1114 1500 est
1135 1471 1212 1501 solis
1236 1476 1271 1500 et
1287 1470 1494 1510 lychnorum.
1518 1481 1594 1500 nam
1613 1471 1705 1512 lych-

977 1523 1096 1543 norum
1115 1515 1244 1554 proprie
1262 1516 1371 1544 lumen
1387 1519 1448 1544 est.
1472 1525 1501 1545 v,
1525 1515 1558 1544 in
1581 1517 1704 1553 lumen,

975 1561 1009 1586 et
1037 1567 1117 1596 quos
1143 1558 1187 1587 ibi
1212 1558 1429 1588 laudavimus.
1451 1558 1530 1588 Nat.
1555 1559 1597 1588 D.
1624 1559 1645 1588 i.
1674 1562 1704 1590 5.

974 1602 1150 1631 sententiae
1167 1603 1271 1631 lacem
1286 1602 1410 1632 autoris
1425 1601 1624 1632 desiderant.
1648 1601 1704 1632 Li-

975 1653 1043 1682 gar.
1057 1648 1087 1675 3.
1113 1647 1171 1675 lua·
1183 1645 1390 1674 liberalitatis
1401 1649 1435 1674 et
1448 1645 1620 1685 sapientiae
1634 1649 1703 1676 tuae

974 1688 1056 1717 mihi
1085 1688 1244 1718 oboritur.
1267 1688 1366 1718 Tusc.
1389 1689 1422 1718 ii.
1451 1689 1502 1719 26.
1530 1688 1705 1720 benefacta

975 1732 1008 1761 in
1025 1734 1095 1761 luce
1110 1742 1144 1761 se
1157 1731 1310 1762 collocari
1323 1731 1449 1761 volunt.
1473 1733 1549 1762 Seu.
1565 1742 1597 1772 p.
1613 1731 1652 1763 R.
1670 1735 1703 1763 3.

974 1777 1077 1805 lucem
1114 1776 1147 1805 in
1188 1775 1315 1815 republ.
1353 1775 1512 1816 dispicere
1548 1776 1704 1815 coepistis.

974 1818 1058 1849 Phil.
1080 1829 1110 1848 x.
1133 1820 1162 1849 6.
1196 1820 1254 1849 lua:
1269 1819 1395 1848 venisse
1411 1818 1562 1857 quaedam
1579 1824 1612 1849 et
1628 1829 1702 1860 spes

974 1862 1089 1892 salutis
1123 1861 1302 1892 videretur.
1339 1862 1358 1880 ²*
1376 1862 1465 1892 Luce
1495 1862 1617 1892 dicitur
1643 1873 1703 1903 pro

974 1905 1131 1936 interdiu.
1169 1906 1263 1936 Offic.
1291 1906 1336 1936 iii.
1368 1907 1421 1936 24.
1456 1905 1521 1935 alia
1549 1906 1703 1946 exempla

974 1949 1111 1988 collegit
1127 1949 1299 1980 Drakenb.
1317 1949 1358 1978 ad
1370 1949 1441 1979 Liv.
1459 1949 1590 1979 xxxviii.
1604 1950 1657 1980 36.

1019 1993 1245 2032 Lychnuchus.
1270 1993 1309 2031 Ω.
1326 1993 1377 2022 Fr.
1394 1992 1439 2023 iii.
1458 1996 1487 2026 7.
1520 1992 1605 2022 hanc
1621 1993 1701 2023 scri-

974 2037 1023 2076 psi
1041 2040 1118 2066 ante
1135 2035 1258 2073 lucem,
1275 2036 1316 2065 ad
1332 2037 1550 2075 lychnuchum
1574 2036 1701 2075 ligneo-

974 2079 1057 2117 lum,
1075 2081 1130 2118 qui
1155 2080 1236 2109 mihi
1261 2083 1331 2109 erat
1354 2079 1591 2119 perjucundus,
1613 2080 1701 2119 quod

974 2133 1051 2153 eum
1079 2126 1126 2160 te,
1148 2124 1295 2160 aiebant,
1310 2133 1385 2152 cum
1411 2132 1497 2153 esses
1524 2123 1627 2160 Sami,
1644 2133 1702 2153 cu-

973 2176 1060 2197 rasse
1074 2166 1276 2196 faciendum.
1309 2166 1502 2196 Lectiouem
1520 2166 1606 2196 hauc
1623 2176 1702 2197 con—

972 2215 1026 2240 tra
1051 2210 1220 2240 Smithum
1247 2213 1281 2239 et
1306 2210 1459 2240 Licetum
1487 2209 1648 2247 defendit,
1665 2214 1702 2240 et

971 2254 1080 2293 ipsum
1096 2253 1206 2283 locum
1223 2253 1370 2283 illustrat
1384 2253 1562 2293 Spauhem.
1575 2253 1614 2283 de
1627 2253 1700 2284 Usu

970 2303 1005 2327 et
1021 2297 1073 2326 Pr.
1088 2297 1191 2327 Num.
1208 2302 1233 2326 t.
1251 2297 1272 2327 i.
1289 2307 1321 2336 p.
1342 2299 1411 2330 170.

1013 2341 1230 2380 Lymphatus.
1255 2341 1331 2371 Div.
1356 2340 1378 2369 i.
1395 2340 1447 2370 36.
1472 2339 1528 2370 Gr.
1554 2339 1699 2379 νυμφόλη-

970 2395 1055 2416 πτος.
1080 2384 1129 2413 ita
1154 2384 1361 2419 dicebantur,
1380 2384 1434 2423 qui
1458 2383 1638 2423 nympham
1665 2393 1699 2413 a-

970 2428 1139 2465 quaticam
1153 2427 1317 2464 viderant,
1329 2431 1365 2456 et
1377 2437 1497 2466 aquam
1509 2427 1676 2456 timebant

969 2470 1057 2499 unde
1071 2470 1189 2500 deiude
1202 2471 1241 2500 de
1254 2471 1452 2510 perterritis,
1465 2473 1499 2500 et
1513 2469 1702 2500 enthusias-

969 2523 1025 2542 mo
1049 2513 1160 2552 aliquo
1175 2514 1362 2544 furentibus
1378 2518 1417 2544 ut
1433 2513 1464 2543 h.
1481 2513 1503 2543 1.
1519 2513 1651 2543 dicitur.
1667 2523 1698 2544 ν.

970 2556 1091 2595 Cuper.
1115 2557 1192 2587 Obs.
1211 2558 1257 2587 iii.
1283 2559 1332 2588 12.
1363 2556 1520 2587 Heinsius
1552 2561 1585 2587 et
1611 2557 1700 2587 Dra-

966 2599 1067 2631 kenb.
1084 2600 1126 2630 ad
1141 2600 1259 2631 Silium
1276 2600 1297 2631 i.
1312 2603 1385 2634 459.

1307 2730 1356 2760 Μ.

1006 2813 1298 2857 Maclzoerophmus.
1315 2816 1357 2847 ad
1377 2816 1418 2856 Ω.
1435 2815 1487 2848 Fr.
1508 2816 1542 2848 ii.
1566 2819 1618 2849 10.
1641 2816 1698 2857 qui

965 2860 1022 2897 sit,
1037 2869 1105 2891 non
1120 2861 1200 2892 satis
1217 2864 1346 2892 certum
1361 2862 1455 2901 puto.
