1920 3196
262 89 345 128 482

267 188 323 218 ris.
347 188 448 218 Dom.
465 187 519 223 47.
542 190 690 219 extruxit
706 188 819 220 villam
836 191 1007 222 visceribus

267 231 389 261 aerarii.
405 232 447 261 ad
463 232 502 271 Ω.
520 232 571 263 Fr.
590 233 610 264 i.
626 236 658 263 3.
681 243 758 263 cum
777 233 817 263 de
835 235 1005 265 visceribus

266 275 335 304 tuis
351 280 385 305 et
403 275 462 306 filii
478 277 530 306 tui
545 277 625 306 satis
641 276 790 307 facturus
802 277 857 307 sis.
881 277 900 296 ²*
911 278 1005 309 Orat.

268 318 302 347 ii.
319 321 373 352 78.
395 320 520 349 viscera
546 330 666 350 ciusae.
701 319 720 338 *Ψ
736 321 876 361 intiJnus
900 322 1003 352 animi

267 371 397 399 sensus,
428 365 600 394 memoria.
639 363 710 394 Att.
742 364 784 394 vi.
819 367 845 394 1.
868 363 1007 403 ἰγκιλιό-

267 417 374 444 σμικτα
388 410 448 436 tua
465 407 545 437 mihi
563 408 593 437 in
610 408 783 437 visceribus
798 407 938 438 haerent.

314 449 500 486 mecei-atio,
513 455 563 481 est
575 451 765 481 distributio
775 451 882 482 earnis
894 451 1004 482 crudae

267 492 358 522 inter
381 494 546 533 plebeios:
573 504 677 534 genus
701 494 900 533 largitionis,
917 495 1007 534 apud

269 535 438 567 Romanos
463 539 638 568 usitatum.
685 538 811 568 Graeci:
835 540 921 580 κςεόν
947 536 1007 568 διοι-

268 578 351 616 main
370 585 518 611 vertunt.
542 583 636 611 Offie.
655 581 688 611 ii.
709 582 757 611 16.
784 582 848 612 vid.
866 582 948 612 lntt.
966 582 1007 612 ad

267 622 405 654 sueton.
431 624 513 656 Caes.
530 629 582 659 37.
607 625 646 655 In
673 625 890 665 inscriptione
918 626 1007 666 apud

268 664 394 698 Murat.
411 673 436 697 t.
454 668 488 698 ii.
506 680 536 709 p.
565 678 642 699 Dcx.
664 670 832 699 visceratio
857 670 891 699 in
915 669 1006 699 feriis

268 708 381 740 latinis
400 712 470 741 fieri
487 713 585 744 solita
597 720 737 742 vocatur
758 713 879 743 diserte
896 714 1004 743 carni-

269 762 327 782 um
345 754 547 786 distributio.

314 796 482 837 Visendas,
498 801 571 830 visu
587 799 719 840 dignus.
742 800 856 831 Vatin.
881 803 930 831 13.
953 809 1006 830 οι·-

265 846 350 871 natu
363 844 499 874 visendo.

318 884 420 924 Visio,
437 897 498 918 vox
515 887 757 928 philosophica,
773 888 861 918 idem
878 887 1006 926 signifi-

267 938 360 967 cans,
379 931 467 969 quod
497 932 618 969 visum,
635 933 675 962 de
700 942 765 971 quo
789 942 876 961 mox.
900 931 1001 962 Tusc.

264 972 299 1020 ii.
320 976 367 1004 18.
382 975 459 1005 visio
470 974 553 1005 falsa
567 975 687 1006 doloris
703 983 738 1006 et
750 976 887 1016 species.
900 974 1003 1005 Acad.

265 1025 308 1046 iv.
331 1019 379 1047 ll.
402 1020 479 1048 virio
505 1019 573 1049 veri
599 1019 740 1059 falsique
767 1019 956 1049 communis
983 1028 1003 1048 a

266 1060 465 1098 quibusdam
484 1066 632 1103 putatur.

311 1103 445 1143 Visum,
460 1107 586 1146 species
603 1107 743 1144 alicujus
766 1106 811 1136 rei
831 1106 865 1135 in
887 1106 1001 1136 animo

263 1147 436 1187 impressa,
463 1150 619 1190 impulsio
645 1151 758 1181 oblata
782 1150 1003 1187 extrinsecus,

261 1191 422 1228 carraria.
447 1194 526 1224 Nat.
544 1194 645 1225 Deor.
663 1195 683 1224 i.
702 1197 732 1225 5.
757 1195 860 1224 risum
877 1193 1003 1223 habent

263 1234 429 1274 insignem
447 1243 481 1267 et
497 1238 676 1268 illustrem.
699 1237 799 1268 Tusc.
817 1238 837 1267 i.
854 1240 907 1268 41.
932 1238 1000 1267 visa

260 1280 481 1312 somniorum.
518 1282 620 1312 Acad.
646 1282 668 1312 i.
703 1285 752 1311 ll.
786 1286 821 1310 et
852 1281 1001 1321 pluribus

259 1322 333 1353 aliis
350 1323 442 1354 locis.
460 1335 537 1356 nam
556 1326 590 1355 in
604 1325 809 1356 Academicis
827 1325 936 1355 multa
952 1328 1003 1354 est

261 1365 303 1395 de
319 1367 394 1397 visis
411 1368 606 1409 disputatio.
629 1370 680 1400 De
698 1371 773 1399 visis
789 1369 997 1399 somniorum

260 1409 433 1441 adeundus
447 1413 636 1443 Macrobius
653 1414 686 1443 in
704 1412 915 1452 Somn.Scip.
933 1413 954 1441 i.
968 1415 998 1442 3.

258 1452 299 1482 ln
316 1453 414 1485 Tusc.
439 1466 527 1497 saepe
551 1458 621 1487 visa
646 1457 807 1487 dicuntur
837 1456 877 1486 de
902 1456 999 1486 rebus

258 1499 417 1537 opinatis,
433 1501 586 1540 inprimis
603 1511 619 1530 e
636 1511 748 1531 sensu.

303 1541 390 1573 Vita.
429 1544 511 1574 Lael.
540 1545 571 1575 6.
604 1546 673 1575 vita
705 1543 824 1575 vitalis.
870 1544 931 1574 Est
959 1543 1000 1573 de

260 1584 375 1616 Grmco
390 1587 451 1629 βίας
473 1587 588 1626 firma-35,
611 1594 650 1618 ut
677 1590 809 1618 monuit
835 1587 1000 1618 Fac-niola-

260 1634 313 1659 tus
329 1630 369 1661 ad
385 1631 417 1661 h.
435 1631 457 1662 l.
482 1632 501 1650 ἦ
518 1633 594 1663 Div.
608 1633 629 1662 i.
643 1636 694 1666 39.
720 1633 781 1662 hae
799 1632 839 1662 de
856 1641 890 1661 re
907 1641 998 1662 coin«-

259 1675 370 1704 munis
381 1677 450 1706 vita
463 1676 636 1706 dubitavit.
659 1676 708 1706 Cl.
719 1674 927 1716 Wopkenius
939 1686 999 1715 pu-

257 1721 310 1747 tat
325 1718 378 1748 hic
395 1729 465 1749 esse
478 1721 582 1750 vitam
599 1730 658 1761 pro
674 1720 877 1757 homiuibus,
893 1724 931 1750 ut
947 1722 998 1749 est

257 1762 347 1800 apud
375 1762 522 1794 Plinium
550 1764 593 1794 H.
609 1764 651 1795 N.
669 1764 736 1794 viii.
757 1765 805 1795 16.
835 1766 904 1794 vita
930 1773 997 1793 non

259 1805 405 1836 decrevit
419 1819 424 1837 :
439 1807 494 1838 ubi
508 1807 703 1838 Harduinus
714 1811 803 1838 recte
819 1807 994 1846 intelligit,

258 1848 408 1880 homines
423 1861 490 1881 non
503 1851 736 1882 decreverunt.
752 1856 785 1881 et
798 1861 850 1892 ap.
864 1851 994 1881 Phaedr.

258 1893 338 1932 prol.
357 1893 378 1924 l.
396 1894 417 1924 i.
436 1895 490 1925 ubi
508 1895 766 1926 vid.Burmann.
779 1905 878 1935 quem
891 1895 995 1925 etiam

257 1937 469 1976 reprehendit
493 1938 716 1979 Wopkenius,
732 1938 821 1978 quod
847 1939 996 1978 negavit,

256 1979 452 2012 Ciceronem
470 1988 504 2013 et
519 1983 677 2022 aequales,
693 1983 757 2013 hoc
781 1993 880 2013 sensu
896 1982 996 2012 verbo

245 2032 294 2053 -eo
311 2035 398 2056 usos.
422 2026 461 2056 In
478 2037 543 2065 quo
559 2028 589 2056 ei
606 2027 762 2066 injuriam
775 2026 866 2057 facit.
893 2026 995 2063 Nam,

256 2077 290 2098 re
308 2070 388 2099 satis
414 2071 611 2110 ponderata,
628 2071 710 2101 mihi
736 2071 839 2100 etiam
863 2071 923 2107 sic,
956 2073 996 2099 ut

253 2111 322 2142 Cel.
346 2111 555 2151 Burmanno,
571 2115 713 2145 videtur.
737 2114 777 2144 In
790 2115 863 2144 loco
877 2123 997 2154 propo-

251 2156 317 2185 sito
333 2166 400 2187 non
417 2157 480 2188 hoe
497 2158 579 2188 dicit
592 2159 708 2189 Cicero
723 2170 729 2187 t
755 2159 996 2188 dubitaverunt

252 2198 418 2239 homines,
435 2202 492 2232 sed
507 2202 547 2232 de
572 2201 634 2232 hac
657 2213 690 2232 re
708 2202 742 2231 in
760 2202 829 2232 vita.
844 2211 996 2232 eommu-

252 2243 285 2272 ni
313 2244 500 2283 dubitatur,
525 2245 657 2276 videtur
681 2255 869 2286 repugnare
895 2246 996 2275 mori-

250 2286 324 2325 bus,
342 2290 418 2320 vitae
435 2290 620 2326 communi,
647 2296 685 2320 ut
710 2293 762 2319 est
784 2289 917 2320 Muren.
941 2292 994 2320 35.

250 2331 310 2361 sed
326 2332 412 2362 hanc
437 2334 625 2363 orationem
650 2343 743 2371 usus,
760 2335 843 2370 vita,
870 2342 993 2370 mores,

251 2375 367 2406 civitas
381 2377 452 2417 ipsa
476 2378 613 2416 respuit.
632 2377 758 2407 Eodem
777 2377 875 2407 modo
892 2381 992 2406 caete-

250 2428 302 2449 ras
335 2421 551 2451 auctoritates
583 2421 761 2451 dissolve-re
791 2429 936 2460 possem,
965 2421 992 2450 si

247 2470 332 2502 opus
364 2464 544 2495 videretur.
593 2464 668 2495 Vita
700 2464 869 2501 occidens,
899 2474 929 2494 ν.
962 2474 991 2494 e.

247 2510 300 2536 est
330 2508 406 2538 finis
434 2509 524 2545 vitae,
552 2512 590 2538 ut
621 2508 690 2538 dies
721 2508 891 2545 occidens,
916 2508 992 2537 finis

246 2549 327 2588 diei,
343 2561 412 2582 non
427 2551 475 2582 sol
491 2552 596 2582 occid.
622 2551 757 2582 *macen
778 2555 826 2586 19.
850 2552 885 2582 in
900 2553 990 2585 vim.-

246 2594 267 2624 i.
285 2604 314 2624 e.
334 2596 443 2634 quoad
461 2596 541 2625 vivit
556 2595 608 2626 vel
623 2595 718 2626 vixit.

292 2637 435 2670 Vitiare.
466 2639 537 2669 Att.
555 2640 596 2669 iv.
614 2643 644 2673 9.
673 2648 755 2669 num
772 2648 908 2669 censum
928 2639 990 2668 im-

244 2682 383 2721 pediant
407 2684 534 2715 tribuni
559 2684 674 2713 diebus
697 2684 872 2713 vitiandis.-
900 2682 932 2712 h.
958 2693 987 2713 e.

240 2727 403 2762 servando
420 2727 459 2756 de
476 2727 571 2763 eoelo,
588 2727 825 2757 obnunciando
845 2727 989 2764 efficere,

238 2772 281 2799 ut
313 2771 351 2800 iis
384 2770 469 2800 nihil
501 2771 625 2811 publici
656 2771 783 2810 negotii
816 2771 886 2810 geri
914 2780 989 2810 pos-

236 2820 294 2844 Sit.

308 2857 459 2889 ἶίίυςὶιξαε.
498 2858 637 2888 Tuscul.
667 2859 709 2888 iv.
744 2861 793 2890 15.
830 2859 990 2888 vitiositas

237 2907 288 2934 ff‘b't
313 2905 482 2934 contraria
509 2903 656 2939 virtutis,
682 2903 731 2933 sic
760 2903 852 2933 enim
879 2901 988 2940 malo,

818 103 963 132 INDEX
995 103 1097 131 LAT1
1104 104 1251 133 Nl'rA'rl
1258 106 1275 133 S
1282 123 1292 133 .

1046 203 1145 231 quam
1178 192 1345 223 malitiam
1371 192 1538 234 appellare
1569 202 1660 232 eam,
1688 199 1790 234 quam

1046 236 1153 280 Graeci
1184 235 1293 266 κακίαν
1323 237 1514 277 appellant:
1550 247 1629 268 nam
1660 237 1792 269 malitia

1046 280 1129 310 certi
1147 280 1321 319 cujusdam
1345 281 1416 311 vitii
1441 291 1565 312 nomen
1587 284 1651 320 est,
1667 283 1789 312 vitiosi—

1042 327 1092 354 tas
1107 323 1270 353 omnium.

1093 366 1243 404 Vitiosus,
1260 368 1341 398 vitio
1357 371 1502 405 creatus,
1519 368 1606 399 Phil.
1622 377 1653 398 v.
1670 371 1702 400 3.
1720 367 1790 398 col-

1046 409 1122 449 lega
1148 419 1247 450 quem
1280 411 1349 451 ipse
1375 411 1456 442 fecit
1483 422 1543 442 sua
1570 411 1788 442 nunciatione

1047 455 1207 485 vitiosum.
1232 454 1310 484 ibid.
1328 455 1362 486 ii.
1379 459 1431 486 33.
1455 455 1616 494 quamdiu
1630 458 1670 485 tu
1687 454 1790 493 voles,

1046 498 1178 527 vitiosus
1198 497 1325 528 Consul
1346 498 1539 530 Dolabella:
1567 508 1692 536 rursus,
1709 508 1788 529 cum

1046 540 1148 577 voles,
1164 540 1261 572 salvis
1285 543 1453 583 auspiciis,
1470 546 1612 573 creatus.
1643 542 1791 572 *contra

1046 585 1196 624 auspicia
1207 588 1241 614 et
1256 585 1453 625 religionem
1466 586 1585 616 factus.
1609 586 1684 617 Div.
1698 587 1720 615 i.
1737 586 1789 616 16.

1045 629 1182 658 sinistra
1207 628 1288 659 dum
1312 639 1380 659 non
1409 630 1629 669 exquirimus,
1653 631 1686 659 in
1717 629 1790 660 dira

1045 676 1080 702 et
1102 673 1215 702 vitiosa
1237 672 1451 702 incurrimus.
1483 674 1565 712 ch.
1588 674 1621 703 ii.
1637 675 1667 703 8.
1697 682 1790 712 quae-

1046 726 1108 754 que
1129 726 1236 755 augur
1258 716 1397 755 injusta,
1414 716 1555 753 nefasta,
1572 717 1697 753 vitiosa,
1716 716 1789 746 dira

1045 759 1211 797 defixerit,
1227 760 1320 790 irrita
1334 759 1520 799 infestaque
1537 765 1650 790 sunto.

1090 803 1227 834 Vitium.
1258 803 1342 833 Sull.
1368 806 1398 834 8.
1429 804 1457 834 si
1486 803 1607 833 ceteris
1637 803 1787 842 patriciis

1047 856 1100 876 me
1117 850 1151 877 et
1166 856 1220 877 vos
1238 847 1429 886 peregrinos
1445 847 1549 876 videri
1569 850 1752 887 oporteret,
1770 855 1791 876 a

1045 889 1217 930 Torquato
1246 896 1362 920 tamen
1393 891 1456 921 hoc
1480 891 1597 920 vitium
1619 890 1789 920 sileretur.

1046 933 1176 964 Graevio
1192 933 1304 974 placet
1324 935 1520 974 conjectura
1542 932 1628 964 Phil.
1642 933 1788 964 Rubenii

1046 978 1153 1009 Elect.
1181 979 1204 1008 i.
1231 981 1262 1009 3.
1292 977 1434 1017 legentis
1457 979 1658 1010 convicium;
1692 986 1787 1017 peres

1044 1022 1240 1060 grinitatem
1256 1022 1348 1052 enim
1365 1032 1432 1052 non
1448 1031 1518 1052 csse
1542 1021 1674 1051 vitium.
1720 1019 1785 1050 Sed

1041 1067 1159 1096 vitium
1172 1069 1300 1105 rectum
1314 1070 1375 1096 est.
1401 1065 1529 1096 Vitium
1541 1065 1678 1100 dicitur,
1692 1064 1787 1103 quic-

1044 1109 1125 1148 quid
1148 1110 1183 1139 in
1206 1110 1318 1149 aliquo
1344 1108 1543 1150 reprebendi
1574 1111 1700 1148 potest,
1725 1111 1786 1138 aut

1043 1153 1312 1194 reprehenditur,
1338 1153 1405 1183 sive
1429 1153 1521 1193 jure,
1550 1152 1618 1183 sive
1648 1150 1786 1190 injuria,

1044 1197 1189 1234 macula,
1205 1197 1399 1227 deformitas
1416 1197 1476 1226 &c.
1505 1196 1643 1227 Terent.
1668 1195 1722 1225 cui
1739 1196 1786 1225 vi-

1043 1242 1080 1271 tia·
1098 1240 1181 1270 nihil
1198 1241 1307 1270 dicere
1324 1240 1439 1280 possis.
1468 1239 1538 1270 Cic.
1555 1239 1651 1269 Offic.
1668 1238 1715 1269 iii.
1735 1241 1785 1269 13.

1041 1285 1252 1315 venditorem
1275 1285 1346 1323 ejus
1370 1285 1432 1321 rei,
1456 1293 1556 1322 quam
1580 1282 1716 1320 vendat,
1738 1283 1786 1312 vi·

1040 1330 1087 1358 tia
1106 1338 1250 1358 narrare.
1275 1327 1353 1358 ibid.
1375 1328 1423 1358 16.
1449 1332 1488 1357 ut
1503 1327 1538 1357 in
1554 1325 1687 1367 praediis
1707 1335 1786 1356 ven-

1041 1372 1158 1402 dendis
1173 1373 1253 1402 vicia
1278 1372 1480 1402 dicerentur.
1526 1370 1588 1401 Est
1611 1370 1716 1409 igitur
1736 1371 1786 1400 vi-

1041 1417 1124 1447 tium
1141 1416 1245 1446 etiam
1263 1415 1297 1446 iu
1322 1415 1522 1455 magistratu
1546 1418 1581 1444 et
1603 1412 1786 1451 consulari,

1040 1461 1120 1499 quia
1143 1459 1338 1500 peregrinus
1362 1459 1404 1489 ad
1427 1459 1664 1497 magistratum
1691 1466 1787 1488 acce-

1042 1503 1119 1534 dere
1138 1513 1204 1533 non
1221 1503 1339 1534 debet:
1369 1502 1578 1543 (peregrinus
1602 1501 1693 1531 enim
1709 1510 1787 1541 pro-

1040 1548 1111 1588 prie
1129 1548 1191 1577 civi
1208 1546 1402 1588 opponitur)
1423 1550 1514 1577 certe
1530 1545 1603 1575 vitii
1619 1543 1692 1575 loco
1712 1547 1785 1574 erat

1041 1591 1260 1632 peregrinitas
1277 1591 1418 1630 objecta.
1461 1590 1653 1628 Torquatus
1667 1592 1784 1618 autem

1040 1635 1183 1665 debebat
1205 1634 1269 1665 hoc.
1291 1636 1422 1672 vitium,
1438 1634 1464 1665 si
1489 1636 1541 1664 est
1563 1633 1696 1670 vitium,
1714 1639 1783 1662 non

1041 1689 1189 1716 narrare,
1216 1678 1275 1708 sed
1312 1677 1421 1709 silere.
1477 1677 1591 1713 Porro,
1623 1675 1785 1715 quemad-

1042 1723 1179 1754 modum
1214 1723 1331 1753 vz‘tz‘um
1360 1731 1494 1753 narrare
1525 1723 1560 1750 et
1590 1719 1701 1749 dicere
1733 1727 1785 1749 re-

1040 1772 1135 1797 ctum
1151 1769 1215 1804 est,
1231 1767 1278 1796 sic
1295 1766 1397 1796 etiam
1412 1766 1528 1796 vicium
1544 1762 1653 1794 silere.
1704 1762 1785 1794 Con-

1040 1812 1161 1841 ve'cium
1177 1813 1292 1840 autem
1316 1809 1426 1846 silere,
1443 1818 1485 1839 an
1510 1808 1642 1838 dicatur
1664 1805 1783 1844 latine,

1041 1854 1167 1885 dubim.
1198 1853 1267 1884 *In
1291 1853 1435 1884 comitiis
1452 1856 1504 1883 est
1520 1850 1649 1882 malum
1673 1850 1785 1890 auspi-

1039 1899 1130 1928 cium
1154 1902 1189 1928 et
1206 1897 1366 1937 quicquid
1389 1896 1525 1927 comitia
1548 1894 1726 1925 dissolvere
1749 1898 1786 1924 et

1038 1942 1135 1973 irrita
1166 1941 1303 1972 reddere
1333 1944 1454 1981 potest.
1493 1938 1579 1970 Phil.
1606 1938 1640 1968 ii.
1664 1940 1718 1969 33.
1747 1937 1784 1967 id

1038 1986 1142 2026 igitur
1156 1985 1291 2016 obvenit
1306 1986 1437 2022 vitium,
1455 1982 1544 2023 quod
1561 1986 1599 2012 tu
1616 1981 1689 2021 jam
1714 1980 1786 2011 Ka-

1038 2029 1128 2060 lend.
1159 2028 1237 2060 Jan.
1267 2028 1421 2059 futurum
1460 2037 1531 2057 esse
1570 2025 1784 2066 praedixeras.

1037 2074 1114 2104 Div.
1142 2073 1178 2103 ii.
1208 2076 1258 2104 18.
1288 2072 1503 2102 comitiorum
1530 2070 1641 2101 solum
1664 2070 1783 2099 vitium

1038 2121 1089 2147 est
1111 2116 1254 2147 fulmen.
1299 2115 1377 2146 Jam
1401 2116 1427 2146 si
1451 2114 1532 2154 quid
1562 2114 1597 2144 in
1624 2112 1783 2149 comitiis,

1037 2166 1098 2191 aut
1114 2161 1149 2191 in
1165 2160 1253 2190 bello
1276 2164 1391 2189 aetum
1415 2157 1648 2194 nihilominus,
1664 2159 1724 2187 aut
1746 2154 1781 2186 in

1036 2204 1194 2245 auspiciis
1211 2203 1380 2244 capiendis
1397 2201 1525 2241 aliquid
1540 2205 1659 2231 contra
1673 2208 1782 2230 mores

1036 2252 1070 2278 et
1084 2248 1245 2279 instituta
1266 2252 1420 2277 veterum
1443 2250 1570 2283 actum,
1587 2244 1620 2274 id
1643 2245 1719 2274 vitio
1733 2243 1782 2274 fa·-

1036 2298 1129 2322 etum
1155 2291 1340 2322 dicebatur.
1375 2290 1422 2320 sic
1446 2289 1535 2329 quod
1565 2289 1642 2319 Div.
1665 2287 1700 2318 ii.
1723 2289 1777 2318 33.

1035 2340 1099 2373 est,
1134 2340 1253 2366 contra
1291 2334 1440 2375 auspicia
1478 2333 1693 2372 navigarunt,
1731 2329 1779 2368 id,

1037 2379 1115 2409 ibid.
1132 2379 1153 2410 i.
1175 2379 1224 2410 16.
1257 2378 1393 2416 dicitur,
1412 2382 1515 2416 quum
1540 2377 1614 2406 vitio
1629 2375 1781 2413 navigas-

1036 2427 1121 2453 sent.
1156 2423 1235 2453 ibid.
1263 2423 1297 2452 ii.
1325 2425 1378 2453 35.
1420 2420 1511 2451 Coss.
1543 2421 1619 2450 vitio
1650 2422 1780 2449 creatos

1035 2477 1120 2504 esse,
1151 2477 1197 2496 sc.
1230 2466 1320 2505 quod
1348 2466 1383 2496 in
1421 2464 1578 2503 auspiciis
1609 2461 1780 2505 capiendis

1035 2510 1163 2550 aliquid
1187 2509 1313 2541 Consul
1337 2511 1545 2550 peccaverat.
1574 2507 1656 2538 Nat.
1678 2506 1723 2536 D.
1746 2504 1783 2536 ii.

1033 2557 1064 2585 4.
1109 2555 1188 2584 vitio
1225 2551 1484 2584 tabernaculum
1520 2551 1591 2581 ess'e
1626 2554 1779 2589 captum,

1034 2597 1123 2635 quod
1147 2598 1207 2628 διο.
1235 2597 1290 2628 cui
1306 2597 1347 2626 de
1371 2596 1485 2627 Divin.
1502 2593 1525 2624 1.
1541 2604 1570 2624 c.
1598 2593 1781 2634 opponitur

1033 2641 1291 2672 tabernaculum
1310 2645 1400 2670 recte
1417 2644 1568 2679 captum.

1079 2685 1311 2725 Vctuperabz‘le.
1343 2683 1415 2714 Fin.
1431 2683 1477 2713 iii.
1495 2684 1545 2713 12.
1576 2679 1657 2721 quid
1673 2679 1731 2718 sit,
1745 2684 1780 2710 et

1036 2728 1126 2760 uude
1143 2729 1271 2759 dictum
1287 2729 1300 2758 ?

1081 2772 1210 2809 Vivere,
1238 2773 1412 2808 interesse,
1440 2769 1576 2800 versari.
1606 2766 1701 2797 Verr.
1731 2766 1779 2797 iii.

1034 2817 1087 2848 63.
1119 2819 1226 2847 vivere
1249 2817 1283 2845 in
1307 2816 1411 2856 patris
1439 2814 1584 2844 luxurie.
1613 2811 1707 2842 verr.
1731 2810 1778 2840 iii.

1033 2863 1064 2892 4.
1095 2862 1202 2890 vivere
1226 2861 1261 2890 in
1285 2859 1429 2899 pecunia
1452 2857 1561 2888 tenui.
1592 2854 1728 2885 *Orati
1743 2854 1777 2883 ii.

1032 2906 1085 2935 40.
1114 2905 1148 2935 iu
1166 2904 1256 2936 diem
1271 2904 1377 2934 vivere
1392 2906 1457 2940 est,
1473 2902 1544 2932 sine
1561 2899 1670 2931 futuri
1685 2907 1778 2934 cura,

1878 2544 1885 2565 Ι
