1985 3206
283 107 360 144 198
777 113 926 144 INDEX
947 115 1244 144 LATINITATIS.

283 204 337 234 60.
363 202 443 242 quid
461 203 599 234 attinuit
624 201 684 232 διο.
716 202 781 232 Off.
804 203 825 232 i.
843 205 895 232 31.
918 212 1026 242 neque

286 249 406 278 attinet
418 252 548 277 naturae
562 255 760 286 repugnare.
785 246 803 263 ’¹‘
814 247 909 276 Rosc.
924 246 961 276 A.
974 250 1027 277 43.

287 291 374 322 nihil
390 291 430 320 ad
448 301 500 320 inc
517 291 647 319 cttt'c'uet.
665 290 685 319 i.
703 300 731 318 e.
750 296 944 327 contemno,
962 299 1028 319 non

286 335 404 364 timeo.
424 333 520 364 ²“sine
537 343 677 372 pra‘pos.
694 333 755 363 Ad.
787 333 827 363 ad
843 334 913 363 Att.
930 344 981 363 xv.
1004 337 1030 364 l.

292 378 440 418 primum
458 377 545 415 quod
563 378 691 406 allinet.

336 422 521 459 ΑΙίὶιιῃέν-ο,
549 420 666 449 videre
698 420 732 449 in
766 420 875 458 aliqu(
879 430 925 457 m,
954 430 1032 450 con-

292 466 420 501 xenii-e,
458 465 632 504 proprium
672 473 754 493 esse.
807 463 886 493 Nat.
924 463 965 493 Ι).
1010 466 1030 494 i.

293 514 323 543 (ι
350 507 442 537 labor
465 517 531 537 non
555 508 692 546 attingit
716 508 840 537 Deum.
869 508 932 536 Ofl.
956 507 976 536 i.
1003 509 1032 538 6.

293 551 360 581 veri
393 552 607 589 investigatio
639 551 783 580 maxime
815 552 949 589 attingit
976 560 1032 580 na-

293 601 404 625 turam
443 595 640 625 humanam.
680 594 749 623 Fin.
785 604 814 624 v.
849 599 879 627 9.
920 598 1034 633 quate-

296 648 357 668 nus
383 637 541 677 quicquid
567 648 601 667 se
626 638 781 677 attingat.
814 637 846 667 h.
872 648 900 666 e.
927 638 968 667 ad
1001 648 1034 666 se

295 682 473 722 pertineat.
512 681 530 699 ²*
547 681 647 710 Tusc.
681 691 711 710 ν.
742 684 798 711 33.
835 681 1035 721 cupiditates

296 726 532 756 necessitatem
561 734 629 754 non
658 726 842 763 attingunt,
868 726 888 754 i.
914 735 943 754 e.
969 734 1035 753 non

296 772 377 799 sunt
403 769 609 798 necessariae.
644 768 726 807 Leg.
754 769 786 798 ii.
816 772 845 799 5.
869 777 942 807 qnae
970 777 1036 797 non

298 813 405 851 magis
431 812 513 851 legis
539 821 662 841 nomen
687 813 871 849 attingunt,
893 812 1038 851 (meren-

297 856 368 893 tur)
388 866 487 894 qnam
513 855 539 885 si
562 855 709 885 latrones
727 855 838 893 aliqua
853 857 1037 885 sanxerint,

298 900 317 918 ³*
329 900 409 938 Leg.
427 900 460 929 ii.
484 902 507 928 1.
532 898 596 928 alia
613 909 711 929 cansa
724 909 777 928 me
793 899 951 935 delectat,
964 908 1038 938 qnae

298 948 334 974 te
364 953 431 972 non
455 944 591 980 altingit
618 944 674 972 ita.
699 942 800 972 Acad.
825 944 865 973 iv.
889 946 940 973 31.
964 952 1038 982 quae

300 997 350 1018 res
368 997 444 1016 eum
463 987 508 1016 sic
526 988 671 1025 attingit.
710 986 750 1015 ad
766 986 837 1016 Att.
856 987 898 1016 ix.
918 990 967 1016 11.
1005 986 1038 1015 Si

299 1041 366 1070 qua
383 1040 463 1060 cura
478 1036 512 1059 te
529 1031 675 1068 ‹tuing-it.
698 1029 798 1059 Τιιεο.
816 1030 857 1059 iv.
877 1033 924 1060 13.
951 1034 987 1059 ut
1005 1030 1037 1059 in

301 1074 397 1104 malis
415 1074 559 1113 corporis
576 1073 761 1103 similitudo
778 1075 914 1112 attingit
935 1073 1038 1103 animi

302 1123 472 1153 naturam,
489 1118 535 1146 sic
553 1118 586 1146 in
603 1118 708 1146 bonis.
728 1116 759 1146 h.
777 1127 806 1147 e.
824 1117 1040 1155 quemadmo—

302 1162 382 1191 dum
412 1161 617 1197 affectiones,
644 1161 817 1199 morbique
846 1161 949 1190 animi
982 1161 1040 1190 ha-

302 1206 383 1234 bent
407 1203 577 1243 quandam
601 1204 859 1233 similitudinem
876 1214 953 1234 cum
970 1214 1041 1233 cor-

302 1249 390 1288 poris
409 1248 530 1277 morbis
557 1248 868 1286 affectionihnsque,
885 1249 930 1278 sic
955 1248 1042 1278 bona

303 1292 448 1331 corporis
476 1301 553 1321 cum
580 1292 673 1321 bonis
702 1292 823 1321 animi:
850 1293 982 1321 animus
1006 1293 1041 1321 in

302 1341 445 1374 utroque
486 1344 608 1374 genere
648 1336 765 1364 similis
803 1339 853 1364 est
901 1336 1040 1375 corpori.

301 1379 320 1397 *²
333 1379 428 1409 Rosc.
446 1378 485 1408 A.
502 1379 553 1409 26.
578 1379 708 1415 bestiae,
728 1388 801 1417 quae
819 1383 953 1409 tantum
972 1389 1041 1408 sce-

303 1422 353 1452 lus
369 1423 565 1460 attigissent.
583 1423 605 1452 i.
627 1432 655 1453 e.
679 1423 717 1452 de
741 1428 812 1452 tam
829 1422 968 1452 scelesto
986 1423 1042 1452 ho-

306 1467 395 1496 mine
427 1466 662 1503 comedissent,
687 1471 726 1495 ut
749 1466 856 1496 Graeci
888 1466 1044 1496 ἅπτεσθαι

304 1510 421 1539 eodem
437 1509 546 1539 modo.
564 1520 592 1539 v.
607 1520 634 1539 c.
650 1509 802 1550 Thucyd.
820 1510 913 1541 ii.50.
938 1511 1041 1540 *Mu-

306 1564 378 1584 ren.
402 1557 433 1587 9.
456 1554 623 1592 attingere
645 1553 768 1590 forum,
793 1554 963 1591 dicuntur,
987 1554 1042 1592 qui

302 1598 414 1637 posita
438 1600 600 1636 praetexta
622 1607 641 1626 a
657 1603 798 1636 praetore
816 1598 849 1627 in
866 1598 936 1627 foro
959 1598 1044 1627 acci-

305 1642 404 1681 piunt
418 1644 534 1679 togam
552 1651 683 1680 puram,
702 1651 767 1678 qna
783 1646 923 1680 acnepta
945 1641 983 1671 iis
1006 1641 1044 1671 li-

305 1689 360 1713 cet
392 1684 425 1713 in
457 1685 528 1713 foro
556 1685 689 1721 versari,
715 1694 831 1714 causas
858 1694 955 1723 agere
983 1685 1043 1714 &c.

305 1728 324 1746 ὅ
336 1728 406 1757 Att.
424 1728 491 1757 xiii.
509 1730 560 1757 33.
586 1728 706 1758 horum
723 1728 771 1758 xix
790 1738 852 1767 ego
867 1729 965 1767 (litigi
988 1738 1045 1768 pe-

307 1771 444 1801 nulam:
470 1772 661 1811 parcissime
691 1772 839 1808 invitmi‚
867 1776 905 1802 ut
931 1782 1044 1802 mane—

306 1818 393 1845 rent.
416 1814 571 1844 *Caecim
603 1818 649 1848 17.
676 1825 745 1844 rem
772 1816 812 1844 ad
835 1817 969 1846 verbum
995 1820 1045 1845 at-

306 1860 444 1897 tingere,
463 1858 483 1887 i.
500 1868 529 1888 e.
546 1859 748 1897 intelligere,
760 1859 932 1898 judicare:
958 1861 984 1890 si
996 1864 1045 1889 ta-

308 1912 387 1932 men
406 1901 504 1931 lectio
521 1911 603 1932 sana
618 1907 680 1932 est.

351 1945 516 1975 Acconsus.
542 1946 642 1976 Tusc.
658 1956 688 1975 v.
706 1949 756 1979 17.
780 1945 850 1976 laus
868 1952 917 1977 est
934 1951 1047 1976 atton-

307 1998 344 2019 sa
360 1988 544 2019 Laconum.
562 1990 583 2019 i.
602 2000 630 2019 e.
649 1990 840 2020 imminuta.
858 2001 874 2019 c
891 1994 1000 2030 poeta.

354 2033 506 2063 Attrcdm.
539 2033 580 2063 ad
604 2034 680 2064 Div.
698 2034 752 2063 vii.
773 2037 819 2063 lO.
851 2034 994 2065 Romam
1012 2040 1045 2064 te

312 2078 498 2114 attraham,
515 2076 548 2106 h.
566 2087 595 2106 e.
612 2077 724 2107 venire
737 2077 873 2115 jubebo.

354 2121 509 2150 Atera-to.
534 2120 614 2150 Cael.
633 2124 661 2152 8.
685 2125 864 2152 (atrectare
874 2121 1044 2151 foeminas:

313 2167 364 2193 est
377 2174 435 2203 per
448 2163 621 2194 libidinem
631 2165 826 2203 contingere
840 2170 964 2205 partes,
975 2166 1047 2204 qui-

315 2207 377 2237 bus
402 2206 504 2237 libido
523 2208 695 2239 incitatur.
742 2209 802 2238 Est
818 2209 956 2239 x‘erbum
973 2219 1047 2248 pro-

315 2251 427 2290 prium
445 2252 479 2281 in
497 2261 536 2281 ea
549 2260 596 2289 re,
608 2262 673 2292 quo
690 2261 769 2282 usus
786 2252 889 2282 etiam
906 2253 1045 2283 Sueton.

316 2293 397 2324 Ner.
415 2295 468 2325 26.

357 2338 517 2368 Aur-ibim.
540 2337 641 2368 Tusc.
656 2338 700 2369 iii.
714 2342 766 2370 30.
787 2349 854 2369 non
870 2341 1048 2370 attribuere

317 2381 359 2411 ad
372 2382 585 2412 amissionem
602 2383 786 2412 amicorum
801 2383 970 2413 miseriam
989 2394 1047 2413 no—

314 2431 432 2455 stram.
455 2426 476 2454 i.
494 2435 523 2455 e.
540 2426 693 2465 adjicere.
719 2427 737 2444 ²*
752 2427 787 2457 in
805 2436 838 2456 re
856 2428 1049 2467 pecuniaria

317 2468 398 2508 qnid
414 2469 469 2505 sit,
487 2479 516 2499 v.
534 2469 568 2499 in
588 2470 787 2500 Attribucns.

357 2513 549 2549 Ateributz‘o,
590 2513 679 2553 apud
721 2514 872 2544 rhetores
910 2514 1047 2552 dicitur,

311 2555 469 2595 quicquid
495 2557 543 2586 rei
577 2558 749 2588 tribuitur.
795 2557 905 2597 Vulgo
929 2558 1049 2598 praedi-

314 2604 439 2629 catum.
457 2610 486 2629 ν.
504 2599 575 2630 Inv.
592 2600 613 2630 i.
632 2601 683 2631 ⁶26.
720 2601 739 2619 ’¹²
752 2601 786 2630 in
804 2610 838 2630 re
856 2602 1049 2641 pecuniaria

314 2642 449 2680 dicitur,
477 2653 577 2681 quam
607 2643 705 2675 hodie
728 2644 828 2683 vulgo
852 2646 1049 2684 assignatio-

316 2695 394 2716 nem
416 2692 550 2724 vocant,
568 2697 645 2717 cnm
670 2697 737 2717 non
757 2688 819 2727 ipsi
835 2688 993 2718 solvimus
1009 2698 1049 2719 ex

314 2739 404 2767 arca,
420 2730 478 2760 sed
501 2731 541 2760 ab
565 2730 644 2767 alio,
661 2732 716 2771 qui
742 2732 835 2761 nobis
861 2736 921 2762 aut
936 2732 1048 2769 debet,

316 2778 375 2803 aut
387 2783 446 2813 pro
461 2775 554 2804 nobis
570 2773 697 2804 solvere
713 2780 849 2815 paratus
867 2780 917 2805 est
934 2776 1050 2805 amici-

314 2817 372 2846 tiae
396 2827 485 2856 ergo.
518 2817 560 2848 ad
582 2818 657 2849 Div.
681 2819 745 2848 xvi.
764 2821 816 2849 24.
844 2819 917 2849 Att.
936 2819 999 2849 xvi.
1018 2823 1049 2850 3.

314 2860 349 2890 in
373 2862 585 2892 attributione
609 2861 691 2891 mihi
715 2862 832 2900 ignota
849 2863 997 2892 nomina.
1015 2862 1047 2893 h.

311 2912 340 2935 e.
366 2904 530 2944 homines,
547 2915 567 2936 a
582 2905 702 2946 quibus
718 2905 800 2936 mihi
817 2905 944 2937 solvere
961 2906 1046 2946 vult,

1072 204 1177 242 ignoti
1201 207 1282 234 sunt
1304 202 1395 233 mibi.
1427 202 1531 234 Attio..
1548 203 1612 234 xvi.
1632 207 1660 235 1.
1690 207 1740 235 est
1757 202 1798 234 de

1071 247 1238 277 solutione
1262 247 1426 287 pecuniae,
1443 257 1516 287 quae
1538 250 1697 279 attributa
1714 252 1765 278 est
1780 257 1801 279 a

1073 291 1247 320 creditore.

1116 335 1312 364 Attributzts.
1335 335 1428 365 Verr.
1442 335 1462 365 i.
1480 338 1527 365 13.
1551 336 1693 375 pecunia
1703 335 1801 365 attri-

1075 379 1163 413 buta,
1180 377 1212 406 h.
1237 388 1265 407 c.
1290 388 1363 416 qnae
1388 378 1480 408 nobis
1505 378 1644 408 solvitur
1666 379 1706 408 ab
1723 378 1801 415 alio,

1075 421 1153 451 data
1176 422 1413 459 assignatione,
1430 432 1530 460 quam
1554 422 1650 451 hodie
1671 427 1802 451 vocant.

1075 464 1167 494 Verr.
1185 465 1230 494 iii.
1248 468 1299 498 ῖὈ.
1331 465 1520 501 societates,
1546 465 1632 495 unde
1656 470 1726 495 erat
1751 468 1803 495 ut-

1076 509 1200 538 trihuta
1219 509 1369 547 pecunia.
1393 507 1462 538 Att.
1476 509 1543 538 xiii.
1557 511 1608 539 2¹2.
1632 510 1804 539 [att-ibutos

1076 551 1165 589 qnod
1195 551 1353 591 appelles,
1378 551 1471 581 valde
1502 553 1614 592 probo.
1645 553 1805 582 Ateribuei

1077 600 1156 624 sunt
1180 595 1216 632 ii,
1232 605 1251 625 a
1267 595 1384 633 quibus
1401 597 1561 625 attributa
1579 601 1628 625 est
1646 596 1804 635 pecunia,

1077 648 1097 668 a
1113 638 1231 678 quibus
1249 638 1378 668 debitor
1393 638 1500 669 solvit.

1120 682 1284 712 Avaritia.
1320 682 1388 712 Fin.
1416 683 1457 711 iv.
1487 685 1539 717 27.
1578 683 1741 720 avaritiae,
1770 682 1805 712 in

1078 725 1164 765 plur.
1181 726 1274 756 Verr.
1292 727 1325 755 ii.
1344 729 1395 757 54.
1419 727 1562 757 avaritia
1578 726 1674 756 hians
1691 731 1724 756 et
1742 726 1807 756 im-

1079 770 1221 799 minens.

1122 813 1254 843 Auclor.
1278 812 1387 850 Hujus
1400 812 1550 842 vocabuli
1568 812 1742 852 multiplex
1756 817 1807 843 est

1080 860 1114 886 et
1136 858 1244 885 varius
1263 856 1350 895 apud
1368 857 1561 885 Ciceronem
1582 866 1671 885 usus.
1716 856 1810 896 Quas

1080 910 1139 929 nos
1172 900 1304 938 quidem
1329 900 1573 929 observavimus
1598 899 1741 929 diversas
1765 899 1809 929 si-

1080 944 1325 983 gnificationes,
1343 943 1393 973 hae
1411 947 1489 973 sunt
1504 955 1509 972 :

1128 986 1157 1025 l)
1193 987 1232 1024 is,
1260 997 1279 1016 a
1303 997 1366 1025 quo
1394 986 1484 1016 fama
1507 991 1581 1016 orta
1604 990 1668 1023 est,
1691 992 1725 1016 et
1751 987 1808 1026 qui

1081 1030 1189 1060 dicere
1214 1036 1337 1070 potest,
1355 1030 1443 1059 unde
1467 1030 1601 1067 habeat,
1619 1040 1691 1068 quae
1714 1030 1807 1060 dicit.

1082 1074 1122 1104 ad
1135 1074 1211 1104 Div.
1225 1074 1280 1104 xii.
1297 1076 1328 1104 4.
1352 1074 1479 1104 Rumor
1496 1078 1724 1103 erat—auctor
1737 1077 1810 1103 erat

1082 1127 1191 1147 nemo.
1216 1117 1314 1148 Unde
1339 1123 1457 1147 auctor
1479 1118 1581 1147 etiam
1606 1127 1664 1157 pro
1686 1117 1810 1147 nuncio

1082 1166 1145 1191 est.
1178 1161 1242 1191 vid.
1268 1162 1369 1191 Gron.
1387 1161 1428 1190 ad
1445 1161 1516 1191 Liv.
1534 1171 1562 1190 v.
1584 1164 1610 1190 l.
1642 1160 1758 1190 Heius.
1776 1164 1811 1190 et

1082 1204 1198 1235 Burin.
1216 1205 1256 1234 ad
1273 1204 1369 1234 Ovid.
1385 1206 1423 1234 A.
1442 1206 1475 1234 ii.
1493 1205 1522 1235 6.
1547 1207 1599 1235 34.

1127 1251 1159 1283 2)
1186 1254 1382 1288 proeceptor.
1406 1249 1469 1278 Off.
1495 1249 1528 1278 ii.
1553 1249 1581 1278 ⁶2.
1606 1257 1810 1287 quamquam

1083 1293 1116 1322 in
1147 1293 1381 1331 antiquissima
1406 1291 1626 1332 philosophia,
1653 1290 1812 1330 Cratippo

1083 1341 1223 1372 auctore,
1241 1336 1388 1365 versaris.

1127 1381 1160 1417 3)
1189 1380 1243 1419 qui
1257 1379 1448 1419 exemplum
1461 1380 1507 1409 rei
1523 1377 1684 1408 faciendae
1700 1377 1811 1408 dedit:

1085 1424 1140 1462 qui
1165 1433 1233 1453 rem
1253 1423 1361 1452 facere
1379 1423 1497 1453 suadet
1514 1430 1573 1452 aut
1589 1422 1741 1462 praecipit
1757 1431 1814 1450 ex·

1085 1467 1205 1506 emplo.
1237 1466 1394 1496 Academ.
1420 1467 1462 1496 iv.
1490 1467 1519 1497 52.
1550 1475 1612 1495 nec
1638 1465 1812 1495 literarum

1085 1510 1112 1539 (ι
1117 1521 1277 1540 raecaium
1302 1520 1363 1539 nec
1384 1509 1628 1549 Philosophiae
1615 1519 1687 1548 Jam
1704 1508 1811 1538 ullum

1085 1559 1246 1584 auztmcm
1266 1554 1558 1592 requi10,sc.cum
1572 1553 1767 1582 Africanum
1780 1555 1816 1582 et

1087 1599 1111 1628 C
1116 1603 1251 1627 itoneni
1275 1598 1428 1633 habeam,
1445 1597 1499 1636 qui
1525 1589 1724 1627 didicemnt.
1749 1595 1814 1626 Off.

1086 1643 1131 1672 iii.
1146 1644 1197 1675 ‘27
1223 1652 1303 1671 num
1323 1641 1554 1681 locupletiores
1571 1640 1690 1679 quaeris
1705 1644 1817 1670 aucto-

1086 1696 1136 1715 res
1148 1686 1163 1715 :⁹
1181 1686 1274 1715 Vei-r.
1289 1686 1335 1714 iii.
1348 1689 1399 1716 33.
1422 1685 1490 1715 Cur
1502 1694 1582 1721 non,
1596 1684 1657 1713 hoc
1670 1688 1813 1721 auctore,

1087 1730 1190 1759 etiam
1214 1729 1329 1759 Romae
1354 1731 1436 1759 servi
1462 1728 1503 1758 ad
1527 1727 1703 1767 vectigalia
1721 1736 1815 1757 acce-

1088 1773 1184 1802 dunt.
1215 1773 1307 1803 Verr.
1326 1783 1353 1802 v.
1374 1773 1424 1802 26.
1448 1772 1562 1802 Unum
1587 1775 1751 1802 auctorem
1767 1770 1817 1801 fa-

1088 1818 1134 1846 cti
1146 1817 1196 1846 tui
1210 1816 1329 1856 profer.
1352 1816 1421 1846 Fin.
1435 1816 1476 1846 iv.
1491 1816 1540 1845 16.
1566 1815 1649 1845 Cato
1662 1815 1815 1845 omnium

1089 1861 1251 1890 virtutum
1269 1864 1391 1890 auctor.
1408 1861 1428 1889 i.
1445 1869 1474 1889 e.
1491 1859 1670 1898 exemplar.

1132 1907 1164 1942 4)
1193 1905 1249 1943 qui
1273 1914 1343 1933 rem
1360 1904 1468 1933 facere
1484 1902 1615 1939 suadet,
1633 1906 1692 1932 aut
1702 1902 1816 1940 jubet,

1090 1954 1148 1978 aut
1164 1948 1342 1988 permittit.
1366 1948 1441 1978 Div.
1455 1947 1475 1976 i.
1492 1950 1540 1977 15.
1565 1955 1639 1975 aves
1657 1949 1816 1982 (lactares,

1089 2001 1134 2021 se.
1152 2001 1261 2021 rerum
1280 1990 1564 2030 suscipiendarum
1582 1994 1641 2019 aut
1657 1989 1817 2019 omitten-

1090 2035 1220 2065 darum.
1245 2035 1286 2065 cf.
1302 2035 1405 2065 Attio.
1424 2035 1443 2064 i.
1463 2038 1512 2068 19.
1536 2037 1569 2062 et
1587 2033 1687 2063 Dom.
1705 2035 1758 2066 29.

1134 2080 1166 2117 5)
1201 2078 1232 2113 a)
1259 2083 1372 2109 auctor
1397 2077 1478 2117 legis
1511 2077 1643 2114 dicitur,
1669 2077 1725 2115 qui
1752 2074 1820 2117 pri-

1089 2132 1183 2153 mum
1208 2123 1315 2161 legem
1340 2122 1448 2158 seixit,
1473 2122 1573 2152 Dom.
1593 2124 1645 2151 30.
1678 2120 1712 2159 b)
1735 2119 1818 2158 legis

1089 2176 1216 2203 suasor,
1247 2166 1391 2204 adjutor,
1424 2164 1589 2201 laudator,
1620 2163 1696 2203 Agr.
1728 2163 1762 2193 ii.
1769 2142 1820 2193 5.

1090 2210 1171 2249 Leg.
1188 2210 1233 2240 iii.
1256 2212 1304 2240 16
1334 2210 1375 2239 cf.
1392 2209 1493 2239 Gron
1510 2208 1551 2238 ad
1566 2208 1636 2238 Liv.
1653 2208 1687 2238 ii.
1704 2207 1755 2238 56.
1785 2203 1815 2244 c)

1090 2255 1145 2292 qui
1170 2253 1278 2293 legem
1302 2254 1379 2283 ferri
1398 2253 1512 2291 jubet,
1529 2252 1617 2290 quod
1637 2255 1709 2281 erat
1725 2259 1821 2280 sena-

1089 2302 1169 2335 tus;
1202 2297 1290 2328 unde
1323 2298 1498 2326 Senatores
1529 2299 1676 2326 auctores
1705 2293 1821 2333 legum

1090 2341 1261 2370 dicuntur.
1285 2341 1378 2371 Verr.
1396 2350 1425 2369 v.
1444 2340 1495 2373 67.

1135 2384 1167 2423 G)
1195 2389 1340 2415 auctores
1362 2385 1396 2413 in
1418 2387 1551 2419 senatu,
1568 2381 1664 2412 Brut.
1684 2383 1736 2411 34.
1762 2383 1823 2410 aut

1091 2428 1218 2458 consilii
1237 2428 1373 2468 publici.
1407 2428 1464 2457 Or.
1482 2427 1503 2456 i.
1520 2429 1572 2459 49.
1597 2429 1676 2456 sunt
1698 2424 1823 2464 princi-

1090 2481 1148 2511 pes
1172 2473 1362 2509 Senatores,
1378 2471 1410 2500 h.
1435 2480 1463 2500 e.
1485 2469 1697 2505 Consulares,
1715 2474 1749 2497 et
1766 2467 1823 2506 qui

1091 2515 1217 2545 habent
1241 2517 1298 2555 jus
1329 2514 1506 2545 sententiae
1533 2513 1634 2553 priori
1659 2511 1822 2548 dicendae,

1091 2559 1239 2598 adeoque
1257 2559 1302 2589 rei
1322 2559 1462 2597 alicujus
1486 2562 1633 2588 auam-es
1651 2555 1722 2586 fieri
1746 2563 1823 2595 pos-

1091 2608 1181 2632 sunt.
1203 2604 1299 2640 item,
1313 2603 1368 2642 qui
1387 2601 1532 2631 multum
1549 2600 1660 2630 valent
1678 2600 1712 2629 in
1727 2607 1825 2628 sena-

1090 2651 1142 2695 tu,
1166 2651 1206 2676 ut
1240 2647 1296 2677 Or.
1321 2647 1368 2676 iii.
1396 2649 1443 2679 17.
1482 2646 1577 2682 item,
1602 2644 1659 2683 qui
1682 2642 1823 2679 alicujus

1091 2691 1137 2719 rei
1153 2690 1186 2719 in
1200 2695 1321 2720 senatu
1336 2693 1449 2720 auctor
1451 2699 1481 2719 es
1496 2695 1576 2718 sunt
1589 2685 1822 2721 decernendae,

1091 2733 1162 2763 Att.
1192 2735 1239 2764 iii.
1267 2736 1316 2764 18.
1346 2734 1380 2763 in
1401 2742 1543 2772 quorum
1561 2730 1765 2761 sententiam
1784 2728 1825 2758 fit

1092 2766 1229 2808 sctum.
1254 2777 1296 2807 ad
1319 2777 1409 2807 Fam.
1441 2786 1491 2806 xv.
1517 2778 1548 2806 4.
1578 2775 1705 2814 Regem
1728 2772 1824 2802 Ario-

1091 2820 1285 2858 barzanem,
1309 2826 1343 2850 te
1372 2825 1515 2856 auctore,
1547 2816 1823 2848 commendatum

1092 2863 1266 2894 habebam.
1290 2864 1322 2894 h.
1340 2874 1369 2893 e.
1387 2874 1404 2894 e
1421 2863 1507 2893 SCto
1525 2863 1559 2892 in
1576 2867 1671 2892 tuam
1687 2864 1824 2890 senten-

1093 2907 1177 2938 tiam
1193 2908 1293 2939 facto.
1310 2907 1352 2939 cf.
1367 2907 1510 2938 Gronov.
1526 2906 1568 2936 ad
1581 2906 1652 2936 Liv.
1669 2904 1755 2936 xxiv.
1770 2904 1824 2934 43.
