1920 3196
683 91 830 123 mnnx
862 91 1160 121 nummus.
1598 85 1681 124 235

161 186 286 221 Nerius
307 182 411 216 index
434 180 536 214 edidit
562 180 604 212 ad
630 180 812 221 allegatos:
838 179 898 211 hat

165 233 354 271 ausgesagt.
390 228 491 259 Doni.
530 227 561 257 6.
599 226 708 266 operis
737 226 897 264 ediderat,

165 272 320 318 (dixerat)
351 280 465 302 meum
497 279 632 300 uomen-
661 269 757 300 Verr.
782 269 816 299 ii.
844 271 900 300 42.

164 316 334 359 postulata
355 315 460 351 edere,
484 314 644 344 dicuntur
666 312 898 354 provinciales,

163 371 242 392 cum
267 370 307 390 ea
334 358 376 389 ad
401 357 563 389 Consules
588 357 766 395 deferunt3
794 358 896 387 item:

163 406 199 435 in
226 402 402 444 postulatis
425 402 519 433 edere
543 400 679 440 aliquid.
702 401 820 440 Quint.
844 402 897 431 24.

164 449 293 478 socium
306 448 340 477 in
355 446 453 486 hujus
470 445 563 475 bonis
575 445 637 475 tibi
650 445 776 475 ecliclfsti
792 445 907 484 §guin-1

161 492 267 522 tium:
302 491 324 521 i.
348 501 376 520 e.
401 489 566 531 professus
590 498 635 518 es.
661 488 678 506 ³*
693 488 732 518 de
756 487 900 518 oraculis

161 535 263 565 etiam
277 534 409 565 dicitur.
426 533 490 564 Off.
505 533 537 564 ii.
551 534 604 564 22.
631 532 768 572 Pythius
780 532 899 573 Apollo

161 578 297 610 oraculo
312 578 424 609 edidit.

206 622 391 654 Edueator.
428 620 541 651 Plane.
569 622 622 652 33.
657 619 730 659 quis
760 624 811 650 est
840 629 899 649 no-

159 669 268 696 otrum
286 665 470 696 liberaliter
481 664 657 701 educatus,
670 664 724 695 cui
738 673 805 694 non
820 664 899 694 edu-

161 714 300 746 catores,
319 711 372 739 cui
397 718 464 739 non
490 708 641 747 magistri
659 712 759 747 atque
784 707 898 737 docto-

163 763 225 784 res.
269 753 435 783 Videntur
451 752 597 782 Gesnero
621 761 651 782 v.
667 762 695 781 c.
713 751 897 792 paedagogi.

164 798 218 827 Sic
235 799 286 827 est
300 806 354 837 ap.
367 797 448 827 Tac.
466 796 504 826 A.
522 797 584 826 xiv.
601 799 632 826 3.
677 795 742 825 Sed
758 796 835 834 quia
848 804 900 824 se-

163 841 281 880 quitur
296 841 410 880 alitus,
424 839 531 870 intell.
543 839 664 870 altores
681 843 715 869 et
732 843 899 880 parentes.

163 884 207 916 N.
223 885 266 915 D.
283 885 316 914 ii.
333 887 384 915 34.

209 927 376 966 Jiducsre,
409 937 468 967 pro
499 926 654 964 educare,
689 927 748 957 Or.
779 926 813 956 ii.
845 928 898 957 28.

164 971 183 990 ὓ
199 972 354 1002 emittere
378 981 510 1010 aquam.
535 970 610 1001 Div.
635 971 657 1000 i.
688 973 741 1001 44.
765 971 898 1000 educere

163 1015 287 1046 lacum.
318 1015 337 1033 ’ἓ
354 1015 445 1045 (duci
469 1014 626 1044 dicuntur
652 1014 817 1052 homines,
842 1014 898 1053 qui

164 1068 243 1088 cum
271 1058 522 1098 magistratibus
548 1068 663 1088 eorum
690 1065 809 1096 rogatu
839 1062 900 1088 aut

157 1102 255 1141 jussu
301 1103 335 1132 in
380 1102 564 1142 provincias
610 1101 897 1142 proficiscuntur;

164 1146 447 1185 quemadmodum
480 1150 598 1175 contra
626 1145 759 1182 deduci,
789 1146 844 1184 qui
881 1155 898 1175 e

164 1190 336 1231 provincia
349 1189 517 1228 jubentur
531 1199 608 1219 curn
628 1189 739 1228 aliquo
755 1189 898 1219 Romam

164 1234 288 1264 venire.
313 1233 423 1263 Pison.
440 1235 494 1264 34.
518 1232 576 1263 sed
591 1233 620 1264 ei
637 1233 780 1270 medico,
797 1243 898 1272 quem

163 1283 277 1306 tecum
292 1277 465 1314 edua-eras,
483 1277 665 1317 imperasti.
689 1276 771 1307 *est
795 1278 899 1307 etiam

165 1320 199 1350 in
225 1321 458 1351 sortitionibus
482 1321 627 1351 educere.
660 1320 755 1351 Verr.
784 1321 818 1352 ii.
848 1323 898 1355 17.

163 1364 271 1395 educit
307 1374 347 1395 ex
379 1374 465 1395 urna
499 1370 578 1395 tres.
613 1363 656 1395 cf.
693 1364 773 1406 Agr.
804 1365 839 1396 ii.
867 1367 899 1396 Β.

163 1407 289 1438 *Verr.
315 1409 348 1438 ii.
373 1409 425 1439 26.
451 1408 610 1440 Metellus
632 1408 827 1439 Heraclium
848 1418 899 1438 re-

163 1452 262 1482 stitui
281 1451 442 1490 jusserat,
460 1461 527 1482 non
545 1452 795 1483 restituebatur.
811 1452 901 1491 quis-

165 1495 238 1534 quis
263 1500 334 1526 erat
357 1496 491 1526 eductus
513 1502 648 1527 senator
670 1497 897 1536 Syracusanus

165 1540 206 1569 ab
231 1538 401 1578 Heraclio,
418 1539 493 1570 duci
511 1541 665 1580 jubebat.
688 1541 801 1579 itaque
825 1550 900 1580 per-

165 1582 266 1614 multi
289 1583 382 1613 ducti
410 1588 500 1614 sunt.
533 1585 643 1615 Locus
670 1584 842 1622 obscurus,
863 1584 898 1614 in

164 1636 231 1664 quo
247 1627 445 1666 explicando
460 1627 625 1658 sudarunt
648 1628 707 1658 viri
730 1628 833 1665 docti,
850 1628 899 1658 of-

164 1669 250 1700 fensi
268 1672 366 1700 verbo
381 1671 527 1711 eductus,
540 1671 628 1711 quod
645 1681 722 1701 eum
735 1671 899 1702 Lambino

165 1713 200 1743 in
227 1714 334 1745 editus
361 1719 531 1746 mutatum
560 1716 716 1755 cupiebat
739 1716 899 1748 Graevius,

166 1757 212 1788 Et
227 1757 335 1788 solent
350 1758 422 1788 haee
437 1760 537 1789 verba
551 1759 735 1800 permutari
751 1760 786 1789 in
803 1759 898 1791 MSS.

167 1810 196 1830 v.
212 1802 385 1833 Drakenb.
409 1802 449 1832 ad
473 1802 544 1834 Liv.
561 1803 671 1833 xxxix.
692 1806 740 1833 15.
771 1803 835 1833 Sed
851 1803 900 1833 lo-

167 1854 224 1875 cus
252 1845 335 1876 nihil
357 1846 428 1876 vitii
452 1846 564 1877 habet.
610 1847 763 1877 Edueere
787 1850 837 1877 est
864 1848 898 1876 in

161 1888 218 1928 jus
235 1889 369 1927 ducere,
386 1900 481 1920 reum
499 1891 607 1921 facere
622 1902 628 1917 ε
653 1894 688 1920 et
711 1890 774 1921 hoc
797 1901 898 1922 sensu

166 1942 234 1963 nou
258 1943 327 1963 uno
350 1933 422 1963 loco
442 1944 521 1964 usus
538 1938 589 1964 est
605 1934 732 1965 Cicero.
750 1935 828 1966 ibid.
844 1938 899 1969 37.

166 1976 214 2006 ita
241 1976 291 2007 illi
321 1987 389 2007 non
419 1979 683 2017 procrastinant:
719 1978 898 2010 Sthenium

165 2021 281 2050 statim
298 2021 441 2051 educunt
452 2033 461 2051 .·
479 2023 575 2052 aiunt
587 2023 627 2052 ab
639 2032 678 2052 eo
691 2022 803 2053 literas
817 2024 899 2063 pub-

165 2060 246 2093 licas
258 2073 328 2094 esse
341 2071 525 2105 corruptas.
548 2066 627 2097 ibid.
639 2067 750 2100 iii.47.
774 2070 898 2098 etcum

167 2105 202 2136 in
223 2108 281 2146 jus
307 2108 418 2147 ipsum
443 2110 550 2140 eduxi.
578 2109 657 2140 ibid.
685 2112 737 2141 (55.
768 2110 899 2141 aditum

166 2155 218 2181 est
234 2151 276 2181 ad
291 2151 486 2183 Metellum:
503 2154 635 2184 eductus
647 2160 696 2183 est
709 2154 875 2194 Apronius
890 2167 897 2185 :

164 2194 279 2225 eduxit
293 2195 343 2225 vir
356 2196 533 2236 primarius
551 2197 587 2227 C.
600 2197 727 2227 Gallius
744 2203 896 2229 senator:

165 2237 349 2277 postulavit
370 2249 390 2269 a
412 2240 566 2278 Metello,
583 2244 622 2271 ut
644 2252 682 2271 ex
707 2241 817 2272 edicto
839 2252 900 2272 suo

158 2281 328 2321 judicium
352 2282 447 2314 daret
467 2284 503 2315 in
519 2284 716 2324 Apronium.
739 2286 798 2315 ἃς.
823 2295 898 2315 sen-

165 2333 221 2355 tus
237 2336 315 2366 ergo
335 2326 389 2356 hie
412 2331 480 2359 est:
506 2328 663 2359 Metellus
687 2339 765 2359 cum
782 2329 901 2369 jussis-

164 2373 228 2406 set,
246 2369 441 2401 Heraclium
459 2372 629 2412 Syracusis
650 2377 685 2403 et
707 2373 899 2413 Epicratem

164 2410 256 2444 Bidis
273 2414 417 2453 restitui,
430 2415 484 2445 hic
498 2417 675 2447 restitutus
687 2422 751 2454 est,
764 2416 819 2446 ille
833 2427 899 2446 non

164 2455 259 2487 item.
306 2458 409 2498 Cujus
435 2461 481 2489 rei
508 2470 609 2490 causa
627 2471 705 2490 cum
724 2461 899 2491 Heraclius

163 2506 347 2540 senatores,
364 2502 406 2532 ad
429 2513 510 2541 quos
534 2514 608 2544 pars
632 2513 743 2534 rerum
762 2514 899 2534 suarum

164 2550 372 2582 pervenerat,
390 2546 432 2576 ad
456 2547 637 2578 Praetorem
662 2547 839 2578 Metellum
865 2549 898 2577 in

158 2587 216 2626 jus
239 2594 400 2627 vocasset,
424 2591 510 2629 iique
535 2592 711 2621 restituere
736 2601 801 2620 non
827 2601 902 2631 pos-

164 2635 254 2668 sent,
272 2632 426 2663 Heraclio
442 2635 578 2672 addicti,
595 2636 635 2665 ab
651 2645 690 2665 eo
714 2635 748 2664 in
769 2635 902 2665 vincula

166 2673 260 2704 ducti
288 2682 379 2706 sunt.
402 2677 444 2708 cf.
471 2678 603 2708 (lucere.
649 2679 806 2709 Ceterum
834 2679 899 2708 huc

164 2719 314 2757 pertinet
339 2720 441 2751 etiam
466 2721 557 2752 locus
582 2722 694 2753 Plane.
720 2724 771 2753 23.
798 2727 898 2762 atquc

164 2762 192 2791 is
223 2763 356 2801 quidem
387 2766 522 2796 eductus
559 2766 599 2795 ad
637 2766 811 2804 Consules,
842 2767 899 2806 qui

162 2810 239 2835 tum
265 2806 298 2836 in
322 2807 449 2838 crimen
472 2810 666 2847 vocabatur,
686 2820 720 2839 se
742 2810 854 2849 inique
880 2820 899 2840 a

163 2849 232 2879 tuis
243 2851 428 2890 jactatum,
445 2853 591 2892 graviter
607 2854 808 2892 querebatur
823 2856 883 2885 (ke.

208 2891 341 2934 ὶζθὶινί,
363 2897 503 2929 verbum
525 2897 698 2937 augurale,
720 2897 760 2929 de
783 2907 899 2929 conse-

943 181 1162 219 crationibus,
1194 177 1473 211 dedicationibus.
1509 181 1580 213 Att.
1610 183 1682 215 xiii.

942 226 996 255 42.
1019 230 1102 255 (extr.
1131 225 1251 265 opinor
1277 233 1420 263 augures
1446 224 1530 255 nihil
1558 225 1684 258 haber·

943 269 985 298 ad
1009 268 1177 309 ternplum
1199 265 1384 307 effandum.
1408 268 1489 308 Leg.
1516 270 1549 299 ii.
1569 273 1599 301 8.
1626 280 1682 300 ur-

943 312 1019 342 bem
1033 318 1065 341 et
1083 322 1178 351 agros
1192 315 1226 342 et
1237 312 1364 352 templa
1376 312 1516 343 liberata
1527 318 1562 343 et
1573 311 1683 353 effata

943 355 1101 386 habento.
1126 358 1225 386 nom.
1252 359 1303 387 55.
1329 365 1389 386 nee
1414 356 1521 386 ullum
1540 358 1680 388 verbum

941 399 1079 430 solenne
1098 401 1207 440 potuit
1222 397 1332 439 effari.
1350 409 1380 431 v.
1396 400 1530 430 Manut.
1549 402 1590 432 ad
1607 402 1680 433 Cic.

944 444 985 473 ad
1009 444 1079 474 Att.
1106 444 1173 473 xiii.
1202 445 1254 475 4⁶2.
1280 443 1393 474 Davis.
1418 444 1460 474 ad
1484 444 1565 484 Leg.
1589 445 1623 476 ii.
1648 449 1680 477 8.

945 486 1029 518 lntt.
1045 487 1086 517 ad
1103 488 1188 517 Gell.
1206 488 1274 517 xiii.
1296 490 1345 517 14.

988 529 1162 572 Iq'ffatztm,
1191 532 1327 562 verbum
1355 531 1583 569 dialecticum,
1612 542 1679 572 quo

945 574 1061 605 Cicero
1091 576 1335 616 interpretatur
1361 574 1487 615 ἀξίωμα.
1518 586 1548 606 ν.
1574 576 1678 608 Acad.

943 619 985 648 iv.
1003 621 1055 653 29.
1079 619 1097 636 ³*
1114 618 1195 658 Leg.
1221 620 1255 649 ii.
1280 622 1310 650 8.
1335 619 1548 650 fatidicorum
1573 625 1608 651 et
1625 631 1679 651 va-

942 669 1015 693 tum
1033 660 1148 702 effata.

988 705 1139 746 ,ἰξθὲι-Ιὶυ.
1165 707 1237 736 Fin.
1254 707 1300 736 iii.
1323 709 1369 737 14.
1394 707 1679 746 quemadmodum

943 752 1178 790 opportunitas
1196 760 1263 780 non
1280 751 1318 780 fit
1336 753 1442 789 major
1458 752 1678 791 productione

942 795 1117 834 temporis,
1142 795 1189 824 sic
1213 801 1306 824 recta
1329 792 1472 834 ‹glf'ccliot
1497 795 1682 838 κατὸξθωσιῠ

943 839 1034 868 enim
1059 839 1105 868 ita
1129 837 1260 878 appello
1285 839 1345 868 &cu
1369 838 1500 869 *causa
1516 840 1679 877 efficiens,

943 881 1046 913 Acad.
1062 883 1083 912 i.
1100 882 1132 913 2.
1156 882 1292 922 physica
1313 883 1531 913 continentur
1546 894 1584 913 ex
1602 881 1680 923 effi*-

941 927 1054 963 ctione,
1071 930 1106 956 et
1122 936 1162 956 ex
1178 926 1319 957 materia
1333 936 1385 964 ea,
1400 937 1501 966 quam
1518 928 1631 967 fingit,
1645 931 1681 957 et

942 969 1068 1000 format
1083 968 1219 1010 effectio,

986 1011 1209 1053 Effbmz'nare.
1231 1013 1312 1044 Nat.
1326 1014 1368 1044 D.
1382 1014 1416 1044 ii.
1431 1015 1482 1045 26.
1506 1011 1681 1054 effemina-

943 1062 1024 1087 runt
1047 1061 1177 1088 aerem:
1208 1057 1241 1087 h.
1269 1067 1297 1087 e.
1324 1057 1484 1088 feminam
1512 1058 1680 1097 fecerunt,

941 1101 1114 1131 dunonem
1132 1100 1341 1142 appellando.

988 1142 1118 1185 Effera,
1134 1145 1175 1175 de
1190 1150 1282 1175 terra
1297 1150 1331 1175 et
1346 1146 1432 1185 agris
1450 1146 1510 1176 διο.
1533 1146 1629 1177 Brut.
1644 1148 1679 1177 4.

942 1186 1063 1229 efferre
1078 1189 1202 1229 fruges.
1225 1188 1319 1221 Verr.
1337 1189 1383 1220 iii.
1407 1193 1460 1224 47.
1485 1200 1562 1220 cum
1584 1200 1679 1230 ager,

942 1233 977 1263 id
997 1233 1085 1272 quod
1108 1242 1242 1274 perraro
1257 1236 1425 1271 evenerat,
1441 1244 1519 1264 cum
1535 1234 1679 1265 decumo

942 1279 1120 1315 extulisset,
1136 1287 1181 1308 sc.
1198 1276 1288 1316 quod
1302 1282 1414 1307 satum
1431 1282 1514 1308 erat.
1530 1278 1608 1308 ibid.
1624 1279 1678 1309 86.

942 1321 1118 1352 videbatur
1140 1321 1174 1350 id
1197 1321 1333 1361 perdere
1357 1331 1482 1360 arator,
1496 1323 1585 1361 quod
1607 1323 1680 1362 agri

943 1369 1141 1405 segetesque
1172 1366 1372 1396 extulissent.
1403 1366 1482 1396 ibid.
1514 1366 1547 1396 ii.
1575 1368 1606 1397 2.
1638 1370 1682 1396 ut.

944 1409 1103 1448 quicquid
1126 1419 1165 1438 ex
1189 1419 1260 1439 sese
1285 1409 1398 1439 Sicilia
1419 1414 1530 1449 posset
1546 1407 1679 1449 efferre,

943 1453 976 1482 id
989 1462 1056 1483 non
1077 1452 1165 1493 apud
1182 1463 1236 1483 eos
1249 1454 1341 1483 nasci
1354 1454 1413 1484 διο.
1427 1454 1507 1484 Nat.
1518 1454 1562 1484 D.
1578 1454 1611 1484 ii.
1625 1457 1679 1485 33.

943 1506 995 1534 ea,
1013 1507 1087 1536 quae
1104 1494 1246 1537 efferant
1261 1497 1386 1536 aliquid
1410 1508 1450 1527 ex
1470 1507 1554 1535 sese,
1571 1498 1679 1538 perfe-

944 1541 1064 1571 ctiores
1091 1541 1213 1571 habere
1240 1545 1389 1579 naturas,
1407 1552 1506 1580 quam
1534 1552 1586 1580 ea,
1602 1551 1678 1581 quae

943 1595 983 1614 ex
1001 1585 1039 1615 iis
1056 1582 1254 1625 efferuntur.
1279 1586 1336 1616 Or.
1354 1586 1388 1615 ii.
1407 1587 1459 1617 22.
1485 1596 1545 1616 cur
1561 1590 1679 1616 aetates

942 1629 1085 1668 singulae
1100 1630 1277 1659 extulerint
1294 1639 1396 1669 prope
1408 1629 1542 1669 singula
1554 1639 1680 1668 genera

943 1672 1086 1703 dicendi.
1117 1673 1323 1703 *ostendere
1353 1684 1401 1710 se,
1426 1674 1528 1704 nasci.
1559 1674 1618 1704 Or.
1642 1674 1680 1706 ii.

942 1718 995 1747 21.
1013 1714 1131 1757 effixrac
1145 1727 1179 1747 se
1191 1717 1390 1747 foecunditas
1403 1717 1438 1747 in
1454 1717 1676 1748 adolescente.

941 1759 1023 1790 Lsel.
1041 1762 1092 1794 «Ξῖ.
1125 1771 1203 1790 cum
1220 1771 1254 1791 se
1271 1763 1386 1791 ertnlit
1400 1762 1612 1800 ostenditque
1629 1761 1681 1791 lu-

942 1813 1023 1834 men
1038 1815 1137 1835 suum
1151 1806 1268 1835 virtus.
1292 1803 1388 1835 Brut.
1404 1808 1435 1838 7.
1459 1815 1525 1844 qua
1546 1805 1582 1835 in
1597 1805 1679 1835 urbe

942 1847 1090 1887 primum
1118 1854 1230 1879 orator
1256 1860 1290 1879 se
1318 1850 1447 1879 extulit.
1481 1849 1556 1879 *de
1583 1850 1678 1879 omni

943 1893 1168 1923 commotione
1198 1893 1314 1929 animi,
1346 1903 1453 1932 neque
1485 1893 1594 1924 solum
1624 1903 1677 1930 ea,

941 1945 1015 1975 quae
1047 1937 1199 1966 animum
1231 1936 1361 1974 dilatat,
1389 1937 1446 1967 sed
1473 1939 1577 1967 etiam
1603 1947 1679 1976 quae

943 1980 1126 2018 contrahit,
1142 1986 1242 2020 atque
1267 1981 1306 2011 de
1330 1981 1394 2017 his,
1411 1991 1485 2020 quae
1509 1981 1587 2010 hinc
1609 1981 1679 2010 exi-

943 2028 1049 2054 stunt.
1072 2025 1140 2054 Att.
1157 2025 1178 2054 i.
1196 2027 1226 2055 8.
1244 2024 1338 2054 Cato.
1356 2027 1408 2055 ⁶23.
1425 2022 1538 2064 ‹ffirrc‘
1553 2024 1678 2055 studio.

942 2066 1025 2097 Lael.
1047 2071 1095 2099 15.
1122 2065 1236 2108 eff'er‘rz'
1251 2068 1383 2098 fastidio
1398 2073 1433 2098 et
1448 2068 1675 2099 contumacia.

944 2111 1019 2142 add.
1043 2111 1145 2142 Tusc.
1169 2113 1211 2143 iv.
1241 2115 1288 2146 17.
1316 2112 1398 2142 Sull.
1427 2115 1476 2143 10.
1504 2111 1679 2142 interdum

944 2153 1107 2195 efferatur
1118 2156 1394 2186 immoderatione
1407 2157 1595 2187 verborum.
1610 2155 1681 2196 *ef-

929 2198 1031 2239 ,serre
1050 2210 1085 2229 se
1110 2205 1161 2230 est
1184 2200 1288 2230 etiam
1313 2211 1372 2240 pro
1396 2210 1545 2230 recreare
1562 2210 1610 2238 se,
1628 2209 1680 2230 re-

945 2253 1105 2283 cuperare
1122 2245 1216 2274 vires.
1243 2244 1338 2274 Prov.
1360 2243 1458 2274 Cons.
1487 2247 1534 2275 14.
1561 2254 1680 2283 quam-

944 2297 1045 2325 quam
1062 2292 1143 2317 sunt
1159 2288 1275 2318 accisae
1287 2298 1352 2325 res,
1364 2292 1478 2318 tamen
1494 2285 1630 2328 efferent
1642 2297 1682 2318 se.

945 2330 1138 2369 aliquando,
1163 2338 1198 2361 et
1228 2332 1269 2362 ad
1299 2332 1525 2362 renovandum
1551 2331 1680 2362 bellum

944 2375 1158 2406 revirescent.
1174 2375 1193 2394 *Ψ
1206 2375 1353 2415 vulgare.
1369 2377 1426 2406 Or.
1443 2376 1464 2406 i.
1480 2379 1532 2407 24.
1549 2380 1680 2416 petam-

944 2428 1008 2457 que
1033 2429 1051 2448 a
1073 2420 1178 2457 vobis,
1195 2429 1236 2449 ne
1253 2420 1311 2449 has
1328 2429 1418 2450 meas
1433 2420 1576 2460 ineptias
1600 2416 1680 2459 effi:-

943 2463 1038 2493 ratis.
1055 2463 1132 2493 ibid.
1151 2464 1184 2493 ii.
1206 2465 1253 2493 12.
1272 2473 1322 2493 res
1334 2474 1451 2494 omnes
1466 2464 1680 2503 singulorum

944 2515 1111 2537 annorum
1124 2507 1304 2537 mandabat
1320 2507 1425 2537 literis
1438 2507 1593 2538 Pontifex
1606 2506 1681 2537 Ma-

945 2549 1068 2589 ximus,
1085 2548 1302 2590 qfferebalque
1319 2552 1353 2581 in
1369 2551 1496 2589 album,
1513 2554 1547 2581 et
1562 2561 1683 2591 propo-

944 2593 1046 2623 nebat
1067 2595 1218 2625 tabuiam
1243 2595 1345 2632 domi,
1362 2599 1507 2635 potestas
1532 2600 1571 2626 ut
1592 2598 1685 2625 esset

943 2638 1067 2677 populo
1088 2639 1310 2677 cognoscendi
1335 2639 1394 2669 διο.
1425 2639 1578 2670 Pearcius
1600 2648 1680 2669 cum

944 2681 1108 2712 Lambino
1132 2682 1312 2722 legendum
1337 2688 1475 2713 censet:
1500 2683 1682 2713 referebat-

944 2733 1008 2763 que
1023 2725 1057 2754 in
1074 2726 1186 2756 album
1202 2738 1208 2756 :
1233 2736 1308 2766 quae
1324 2726 1431 2757 forma
1450 2726 1607 2766 loquendi
1630 2729 1684 2756 est

944 2778 996 2808 ap.
1027 2769 1099 2799 Liv.
1131 2770 1151 2800 i.
1184 2771 1236 2801 32.
1292 2771 1325 2801 Si
1359 2768 1514 2810 efferebat
1549 2775 1680 2802 rectum

944 2817 1008 2849 est,
1025 2823 1142 2843 sensus
1159 2813 1212 2843 hic
1229 2818 1299 2844 est:
1319 2815 1404 2845 Cum
1421 2815 1513 2845 libris
1528 2824 1580 2846 res
1598 2813 1680 2845 anni

944 2856 1105 2897 cujusque
1132 2857 1336 2896 mandasset,
1363 2858 1492 2891 duobus
1518 2857 1682 2898 exemplis

943 2899 1067 2933 librum
1097 2901 1256 2934 annalem
1286 2902 1509 2948 proponebat,
1533 2902 1682 2936 alterum
