1985 3206
649 87 799 117 INDEX
828 87 853 115 G
860 87 946 115 EOG
953 85 1076 114 RAPH
1083 86 1098 114 1
1105 85 1200 115 CUS·

237 174 477 216 Beneventum,
511 177 673 219 oppidum
713 177 929 209 Samnitium.

194 217 290 251 Unde

236 264 504 301 Beneventanus,
519 263 614 295 Verr.
632 265 654 294 i.
675 267 725 296 15.

236 307 369 338 Bes-sica
383 317 475 347 gens,
487 309 522 338 in
535 308 643 338 Pison.
657 311 709 339 34.
728 309 763 338 in
776 306 932 338 Thracia.

238 350 346 387 Bidis,
369 351 462 381 Verr.
494 352 528 382 ii.
560 353 612 383 953.
645 351 805 392 oppidum
829 355 932 381 tenue

193 393 325 431 Siciliae,
344 404 410 424 non
433 395 530 435 longe
554 405 573 425 a
589 395 768 435 SJTacusis.
816 394 911 424 Unde

236 437 392 475 Bidinus,
409 438 502 468 Verr.
521 439 554 469 ii.
572 440 625 470 22.

238 480 412 519 Bithynia,
430 483 521 522 regio
541 481 627 513 Asiae
651 481 802 520 minoris,
818 481 853 511 in
877 491 936 512 ora

195 522 344 554 Pontica.

237 568 470 606 Blmzdenona,
495 567 536 598 ad
558 568 599 608 Ω.
624 568 713 598 Frat.
739 568 773 598 ii.
801 571 850 599 15.
875 578 934 598 ηο-

195 619 272 642 men
288 612 379 642 urbis
396 622 497 651 prope
515 611 733 648 Placentiam,
750 616 790 641 ut
807 622 847 641 ex
863 612 936 652 ipsa

193 654 335 694 epistola
352 655 564 694 intelligitur,
582 656 676 694 cujus
699 654 792 685 nulla
808 657 842 686 in
859 655 934 685 reli-

195 700 266 736 quis
292 699 445 728 omnibus
470 699 560 729 libris
585 699 723 729 mentio.
777 698 840 728 Sed
863 709 934 729 eor-

194 750 332 781 ruptum
351 752 472 772 nomen
490 743 632 772 videtur.
662 742 697 772 P.
715 742 871 772 Manutio
888 742 934 772 le-

194 785 341 824 gendum
352 785 544 816 videbaturt
565 786 695 823 Laude,
708 787 811 816 nonis.
841 786 936 816 Laus

195 829 285 858 euim
312 833 364 859 est
390 830 549 869 oppidum
581 840 684 870 prope
715 829 934 860 Placentiam.

193 871 233 902 In
258 872 433 903 Itinerario
456 874 617 904 Antonini
634 884 667 913 p.
690 875 765 907 272.
789 874 936 904 occurrit

194 915 385 947 Blandona.
403 916 460 946 sed
477 927 537 947 nec
553 917 627 948 loca
642 917 859 954 conveniunt,
873 927 935 947 nec

194 959 277 989 illud
294 961 403 999 ipsum
421 970 543 990 nomen
566 971 586 992 a
607 960 794 1000 suspicione
822 970 935 991 corru-

194 1004 318 1043 ptionis
342 1004 484 1034 liberum
508 1008 570 1034 est.
618 1003 765 1033 inlibris
788 1005 934 1043 antiquis

193 1046 262 1077 scre
289 1052 340 1077 est
368 1048 582 1078 Blandenone
608 1048 642 1077 in
669 1047 826 1086 ablativo,
846 1048 935 1079 unde

194 1100 312 1120 verum
329 1100 450 1121 nomen
467 1091 599 1121 videtur
618 1091 803 1122 Blandeno.

239 1135 377 1171 Boeotia,
395 1134 484 1174 regio
497 1134 646 1172 Graeciae,
660 1135 798 1174 Euripo,
809 1134 935 1173 Attica,

193 1175 339 1207 Phocide
358 1182 392 1207 et
409 1177 549 1208 Locride
566 1178 688 1209 cincta.
729 1178 825 1208 Unde
842 1179 936 1210 Boeo-

193 1222 271 1258 tius,
290 1221 365 1251 Div.
386 1221 419 1251 ii.
438 1223 490 1252 ⁶25.

235 1264 400 1302 Bononia,
417 1265 495 1295 urbs
513 1264 628 1295 Galliae
646 1264 853 1306 Cispadanae.

237 1308 343 1338 Boria
370 1308 422 1338 vel
447 1309 571 1347 Borea,
599 1309 641 1339 ad
667 1309 771 1339 Attic.
805 1310 870 1339 xvi.
902 1311 935 1341 4.

192 1351 270 1381 urbs
302 1351 435 1389 Africae,
466 1352 552 1382 forte
591 1353 632 1382 ad
669 1354 936 1393 promontorium

194 1395 341 1426 Boreum
359 1396 393 1425 in
417 1396 610 1436 Cyrenaica,
628 1396 670 1426 ad
693 1397 816 1436 Syrtim
833 1397 937 1436 majo-

195 1447 278 1469 rem.
297 1439 380 1469 Plin.
398 1449 428 1469 v.
446 1443 477 1470 4.
503 1440 560 1469 sed
577 1450 700 1470 nomen
717 1440 856 1470 dubium
873 1445 935 1471 est.

195 1481 373 1522 Procopius
394 1482 466 1525 vagi
487 1483 543 1512 τῶν
564 1483 736 1522 κτισμάτων
752 1484 794 1513 vi.
812 1486 843 1515 2.
867 1494 937 1513 nie-

196 1530 305 1555 morat
327 1526 445 1556 urbem
469 1527 623 1564 Borium,
641 1527 797 1557 ultimam
815 1527 937 1558 Penta-

194 1568 305 1608 poleos
328 1579 441 1599 versus
464 1570 686 1608 occidentem,
712 1581 785 1610 quae
810 1575 844 1601 et
868 1581 937 1601 me-

195 1617 346 1642 moratur
362 1614 396 1642 in
414 1613 492 1643 ltin.
510 1613 634 1644 Anton.
654 1624 685 1654 p.
711 1616 763 1646 66.
796 1615 853 1645 ubi
870 1615 935 1646 vid.

194 1655 342 1686 Sui-itam
359 1661 394 1687 et
411 1656 479 1686 Cel.
496 1656 694 1696 Wesseling.

239 1700 415 1740 Bosporus,
429 1701 518 1731 Mur.
539 1705 588 1732 15.
606 1701 744 1739 fretum,
758 1701 847 1740 quod
859 1702 937 1732 Pro·

195 1744 367 1783 pontidem
385 1749 419 1774 et
436 1744 580 1774 Pontum
598 1742 769 1776 Euxinum
782 1747 937 1777 commit-

193 1787 250 1817 tit.
269 1798 289 1817 a
305 1798 370 1827 quo
387 1788 546 1818 dicuntur

238 1831 434 1870 Bosporani,
451 1831 490 1861 L.
509 1832 601 1862 Man.
618 1835 649 1863 4.
668 1831 783 1874 populi
800 1831 841 1862 ad
856 1832 936 1863 Bos-

194 1883 315 1914 porum
332 1874 481 1905 Asiatici.

240 1918 439 1957 Bovianum,
453 1919 587 1950 Cluent.
605 1923 657 1954 79.
671 1919 832 1960 oppidum
844 1919 937 1950 Sam·

195 1962 331 1992 nitium.

238 2006 389 2044 Bovillae,
407 2006 449 2036 ad
465 2005 536 2037 Att.
554 2006 597 2037 vi.
618 2009 668 2037 13.
686 2007 846 2045 oppidum
870 2017 937 2037 non

193 2049 310 2088 procul
326 2061 346 2080 a
361 2049 436 2079 lacu
454 2049 581 2080 Albano
604 2050 646 2079 ad
668 2051 756 2080 viam
779 2050 935 2090 Appiam,

194 2092 237 2121 ad
264 2093 353 2131 quod
379 2093 512 2123 Clodius
540 2104 559 2123 a
585 2093 711 2123 Milone
740 2094 937 2125 interfectus

195 2140 261 2172 est,
276 2145 376 2175 quam
389 2137 515 2167 caedem
529 2137 643 2167 Cicero
653 2146 808 2177 pugnam
825 2138 937 2169 Bovil—

197 2180 265 2208 lam
282 2184 396 2210 vocat:
419 2190 471 2220 ap.
489 2180 601 2212 Front.
619 2181 658 2211 de
677 2181 791 2211 Colon.
810 2192 841 2221 p.
863 2185 937 2213 103.

197 2227 247 2251 est
264 2223 366 2252 etiam
385 2224 527 2255 Bovilla.

241 2266 391 2297 Boe-iscus
407 2267 471 2306 adj.
490 2268 531 2298 ad
546 2268 618 2299 At't.
635 2277 665 2298 v.
684 2271 733 2299 13.

239 2309 420 2340 Bovillana
436 2313 601 2349 vicinitas,
620 2322 677 2351 pro
695 2312 807 2342 Plane.
825 2317 856 2347 9.

242 2353 438 2385 Boi-ulnam
460 2356 611 2392 Fundus,
630 2355 670 2385 ad
693 2356 733 2395 Ω.
759 2355 810 2386 Fr.
834 2356 881 2385 iii.
909 2359 937 2386 1.

195 2398 227 2428 9.
247 2398 287 2426 ab
304 2398 440 2436 ignobili
458 2398 530 2428 loco
547 2399 581 2428 in
599 2398 765 2439 Arpinati,
784 2409 850 2429 non
874 2398 938 2430 Bo-

196 2440 282 2470 villis
299 2440 376 2480 illis,
396 2452 469 2480 quae
486 2447 564 2472 sunt
582 2442 623 2473 ad
639 2443 794 2482 Appiam.

241 2485 485 2521 Brundusium,
515 2486 675 2526 oppidum
707 2487 741 2516 in
774 2486 938 2524 Calabria,

197 2532 295 2567 portu
321 2529 353 2557 in
378 2530 493 2569 primis
517 2529 632 2568 nobili,
658 2540 675 2559 e
695 2540 760 2569 quo
776 2530 939 2569 trajectus

199 2572 233 2601 in
250 2570 425 2602 Graeciam.

242 2615 384 2653 Bruttii,
402 2617 516 2656 populi
533 2626 662 2656 magnae
680 2617 829 2647 Graeciae.

243 2658 442 2695 Ballienses,
463 2661 496 2690 in
520 2661 630 2691 Pison.
655 2663 708 2691 40.
741 2662 812 2690 sine
840 2660 941 2691 dubio

197 2712 217 2731 a
240 2702 376 2733 Bullz'de
400 2703 605 2734 Macedoniae
634 2705 778 2744 (proprie
804 2704 937 2744 Illyriae)

197 2745 280 2775 urbe
304 2751 339 2776 et
364 2745 485 2777 Caesari
509 2748 548 2777 de
566 2747 604 2778 B.
623 2748 659 2778 C.
678 2748 725 2778 iii.
742 2751 795 2779 40.
814 2758 941 2778 memo—

197 2796 284 2825 rata,
297 2789 386 2819 unde
403 2790 437 2820 F.
458 2791 597 2821 Ursinus
614 2792 836 2821 rescribebat:
854 2792 941 2823 Bul-

198 2833 348 2870 lidenses,
373 2838 412 2863 ut
438 2835 540 2865 habet
565 2834 654 2865 idem
679 2835 789 2865 Caesar
810 2835 832 2864 l.
858 2845 886 2865 c.
911 2845 940 2865 c.

201 2878 250 2906 12.
270 2877 353 2908 item
372 2877 496 2911 Plinius
523 2879 630 2914 maior
653 2879 696 2910 iv.
724 2882 773 2910 10.
794 2878 880 2910 Phil.
896 2879 940 2910 xi.

1661 72 1717 109 39

976 179 1026 206 11.
1044 175 1168 207 dicitur
1182 175 1304 216 Byllis.
1328 173 1371 206 ad
1386 173 1464 206 Div.
1480 172 1551 204 xiii.
1563 173 1616 203 42.
1630 170 1718 203 But-

976 221 1084 250 hones.

1018 263 1234 300 Buthrotum,
1259 261 1420 303 oppidum
1451 260 1557 300 Epiri,
1584 259 1619 289 in
1651 266 1718 297 quo

974 305 1108 337 Atticus
1131 306 1269 336 domum
1293 306 1422 336 habuit.
1469 305 1521 335 De
1538 303 1609 341 ejus
1627 302 1717 332 urbis

975 359 1077 380 causa
1106 359 1193 389 saepe
1220 354 1271 379 est.
1300 350 1334 379 in
1364 359 1439 389 epp.
1470 347 1512 378 ad
1540 347 1611 377 Att.
1642 355 1716 384 quae

976 394 1189 432 cognoscitur
1205 393 1331 433 optime
1347 402 1388 422 ex
1405 390 1547 432 epistola
1562 389 1604 420 ad
1619 389 1718 420 Plan·

976 447 1068 474 cum,
1087 436 1128 466 ad
1144 437 1215 466 Att.
1233 437 1298 466 xvi.
1319 436 1368 466 16.

1020 480 1237 516 Buthrotum,
1256 480 1297 510 ad
1313 479 1384 509 Att.
1402 479 1444 508 iv.
1463 481 1493 510 8.
1511 476 1685 516 adjective.

1021 524 1144 563 Byllis,
1163 523 1282 563 Philip.
1300 524 1344 553 xi.
1364 525 1414 553 11.
1433 520 1592 561 oppidum
1610 521 1644 550 in
1662 523 1723 550 ora'

977 568 1149 597 maritima
1161 567 1381 604 Macedoniae,
1394 576 1420 595 s.
1436 565 1567 605 Illyriae,
1581 563 1668 603 quod
1685 567 1721 593 et

979 611 1091 642 Bullis
1103 611 1225 640 dicitur
1239 623 1245 640 :
1271 610 1360 640 unde
1377 610 1409 640 in
1423 608 1514 639 libris
1532 608 1720 639 Ballienses

976 664 1002 685 s.
1028 655 1236 686 Bullidenses
1258 659 1294 684 et
1317 653 1533 692 Byllidenses.
1558 651 1623 681 vid.
1639 650 1720 680 Var.

977 698 1072 728 Lect.
1096 698 1137 727 ad
1155 698 1238 728 Caes.
1263 698 1303 727 de
1327 697 1365 727 B.
1390 696 1427 727 C.
1452 696 1498 726 iii.
1526 697 1576 726 12.
1600 698 1654 725 40.
1687 697 1724 724 et

976 742 1063 772 viros
1101 741 1215 771 doctos
1249 742 1290 771 ad
1322 740 1393 771 Liv.
1426 739 1537 770 xxxvi.
1568 742 1600 773 7.
1633 738 1721 779 inpr-

978 785 1150 817 Drakenb.
1169 785 1211 815 ad
1226 785 1303 816 xliv.
1322 787 1375 816 30.

1326 878 1364 909 C.

1027 957 1170 994 Coesena,
1198 955 1239 987 ad
1270 955 1347 987 Div.
1383 957 1448 987 xvi.
1477 958 1530 990 97.
1558 954 1721 996 oppidum

978 1001 1013 1032 in
1029 1001 1137 1031 Gallia
1153 1000 1340 1040 Cispadana
1356 1000 1539 1030 Senonum.

1026 1045 1153 1082 Caicus,
1171 1044 1278 1075 Flaec.
1295 1046 1348 1078 29.
1367 1045 1473 1074 amnis
1490 1043 1618 1083 Mysiae.

1027 1089 1152 1126 Caieta,
1182 1088 1223 1118 ad
1249 1089 1321 1118 Att.
1350 1088 1371 1118 i.
1396 1091 1427 1119 3.
1454 1092 1570 1128 portus
1594 1085 1725 1116 celeber

979 1131 1100 1170 ltaliae,
1113 1132 1155 1162 ad
1171 1142 1261 1162 mare
1274 1131 1432 1169 inferum,
1446 1141 1549 1172 prope
1562 1130 1724 1167 Formias,

978 1177 1035 1206 ubi
1052 1181 1123 1206 erat
1140 1176 1309 1206 Ciceronis
1326 1175 1551 1205 Formianum.
1598 1174 1724 1204 Casau-

978 1220 1064 1250 bono
1080 1220 1114 1250 h.
1127 1220 1148 1250 l.
1166 1224 1199 1249 et
1217 1229 1269 1260 ep.
1287 1222 1318 1250 4.
1337 1219 1512 1249 videbatur
1533 1219 1646 1249 Caieta
1663 1227 1724 1258 pro

979 1263 1149 1294 Ciceronis
1180 1263 1355 1293 Formiano
1389 1263 1464 1293 dici.
1500 1261 1595 1292 Nihil
1625 1271 1723 1301 opus,

979 1307 1004 1337 si
1045 1307 1155 1338 locum
1197 1307 1389 1347 inspexeris.
1437 1306 1598 1346 Exposita
1639 1305 1723 1335 dicit

978 1351 1074 1390 signa
1099 1352 1133 1381 in
1160 1355 1261 1391 portu
1286 1350 1459 1387 Caietano,
1480 1359 1580 1389 seque
1604 1349 1726 1379 missu-

979 1405 1067 1431 rum,
1082 1395 1138 1435 qui
1150 1405 1209 1435 pro
1220 1398 1359 1425 vectura
1370 1394 1512 1424 solveret
1528 1397 1563 1424 et
1576 1393 1726 1424 auferret

979 1448 1005 1469 si
1032 1448 1085 1468 na.

1009 1448 1132 1519 ἕ(Γαίας,
1151 1481 1191 1511 ad
1212 1480 1283 1511 Att.
1308 1481 1364 1510 vii.
1394 1484 1443 1512 14.
1468 1480 1629 1522 oppidum
1653 1489 1723 1510 me-

979 1526 1206 1556 diterraneum
1225 1525 1429 1564 Campaniae.

1028 1570 1187 1600 Calenmn
1211 1569 1448 1609 municipium,
1471 1567 1587 1608 Agrar.
1611 1567 1646 1597 ii.
1670 1569 1724 1598 31.

979 1613 1068 1644 idem
1086 1613 1260 1653 oppidum.

1028 1657 1179 1695 Calenus,
1191 1656 1233 1686 ad
1248 1656 1320 1686 Att.
1338 1656 1406 1686 viii.
1419 1660 1450 1688 3.
1464 1655 1614 1695 intellige
1626 1664 1724 1694 ager,

981 1701 1069 1731 circa
1085 1700 1192 1730 Cales.

1028 1745 1176 1781 Cometa,
1190 1744 1224 1774 in
1240 1743 1333 1773 Verr.
1351 1742 1407 1774 lib.
1425 1743 1471 1774 iii.
1489 1744 1543 1773 43.
1561 1742 1723 1782 oppidum

979 1788 1099 1818 Siciliae
1123 1793 1198 1828 post
1227 1787 1397 1818 Halesam.
1430 1786 1519 1817 unde
1548 1786 1723 1824 Calaclz'ni,

980 1831 1074 1862 Verr.
1094 1832 1140 1861 iii.
1157 1835 1211 1863 43.

1027 1877 1171 1912 Calatia,
1203 1874 1246 1905 ad
1274 1873 1347 1904 Att.
1379 1874 1444 1905 xvi.
1477 1875 1508 1905 6.
1540 1873 1619 1903 urbs
1654 1872 1725 1913 agri

980 1919 1154 1959 Campani.

1028 1963 1138 2002 Calpe,
1156 1962 1198 1992 ad
1214 1961 1291 1992 Div.
1308 1961 1351 1991 X.
1365 1972 1417 2001 ep.
1431 1963 1483 1993 32.
1497 1971 1593 1991 mons
1604 1959 1723 2000 praeal-

977 2010 1033 2037 tus
1051 2006 1200 2047 Hispano
1216 2005 1305 2035 litori
1318 2005 1358 2035 ad
1374 2006 1499 2035 fretum
1517 2004 1722 2034 Gaditanum

979 2051 1143 2089 adjacens.
1163 2050 1202 2079 de
1219 2060 1285 2089 quo
1302 2049 1386 2079 Plin.
1404 2049 1450 2079 iii.
1472 2052 1500 2079 l.
1539 2048 1590 2078 Ad
1607 2047 1641 2077 id
1656 2047 1723 2077 fuit

979 2095 1056 2124 urbs
1088 2093 1236 2133 ejusdem
1266 2093 1424 2130 nominis,
1453 2096 1492 2122 ut
1518 2095 1636 2121 contra
1658 2090 1724 2121 Bo·

979 2138 1086 2168 chart.
1103 2138 1222 2176 Geogr.
1240 2137 1270 2166 S.
1289 2137 1310 2166 l.
1330 2138 1351 2166 i.
1369 2147 1398 2166 c.
1416 2138 1468 2167 34.
1486 2135 1634 2165 ostendit
1651 2134 1722 2165 Cel.

978 2181 1174 2219 WVesseling.
1193 2180 1234 2210 ad
1250 2180 1328 2210 ltin.
1346 2180 1425 2210 Ant.
1442 2189 1476 2219 p.
1493 2180 1568 2210 406.
1583 2188 1656 2218 quae
1674 2178 1724 2208 di-

979 2227 1069 2255 citur
1095 2225 1227 2255 Carteia
1250 2224 1362 2261 hodie,
1380 2227 1418 2254 ut
1440 2223 1538 2253 docet
1553 2221 1662 2252 Vales.
1680 2221 1723 2253 ad

979 2270 1060 2300 Exc.
1079 2269 1219 2298 Peirese.
1238 2278 1270 2308 p.
1288 2269 1340 2302 72.

1029 2313 1253 2348 Camerinum,
1271 2311 1310 2340 ad
1328 2310 1398 2341 Att.
1411 2310 1480 2340 viii.
1497 2311 1546 2344 12.
1560 2308 1722 2349 oppidum

981 2357 1015 2386 in
1043 2357 1225 2393 montibus,
1249 2356 1305 2394 qui
1333 2355 1492 2384 Picenum
1516 2353 1556 2383 ab
1584 2352 1726 2382 Umbria

981 2401 1155 2430 dirimunt.
1180 2399 1231 2430 De
1248 2398 1500 2432 variationibus,
1519 2406 1592 2436 quae
1609 2396 1644 2426 in
1661 2396 1725 2426 hoc

982 2445 1117 2474 nomine
1133 2446 1315 2473 occurrunt
1332 2452 1384 2481 ap.
1402 2441 1554 2479 Veteres,
1570 2450 1602 2470 v.
1623 2439 1725 2471 Goesii

983 2487 1056 2520 Ind.
1075 2487 1195 2525 Geogr.
1214 2487 1248 2515 in
1265 2486 1334 2515 Scr-
1351 2485 1391 2515 R.
1409 2484 1448 2514 A.

1031 2532 1164 2561 Camers
1178 2530 1282 2569 Ager,
1300 2539 1360 2569 pro
1376 2528 1459 2558 Suu.
1486 2531 1537 2563 19.
1562 2527 1651 2558 circa
1668 2537 1729 2568 op-

981 2574 1098 2616 pidum
1116 2574 1345 2604 Camerinum.

1031 2619 1236 2654 Cmnerinus,
1259 2626 1320 2656 pro
1345 2615 1443 2646 Corn.
1467 2615 1561 2645 Balb.
1586 2617 1638 2646 20.
1671 2614 1729 2644 ubi

983 2667 1033 2693 est
1038 2660 1154 2704 fizdus
1175 2662 1414 2697 Camertinum,
1428 2659 1468 2689 de
1481 2669 1546 2699 quo
1558 2669 1589 2689 v.
1602 2657 1675 2689 Liv.
1687 2659 1733 2690 ix.

1033 2749 1216 2787 Candavia,
1235 2747 1276 2778 ad
1292 2747 1364 2778 Att.
1385 2747 1432 2777 iii.
1451 2750 1482 2781 7.
1500 2747 1592 2786 regio
1609 2745 1734 2776 monti·

983 2794 1046 2824 bus
1071 2802 1200 2833 aspera,
1224 2801 1299 2831 quae
1323 2792 1364 2821 ab
1386 2794 1539 2821 extrema·
1567 2790 1669 2830 Epiro
1691 2788 1734 2820 ad

985 2837 1223 2868 Macedoniam
1239 2845 1346 2875 usque
1360 2835 1565 2875 pertinebat.

1038 2881 1172 2920 Cannoe,
1189 2879 1291 2912 Tusc.
1315 2879 1382 2920 Qu.
1403 2879 1428 2911 i.
1449 2881 1507 2914 37.
1530 2878 1625 2909 vicus
1643 2877 1733 2920 Apu..

988 2933 1013 2956 n
1029 2928 1050 2957 4
