1920 3196
296 113 380 159 370

353 209 525 245 Olmorius,
543 208 714 247 eleganter
733 209 768 237 et
783 208 914 247 proprie
932 207 970 238 de
987 218 1038 245 eo,

305 256 361 286 cui
390 253 485 284 facilc
511 261 709 292 quacunque
737 251 776 280 de
809 261 908 280 causa
930 252 1041 281 noceri

306 302 432 339 potest,
456 300 495 326 ut
527 296 693 331 infirmus,
724 295 775 324 vel
806 294 937 324 sceleris
966 305 1043 325 con-

308 343 419 378 scius3
451 344 486 369 et
507 339 585 369 hinc
609 338 761 375 timidus,
786 338 915 375 anxius,
939 339 1045 378 suspi—

310 384 509 421 ci0511S‚&c.
555 383 609 412 Sic
625 386 674 411 est
699 381 739 411 ad
765 381 857 411 Brut.
879 385 926 415 17.
958 383 1048 411 vivat

311 427 452 468 supplex
479 430 513 455 ct
538 427 696 456 obnoxius.
746 423 841 454 Hanc
868 425 935 454 vim
959 425 1047 454 verbi

312 472 459 503 illustrat
475 470 617 499 Gronov.
635 468 675 498 ad
692 469 807 498 Senec.
826 468 865 497 <le
884 468 936 497 lra
955 469 1001 498 iii.
1019 471 1048 499 Β.

312 515 401 547 unde
420 514 552 544 Curtius
570 512 611 543 ad
635 511 829 542 Sallustium
846 517 880 541 et
897 511 951 541 alii
969 512 1051 542 hau-

315 568 400 590 sere.

363 601 578 635 Obnunczkzre,
592 598 777 639 auspicium
794 598 934 635 malum,
952 598 1052 636 diras,

317 645 454 675 comitia
470 642 603 673 habenti
617 642 789 679 nunciare,
804 647 841 672 ut
858 643 993 672 comitia
1004 642 1053 672 di-

316 690 504 724 riniantur3
537 687 571 716 in
601 696 665 724 quo
692 686 874 716 utebantur
899 685 961 715 hac
987 686 1053 715 for-

316 732 427 763 mula:
460 730 534 760 Alio
558 729 622 759 die.
658 730 734 758 Sen.
757 739 789 768 p.
813 729 853 759 R.
878 732 908 759 5.
942 729 1051 768 legem

316 776 471 806 tribunus
496 774 540 814 pl.
564 772 659 810 tulit,
681 782 723 802 ne
749 773 903 812 auspiciis
925 773 1053 803 obtem-

318 824 505 861 peraretur,
533 827 574 846 ne
602 817 797 846 olmurzciare
826 817 969 846 comitiis
996 822 1054 846 aut

320 862 460 895 concilio
483 861 610 891 liceret.
642 859 683 889 ef.
708 859 779 889 Att.
799 859 840 889 iv.
856 863 887 890 3.
920 860 1004 889 Phil.
1023 859 1056 889 ii.

320 910 373 938 33.
404 905 520 935 consul
543 902 670 933 consuli
693 904 913 933 obnuneiastz‘:
935 903 990 934 ubi
1009 908 1056 933 et-

320 952 387 981 iam
408 949 465 979 illa
479 947 626 978 formula
642 946 705 976 alio
723 946 774 976 die
791 948 946 977 occurrit.
993 947 1058 976 Sed

322 1003 391 1024 non
423 991 531 1023 solum
569 990 711 1020 comitiis
745 991 970 1027 ohanne-iacun
1001 990 1060 1020 sed

325 1038 428 1068 etiam
450 1034 590 1074 singulis
615 1034 817 1064 hominibus.
856 1034 931 1064 Div.
958 1034 979 1064 i.
1010 1034 1059 1066 16.

324 1081 442 1111 Ateius
475 1079 592 1108 Crasso
622 1078 827 1107 obmmciavit
859 1079 994 1118 (nempe
1025 1078 1059 1107 in

326 1123 531 1165 provinciam
549 1120 663 1160 ituro.)
691 1131 720 1151 ν.
735 1121 826 1151 dirae.

372 1166 594 1197 Obnunez'atio.
616 1165 656 1205 Q.
676 1164 725 1194 Fr.
743 1165 788 1195 iii.
805 1167 836 1195 3.
861 1165 931 1195 Att.
950 1164 990 1194 iv.
1012 1165 1060 1195 16.

325 1222 354 1241 v.
369 1211 574 1241 obnuneiare.

375 1254 542 1293 obrepere.
567 1252 645 1283 Div.
662 1252 695 1282 ii.
710 1251 762 1286 67.
790 1251 890 1282 nullae
906 1252 1060 1292 obrepunt

326 1298 488 1337 imagines
518 1297 552 1326 in
584 1296 713 1325 animos
739 1296 976 1325 dormientium
1007 1306 1061 1324 ex-

325 1342 501 1372 trinsecus.
532 1338 644 1369 Planc.
665 1342 696 1372 7.
725 1340 872 1379 obrepere
894 1339 935 1368 ad
957 1338 1061 1368 hono—

326 1394 416 1415 rem:
442 1383 624 1424 opponitur
640 1392 738 1412 cursu
758 1383 870 1413 venire
895 1382 935 1412 ad
958 1382 1060 1412 hono-

329 1439 410 1458 rem.
437 1427 520 1457 illud
542 1427 582 1457 fit
604 1427 769 1466 precibus,
782 1427 901 1465 gratia,
925 1425 1063 1465 aliisque

328 1471 517 1510 hujusmodi
535 1470 681 1508 artibus3
707 1469 768 1500 hoc
786 1470 924 1500 meritis.

377 1515 555 1555 obrepunt
576 1523 636 1554 pro
658 1514 826 1553 obrepere.
860 1513 901 1543 ad
926 1513 996 1543 Att.
1022 1513 1064 1542 vi.

329 1563 360 1590 5.
394 1559 462 1589 dies
487 1560 629 1599 abreptae
655 1556 755 1587 mihi:
792 1558 838 1587 sic
870 1562 906 1590 et
929 1556 1065 1587 Plautus

328 1603 424 1633 «lixit.

377 1646 552 1684 obrogare,
573 1644 680 1684 legem
705 1643 803 1681 ferre,
821 1653 894 1683 quae
918 1643 1066 1674 adverse-

331 1694 387 1720 tur
402 1690 498 1720 alteri
515 1688 593 1727 legi,
609 1693 648 1718 nt
667 1698 706 1718 ea
730 1688 871 1727 perlata,
889 1687 993 1717 altera
1015 1686 1067 1717 vel

330 1739 416 1772 tota,
442 1733 494 1763 vel
517 1743 556 1762 cx
582 1736 674 1771 parte
698 1731 848 1769 tollatur,
872 1731 1004 1768 saltem,
1029 1736 1069 1761 ut

333 1778 403 1817 ejus
427 1776 473 1806 vis
498 1775 703 1812 debilitetur,
723 1776 784 1805 etsi
808 1776 880 1815 ipsa
902 1774 991 1805 salva
1013 1776 1068 1805 sit.

335 1820 419 1850 Phil.
436 1821 457 1850 i.
474 1824 505 1854 9.
521 1819 612 1858 quid,
636 1819 723 1858 quod
746 1820 919 1858 obrogatur
942 1818 1069 1857 legibus

299 1863 302 1867 ’
335 1864 499 1894 Caesaris?
525 1863 566 1892 cf.
595 1863 665 1892 Att.
692 1863 738 1893 iii.
766 1865 818 1893 93.
857 1873 886 1892 ν.
919 1862 1071 1902 inprimis

334 1908 373 1939 de
403 1907 466 1937 hoc
496 1907 595 1936 verbo
625 1905 755 1937 Duker.
783 1906 823 1936 ad
860 1905 993 1936 Florum
1024 1906 1070 1936 iii.

341 1954 387 1982 15.
405 1954 435 1981 5.

383 1993 539 2031 Obruew,
566 1994 697 2024 irritum
731 1992 879 2028 reddere,
906 1994 970 2023 vim
1003 1992 1071 2022 adi-

337 2047 428 2068 mere
452 2039 511 2067 &o
543 2038 623 2068 Har.
645 2037 743 2077 Resp.
769 2038 819 2067 ⁶20.
854 2036 910 2066 Dii
933 2038 1070 2068 obruant

336 2091 447 2112 omen.
478 2078 629 2112 Tusc.'v.
659 2084 705 2115 19.
736 2080 862 2110 Marius
888 2080 998 2110 Catuli
1023 2081 1073 2110 in-

334 2126 440 2155 teritu
456 2135 513 2154 sex
529 2135 606 2154 suos
621 2125 725 2155 obruit
742 2124 970 2163 magistratus:
997 2123 1029 2154 li.
1043 2134 1071 2153 e.

335 2170 514 2199 obscuravit
536 2177 651 2198 eorum
676 2167 825 2207 gloriam.
857 2168 951 2198 Orat.
975 2168 995 2197 i.
1021 2170 1072 2199 25.

336 2212 493 2251 quicquid
510 2217 573 2249 est,
586 2213 620 2242 in
638 2222 702 2250 quo
719 2211 912 2248 offenditur,
925 2211 957 2241 id
973 2212 1075 2241 etiam

335 2255 405 2293 illa,
429 2265 502 2294 quae
532 2254 698 2285 laudanda
724 2260 816 2291 sunt,
839 2256 953 2285 obruit.
985 2255 1075 2286 Mur.

335 2302 389 2329 40.
428 2302 596 2329 recentem
625 2298 882 2338 gratulationem
911 2297 1074 2328 lamenta-

335 2343 427 2372 tione
454 2344 596 2373 obruere.
633 2342 756 2371 *Verr.
781 2342 813 2371 ii.
839 2342 890 2372 69.
927 2343 1076 2372 obruitur

336 2386 539 2416 testimoniis
557 2390 737 2415 aratorum.
755 2385 775 2415 i.
793 2395 823 2415 e.
847 2395 981 2424 prorsus
997 2395 1076 2416 con-

335 2430 495 2467 vincitur,
514 2439 575 2459 nec
592 2430 630 2459 iis
647 2430 797 2458 resistere
820 2432 940 2467 potest.
970 2429 1072 2460 *FilL

336 2482 379 2502 ιν.
407 2476 438 2503 4.
471 2474 526 2512 qui
551 2473 648 2509 sciet,
673 2473 728 2502 ubi
757 2472 900 2511 quidque
927 2474 1073 2511 positum

337 2516 394 2553 sit,
412 2525 542 2556 quaque
565 2526 605 2546 eo
628 2516 752 2553 veniat,
777 2516 817 2552 is,
839 2516 972 2546 etiamsi
996 2516 1076 2555 quid

334 2561 486 2590 obrutum
504 2560 579 2597 erit,
597 2560 720 2599 poterit
734 2568 862 2597 eruere,
878 2568 1075 2600 semperque

336 2613 408 2634 esse
425 2604 457 2632 in
475 2602 676 2642 disputando
692 2612 783 2632 suus.

384 2646 539 2681 Obrussa,
550 2652 599 2676 est
610 2647 681 2675 auri
694 2647 975 2685 experimentum,
987 2647 1075 2686 quod

335 2690 412 2728 igne
439 2691 601 2720 sumitur:
633 2700 672 2719 ex
699 2689 814 2719 Graeco
840 2688 958 2731 3'CquZoe,
986 2691 1074 2722 unde

335 2737 411 2772 post
434 2737 469 2763 et
491 2743 611 2763 aurum
633 2733 786 2772 obryzum
810 2731 948 2763 dictum.
979 2733 1075 2764 Brut.

333 2778 387 2810 74.
417 2777 617 2814 adhibenda,
634 2781 806 2815 tamquam
831 2776 973 2814 obrussa,
990 2779 1074 2808 ratio

333 2823 396 2856 est,
414 2830 487 2859 quae
509 2820 632 2849 mutari
657 2829 723 2849 non
747 2823 870 2859 potest,
889 2829 949 2849 nec
973 2825 1073 2851 uten-

331 2863 412 2892 dum
440 2864 635 2903 pravissima
664 2863 915 2893 consuetudinis
947 2864 1072 2903 regula.

331 2905 372 2936 de
396 2907 537 2944 obrussa,
556 2911 591 2937 et
614 2916 694 2937 auro
717 2906 759 2937 ad
780 2906 946 2937 obrussam
969 2918 999 2937 v.
1018 2907 1072 2938 In-

820 120 965 148 lNDEx
995 120 1129 148 LATIN
1135 121 1290 149 1'1’AT1s.

1083 212 1184 248 tcrpr.
1201 207 1242 238 ad
1259 208 1397 239 Sueton.
1410 208 1535 239 Neron.
1551 211 1603 240 44.
1627 208 1764 239 Salmas.
1777 205 1818 239 nd

1082 252 1183 282 Solin.
1201 262 1233 291 p.
1250 251 1323 285 760.
1341 252 1534 283 Gothofrcd.
1551 253 1591 282 ad
1608 252 1687 283 Cod.
1704 251 1815 282 Theo-

1084 296 1152 325 dos.
1170 295 1190 325 1.
1212 298 1238 325 l.
1255 295 1293 324 de
1320 295 1422 326 oblat.
1439 296 1513 326 Vot.
1530 301 1564 326 et
1587 305 1668 336 quos
1685 295 1728 325 ibi
1746 295 1818 325 lau-

1085 339 1141 368 dat
1162 338 1212 368 Ill.
1229 338 1388 368 Ritterus.

1135 382 1313 419 obsecrans,
1326 382 1502 413 infaustus.
1528 383 1656 413 Domit.
1667 385 1718 413 55.
1736 382 1819 411 omi-

1089 435 1131 454 na
1164 426 1315 456 obscaena.
1363 426 1415 456 Sic
1439 437 1512 456 aves
1535 427 1680 456 obscoenoe
1703 425 1821 455 dicun-

1087 474 1153 498 tur.

1137 511 1293 548 Obscoene,
1311 522 1426 552 parum
1448 513 1553 549 suavi,
1569 513 1698 551 ingrato
1721 521 1820 542 sono:

1089 565 1162 594 quae
1175 560 1224 585 est
1238 557 1369 595 propria
1378 557 1465 586 verbi
1476 557 1686 595 significatio.
1703 555 1822 586 *Oi-at.

1089 602 1142 629 45.
1175 599 1202 628 si
1227 599 1273 628 ita
1296 599 1474 637 diceretur,
1490 600 1658 629 obscoem'us
1685 608 1823 629 concur·

1089 647 1199 672 terent
1216 641 1332 673 literae.

1138 686 1286 716 Obscura.
1310 686 1410 716 Attio.
1429 686 1471 716 ix.
1490 690 1520 720 7.
1547 685 1629 716 nihil
1647 685 1757 715 minus
1773 685 1824 714 ob-

1089 739 1181 759 scure
1196 729 1292 759 tulit:
1319 730 1339 759 i.
1356 740 1385 759 e.
1402 731 1472 759 sine
1489 734 1620 768 questu.
1648 728 1716 759 lnv.
1734 729 1755 758 i.
1775 731 1824 759 15.

1090 774 1218 803 obscure
1240 773 1349 803 subii-e
1373 774 1522 804 animum
1547 773 1723 803 auditoris:
1750 773 1771 802 i.
1794 782 1824 801 e.

1091 816 1189 853 clam,
1206 817 1341 848 sensim.

1141 859 1313 897 Obscurus,
1329 860 1444 890 tristis.
1469 859 1557 890 Mur.
1575 862 1627 890 ⁶34.
1650 858 1762 889 vultus
1778 859 1827 887 oh-

1092 904 1260 934 scuriores.
1283 903 1474 940 ⁷“sublimiffi
1491 902 1632 933 subtilis.
1662 903 1717 933 Or.
1736 903 1756 932 i.
1779 905 1825 932 14.

1094 947 1236 977 scientia
1271 948 1439 977 obscurior.
1484 949 1639 983 memus,
1677 945 1826 975 callidus.

1095 991 1170 1021 Act.
1188 991 1208 1020 i.
1225 990 1317 1021 Verr.
1335 992 1365 1021 2.
1388 992 1539 1021 obscurus
1554 991 1587 1019 in
1605 989 1744 1028 agendo.

1145 1033 1338 1070 Obsecratio,
1368 1033 1566 1074 supplicatio
1603 1033 1765 1069 Deorum,
1794 1033 1828 1061 in

1097 1077 1192 1107 malis
1216 1087 1241 1107 s.
1266 1077 1419 1117 periculis
1443 1077 1594 1117 publicis.
1625 1076 1704 1106 Har.
1722 1077 1760 1106 R.
1776 1078 1827 1106 ⁶28.

1097 1121 1340 1151 constituendae
1365 1121 1457 1151 nobis
1480 1125 1560 1150 sunt
1583 1121 1830 1161 procurationes

1096 1171 1129 1194 et
1146 1166 1380 1195 obsecrationes.
1413 1164 1486 1194 add.
1504 1165 1574 1195 Liv.
1591 1164 1677 1194 xxxi.
1694 1168 1724 1197 9.
1749 1164 1830 1192 Sue-

1098 1213 1167 1238 ton.
1185 1208 1302 1239 Claud.
1320 1210 1372 1238 ⁶252.
1402 1209 1466 1239 vid.
1483 1208 1623 1238 Guthcr.
1646 1207 1720 1238 dur.
1745 1207 1831 1236 Pon-

1096 1252 1146 1282 tif.
1165 1253 1206 1282 iv.
1223 1255 1272 1282 14.

1146 1295 1351 1335 Obsequium,
1364 1295 1585 1335 indulgentia,
1597 1294 1759 1331 studium,
1773 1292 1833 1323 ali-

1099 1339 1152 1368 cui
1182 1339 1400 1379 gratificando
1430 1344 1464 1369 et
1493 1339 1526 1369 in
1550 1338 1703 1368 omnibus
1730 1347 1765 1367 se
1792 1337 1834 1366 ad

1098 1383 1169 1421 ejus
1206 1392 1354 1420 sensum,
1384 1384 1507 1420 studia,
1539 1381 1833 1417 accommodando,

1100 1426 1264 1466 placendi.
1294 1427 1366 1457 Att.
1389 1427 1431 1456 vi.
1457 1427 1487 1457 6.
1513 1427 1652 1465 obsequio
1673 1429 1708 1454 et
1731 1425 1834 1454 comi·

1100 1475 1170 1500 tate
1199 1469 1418 1500 adolescentis
1448 1469 1542 1500 valde
1579 1469 1677 1499 audio
1715 1467 1833 1497 mulie-

1100 1524 1150 1544 res
1182 1513 1351 1544 delectari.
1394 1513 1475 1544 Coel.
1503 1515 1534 1544 6.
1571 1513 1656 1542 tueri
1685 1512 1835 1551 obsequio.

1100 1556 1182 1588 Lael.
1218 1559 1271 1589 94.
1317 1559 1497 1598 obsequium
1512 1555 1654 1595 —quod
1691 1555 1835 1595 peccatis

1103 1600 1279 1640 indulgens
1325 1602 1531 1641 praecipitem
1573 1600 1720 1630 amicum
1756 1597 1835 1628 fei-ri

1101 1645 1193 1675 sinit.
1224 1649 1258 1674 et
1283 1645 1329 1674 sic
1355 1654 1487 1685 semper
1512 1648 1563 1674 est
1589 1643 1678 1684 apud
1705 1643 1836 1672 Cicero-

1104 1698 1181 1718 nem
1208 1691 1242 1718 et
1266 1688 1370 1719 bonos
1397 1694 1562 1726 auctore5‚
1587 1696 1653 1717 nou
1680 1696 1738 1726 pro
1760 1686 1837 1715 obe-

1102 1733 1238 1762 dientia.

1155 1776 1379 1814 Obseruantia,
1402 1774 1482 1816 quid
1505 1775 1571 1805 sit?
1602 1785 1632 1805 v.
1658 1773 1787 1804 Invent.
1805 1772 1839 1803 ii.

1106 1821 1158 1851 22.
1191 1820 1260 1850 Att.
1277 1821 1342 1850 xiii.
1364 1823 1412 1851 11.
1445 1829 1486 1850 ne
1511 1828 1670 1858 magnum
1691 1827 1773 1847 onus
1789 1817 1839 1846 ob-

1104 1865 1274 1894 serecmtioe
1291 1865 1396 1895 Bruto
1420 1868 1533 1893 nostro
1556 1863 1780 1901 imponerem:
1806 1860 1839 1891 h.

1106 1918 1135 1937 e.
1160 1917 1200 1936 ne
1217 1917 1293 1937 cum
1317 1917 1368 1937 me
1385 1907 1488 1936 visere
1511 1909 1546 1935 et
1567 1906 1711 1935 salutare
1726 1904 1839 1940 vellet,

1106 1951 1236 1990 longius
1257 1952 1320 1981 iter
1341 1951 1489 1981 haberet.
1522 1949 1633 1979 Plane.
1654 1951 1702 1979 18.
1734 1953 1774 1978 ut
1790 1948 1839 1977 ob-

1105 1996 1284 2031 servantia,
1308 1997 1347 2025 ut
1375 1994 1568 2033 suffragatio
1592 1991 1778 2023 tolleretur.
1811 2001 1840 2021 v.

1105 2039 1281 2070 observare.

1155 2081 1345 2119 Observare,
1358 2081 1484 2111 curiose
1496 2084 1657 2120 spectare,
1669 2078 1842 2118 aucupari,

1108 2131 1256 2166 captare,
1271 2126 1373 2156 etiam
1390 2126 1424 2155 in
1441 2125 1639 2155 deteriorem
1661 2128 1789 2163 partem
1806 2126 1841 2151 et

1109 2168 1305 2200 insidiarum
1315 2179 1424 2199 causa.
1448 2168 1573 2199 adDiv.
1585 2169 1627 2198 xi.
1642 2168 1688 2197 16.
1704 2173 1744 2196 ut
1754 2171 1840 2196 tem·

1109 2222 1170 2252 pus
1199 2213 1378 2243 observaret
1407 2211 1556 2253 epistolae
1579 2208 1767 2241 reddendae.
1801 2208 1845 2238 cf.

1110 2257 1206 2287 Rosc.
1224 2257 1263 2287 A.
1279 2259 1309 2288 8.
1339 2257 1432 2286 Verr.
1449 2256 1495 2285 iii.
1515 2259 1541 2285 l.
1567 2255 1667 2285 vitavi
1683 2253 1844 2283 observari

1109 2300 1259 2339 pluribus
1281 2299 1398 2331 oculis.
1425 2299 1468 2330 ef.
1491 2299 1672 2329 observatio.
1701 2297 1843 2326 *custo-

1111 2343 1192 2375 dire.
1222 2343 1322 2374 Tusc.
1340 2344 1372 2373 ii.
1389 2347 1420 2377 9.
1451 2343 1552 2373 draco
1565 2343 1732 2372 observans
1751 2340 1845 2370 arbo-

1110 2398 1192 2428 rem.
1223 2397 1252 2418 v.
1268 2387 1402 2418 Davies.
1419 2386 1462 2418 ad
1477 2386 1509 2416 h.
1526 2385 1548 2416 l.
1577 2386 1596 2404 *ᾖ
1607 2385 1773 2416 observare
1795 2382 1845 2412 di-

1111 2432 1200 2461 citur
1229 2430 1269 2461 de
1300 2431 1415 2461 officiis
1446 2429 1626 2466 salutandi,
1658 2425 1844 2458 deducendi
1873 2460 1876 2464 ,

1114 2474 1234 2515 (Gloss.
1266 2475 1448 2517 παρατηςεῖ,
1474 2474 1639 2510 observat,
1668 2468 1843 2507 sectatur.)

1112 2518 1171 2549 διο.
1203 2523 1238 2548 et
1253 2518 1332 2548 hinc
1348 2519 1382 2548 in
1397 2527 1518 2558 genere
1533 2527 1592 2557 pro
1616 2516 1736 2546 colere.
1768 2513 1846 2544 Mu-

1112 2571 1181 2592 ren.
1198 2564 1251 2592 34.
1281 2562 1309 2592 si
1331 2561 1502 2592 interdum
1526 2560 1567 2591 ad
1585 2560 1695 2590 forum
1713 2557 1848 2588 deduci-

1112 2604 1411 2645 mur—diligenter
1420 2605 1580 2635 observari
1592 2603 1753 2633 videmur.
1778 2600 1847 2630 Att.

1110 2649 1178 2678 xiii.
1194 2652 1246 2682 49.
1277 2649 1304 2679 si
1320 2649 1485 2679 observare
1507 2652 1559 2678 est
1577 2646 1710 2677 servire.
1741 2644 1850 2684 Inpri-

1112 2694 1174 2722 mis
1192 2699 1306 2722 antem
1322 2691 1495 2732 eleganter
1518 2691 1641 2721 dicitur
1664 2689 1703 2719 de
1727 2688 1766 2718 iis
1791 2687 1848 2726 qui

1110 2735 1303 2765 candidatos
1319 2739 1503 2772 sectantur,
1517 2734 1714 2775 petitionem
1732 2739 1849 2761 eorum

1111 2776 1172 2808 'sua
1197 2779 1434 2818 suffragatione
1455 2779 1589 2818 juvant.
1622 2775 1707 2807 Phil.
1734 2775 1768 2804 ii.
1795 2776 1849 2804 20.

1109 2823 1291 2852 observatus
1305 2832 1326 2852 a
1340 2831 1393 2852 me
1417 2823 1451 2852 in
1476 2821 1638 2862 petitione
1662 2820 1850 2858 quaesturae.

1111 2865 1189 2895 hinc
1213 2872 1303 2895 recte
1327 2865 1473 2906 explicat
1502 2864 1677 2896 Manutius
1701 2860 1784 2891 illud
1808 2859 1852 2890 ad

1111 2909 1238 2941 Dii-ers.
1255 2909 1309 2940 vii.
1326 2910 1381 2945 27.
1411 2918 1473 2950 ego
1487 2911 1522 2941 te
1541 2909 1578 2941 in
1600 2905 1778 2940 consulatu
1799 2904 1851 2934 ob·
