1985 3206
731 88 877 118 INDEX
901 88 1017 117 GEoG
1026 87 1271 116 RAPIHCUS.

230 186 307 219 quae
324 185 373 211 est
391 181 468 211 urbs
486 180 605 210 Sicilia*
619 179 756 210 celebris
769 186 801 210 et
815 185 930 220 portus
944 181 977 210 in

231 229 326 263 parte
343 224 554 255 occidentali.

277 267 527 306 Paphlagonia,
562 268 652 306 regio
690 268 777 298 Asiae
817 267 899 297 min.
935 267 976 296 ad

231 309 377 341 Pontum
403 312 573 342 Euxinum
602 312 691 341 inter
717 310 912 351 Bithyniam
941 317 976 340 ct

233 354 390 385 Pontum.

275 398 429 438 Paphus,
448 398 524 429 urbs
540 398 637 438 Cypri
654 398 828 428 notissima
839 402 975 438 propter

231 441 360 472 cultum
380 442 531 478 Veneris,
545 451 618 480 quae
638 441 714 471 inde
732 441 878 481 Paphia.

277 485 436 516 Pariana
473 487 599 521 civitas,
633 485 674 514 ad
712 485 788 515 Div.
820 485 889 515 xiii.
920 487 972 515 53.

230 527 415 559 Pariorum
433 530 466 559 in
485 527 705 568 Hellesponto
721 529 812 564 urbs,
832 528 949 558 Paros.

229 586 233 587 ⁷
275 572 420 609 Parma,
433 573 510 603 urbs
522 571 639 602 Galliae
653 572 677 602 C
682 571 860 612 ispadanae.
883 571 971 602 unde

229 616 442 647 parmenses.

274 659 411 697 Parthi,
435 660 565 700 proprie
589 659 703 699 populi
726 659 858 696 Persiae,
880 658 970 689 ultra

229 703 458 744 Euphratem:
492 703 611 733 deinde
642 713 771 740 omneS,
802 703 858 741 qui
887 702 968 733 olim

227 747 347 778 Persae.

273 791 447 828 Parthini,
464 790 498 820 in
523 790 633 820 Pison.
654 792 708 821 40.
728 789 843 830 populi
867 790 901 820 in
924 790 967 819 11-

226 833 340 875 lyrieo.
354 845 383 864 v.
393 834 594 864 Oudend.V.
608 834 644 864 C.
658 834 699 863 ad
712 834 803 863 Suet.
815 833 900 871 Aug.
917 837 966 867 19.

272 878 457 915 Pataram,
470 888 529 917 pro
542 877 648 908 Flacc.
661 880 713 908 32.
727 878 816 907 urbis
827 877 966 908 Pataroe

225 922 261 952 in
277 922 380 962 Lycia
395 922 492 952 cives.

272 966 402 1003 Palroe,
418 966 496 996 urbs
512 965 687 995 notissima
701 964 846 994 Achaiae.

271 1009 464 1047 Pedanmn,
481 1009 522 1039 ad
538 1008 608 1039 Att.
624 1009 668 1038 ix.
688 1011 737 1038 18.
753 1008 915 1048 praedium
930 1009 964 1038 in

227 1063 305 1092 agro
328 1053 460 1083 Pedano
483 1053 515 1083 h.
536 1062 565 1082 e.
587 1061 689 1092 prope
708 1052 854 1088 Pedum,
870 1053 964 1092 oppi-

227 1097 308 1126 dum
331 1097 420 1127 inter
442 1097 623 1134 Praeneste,
646 1095 751 1126 Tibur
778 1100 813 1126 et
834 1095 963 1126 Tuscu-

225 1139 308 1171 lum.

268 1184 419 1223 Pelasgi,
436 1182 549 1224 populi
566 1182 713 1213 Graeciae.

270 1227 446 1266 Pelignus,
469 1236 486 1256 e
510 1226 669 1266 Pelignis,
692 1226 814 1266 populo
842 1226 962 1265 ltaliae,

224 1270 358 1308 Marsis,
380 1271 594 1308 Marrucinis,
611 1278 645 1300 et
667 1270 860 1300 Ferentanis
883 1281 962 1301 con-

223 1315 294 1345 fini.

267 1359 382 1389 Pelion
412 1359 554 1395 Nemus,
578 1358 618 1388 ad
643 1357 768 1389 Heren.
792 1359 827 1389 ii.
851 1360 903 1389 2⁷²2.
927 1359 962 1389 in

224 1408 338 1432 monte
356 1402 445 1432 Pelio
462 1403 496 1432 iu
512 1402 694 1432 Thessalia.

268 1447 386 1476 Pelius
402 1446 508 1483 filans,
526 1445 565 1475 de
584 1446 653 1476 Fat.
673 1449 723 1476 15.

267 1489 429 1527 Pella‚ad
440 1489 510 1520 Att.
526 1489 571 1519 iii.
585 1493 614 1520 8.
631 1494 731 1530 caput
742 1489 961 1529 Macedoniae,

220 1533 310 1563 unde
341 1543 434 1572 reges
471 1533 691 1570 Maemloniae,
726 1533 897 1574 Philippus
928 1540 963 1565 et

220 1576 408 1606 Alexander
423 1576 541 1607 Pelloei
558 1577 650 1607 dicti.
684 1576 876 1617 Philippum
895 1578 962 1608 De-

219 1621 411 1650 mosthenes
433 1620 473 1650 de
496 1621 628 1650 Corona
649 1626 840 1651 contemtus
862 1632 963 1652 causa

219 1664 390 1709 appellat'
383 1677 408 1694 εν
425 1669 469 1693 Πε
460 1663 533 1695 'Mn
549 1663 708 1706 τραφέντα,
725 1669 759 1694 et
780 1675 856 1695 cum
882 1676 962 1696 con-

217 1707 329 1738 t'enntu
354 1707 393 1738 de
417 1718 457 1737 ea
479 1709 560 1738 uibe
587 1708 746 1746 loquitur.
777 1708 816 1738 de
840 1720 905 1749 qua
926 1720 961 1740 re

217 1751 284 1782 vid.
299 1751 342 1781 W
344 1761 393 1781 ess
381 1751 498 1791 celing.
516 1751 557 1781 ad
573 1751 652 1781 Ant
670 1751 748 1782 ltin.
766 1763 796 1791 p.
813 1756 887 1788 319.

262 1795 515 1834 Peloponnesus,
546 1805 670 1834 magna
695 1797 883 1835 peninsula,
910 1807 961 1826 re-

217 1838 316 1879 liquae
347 1839 484 1869 Graeciae
520 1838 648 1869 Isthmo
689 1839 864 1870 Corinthio
903 1841 961 1871 ad-

216 1882 358 1913 haerens.

262 1927 436 1965 Pelorum,
467 1927 734 1967 promontorium
766 1927 807 1957 ad
838 1927 960 1959 Siciliae

215 1970 352 2001 fretum.

261 2014 464 2052 penalia—m,
481 2013 522 2044 ad
537 2013 608 2044 Att.
625 2014 646 2044 i.
664 2017 694 2045 8.
717 2014 858 2045 Hermes
874 2016 960 2046 Pen-

213 2057 348 2097 telicus,
379 2063 430 2088 est
459 2062 573 2088 statua
602 2060 672 2097 ejus
699 2060 842 2098 generis,
871 2060 960 2099 quod

216 2100 364 2132 Hermas
373 2102 550 2139 vocabant,
557 2101 647 2132 facta
656 2112 672 2131 e
683 2112 862 2141 marmore,
872 2103 959 2142 quod

214 2146 529 2184 praestantissimum
554 2155 571 2174 e
596 2151 710 2176 monte
727 2145 848 2176 Atticae
873 2148 958 2177 Pen-

213 2187 329 2226 telico‚
359 2194 495 2219 auctore
525 2189 689 2219 Pausania
718 2189 740 2219 l.
768 2190 789 2220 i.
824 2194 875 2225 l·9.
905 2193 958 2222 3²2.

214 2232 270 2262 vii.
295 2234 347 2263 ⁶23.
372 2234 424 2264 95.
449 2232 501 2263 26.
528 2233 756 2270 excidebatur,
782 2234 957 2265 inventore

214 2276 308 2315 Byze
325 2276 450 2307 Naoez'o.
490 2276 653 2306 Pentelici
670 2278 845 2308 marmoris
863 2288 958 2308 men-

211 2320 260 2350 tio
287 2324 339 2350 est
365 2321 466 2350 etiam
500 2329 553 2360 ap.
585 2321 783 2350 Strabonem
810 2321 831 2351 l.
856 2323 899 2352 ix.
924 2333 957 2362 p.

212 2364 287 2397 619.
311 2364 362 2394 ed.
386 2363 548 2394 Almelov.
572 2369 607 2394 et
627 2364 716 2404 apud
737 2365 957 2396 Plutarchum

212 2407 248 2438 in
263 2407 396 2438 Valerio
412 2407 585 2437 Publicola
600 2418 631 2448 p.
651 2411 722 2439 105.
738 2409 790 2439 ed.
807 2409 956 2441 wechel.

256 2450 387 2490 Perga,
403 2451 482 2481 urbs
498 2451 715 2492 Pamphyliae.

258 2494 463 2534 Pergamus,
480 2495 558 2525 urbs
579 2495 696 2535 Mysiae
720 2496 853 2536 majoris
870 2496 956 2527 cele·

212 2536 369 2576 berrima,
385 2539 475 2568 unde
492 2539 710 2578 Pergameni.

259 2581 465 2619 Perrhaebia,
483 2583 517 2612 in
542 2583 653 2613 Pison.
675 2586 729 2614 40.
752 2593 828 2624 pars
850 2583 956 2614 Thes-

212 2624 302 2655 saliae
318 2637 326 2663 ;
345 2626 400 2656 alii
415 2631 533 2656 tamen
549 2626 591 2656 ad
607 2626 855 2665 Macedoniam,
872 2628 955 2658 item

214 2667 256 2698 ad
271 2669 430 2700 AEtoliam
448 2670 610 2700 referunt.

256 2711 402 2750 Persice,
419 2713 461 2743 ad
484 2714 554 2745 Att.
578 2724 630 2744 xv.
651 2717 683 2747 9.
705 2714 852 2753 porticus
869 2714 972 2753 cele-⁴

212 2754 357 2786 beri-ima
371 2757 614 2788 Lacedaemone
631 2758 709 2793 fuit,
725 2767 799 2796 quae
815 2758 879 2787 hoc
896 2768 955 2787 no-

210 2800 303 2829 mine
335 2800 578 2841 appellabatur,
610 2801 699 2840 quod
736 2812 754 2830 e
789 2802 956 2832 manubiis

210 2841 388 2876 Persarum
412 2844 579 2875 aedificata
601 2850 684 2875 erat.
730 2844 860 2876 Vitruv.
883 2846 904 2875 i.
925 2848 956 2876 2.

210 2884 263 2917 Ad
278 2887 364 2918 hane
380 2886 533 2919 alludens
548 2888 674 2920 Brutus
696 2889 732 2919 in
748 2888 828 2919 villa
843 2889 957 2920 Lanu-

1717 77 1764 112 51

1023 178 1099 207 vina
1127 179 1293 217 porticum
1327 176 1481 207 Porsieen
1509 174 1711 215 appellabat.
1739 184 1770 204 v.

1021 222 1181 251 Eurotas.

1065 264 1236 300 Pes-sinus,
1253 265 1330 295 urbs
1353 261 1604 293 Gallo-Graeciae
1625 271 1650 292 s.
1668 261 1767 291 Cala—

1017 308 1088 344 tiae,
1107 308 1195 337 unde
1215 309 1460 338 Pessinuntimv.

1065 351 1211 388 petrini,
1229 353 1263 381 in
1279 352 1371 382 Verr.
1391 351 1438 380 iii.
1455 354 1506 383 39.
1525 349 1631 378 Pctrae
1649 349 1762 389 oppidi

1018 394 1052 424 in
1070 395 1181 424 Sicilia
1198 397 1296 424 «sivos.

1062 439 1255 474 Petrinum,
1273 438 1314 467 ad
1338 438 1414 467 Div.
1432 437 1476 466 vi.
1496 439 1544 469 19,
1562 435 1723 475 praedium
1743 447 1762 465 a

1015 482 1088 511 vico
1114 482 1263 518 Petrino,
1288 481 1345 521 qui
1369 481 1434 511 fuit
1458 481 1491 509 in
1520 489 1598 518 agro
1626 480 1761 509 ‚sinuos-

1015 534 1108 555 sano.

1060 569 1228 606 Phoeaces,
1259 568 1315 599 ΒΓ.
1357 570 1405 597 18.
1451 566 1566 606 populi
1606 566 1758 605 Corcyrae

1014 612 1200 643 mollissimi
1218 625 1226 651 ς
1253 621 1394 651 quorum
1409 609 1585 640 mollitiem
1596 610 1670 649 jam
1688 610 1757 639 Ho-

1014 665 1124 686 merus
1140 657 1175 686 in
1191 656 1338 696 Odyssea
1354 654 1544 684 celebravit.

1056 700 1258 737 Phalereus,
1289 705 1341 729 est
1371 706 1558 736 cognomen
1587 697 1755 728 Demetrii

1011 742 1167 782 rhetoris,
1194 754 1213 774 a
1239 753 1324 784 pago
1350 742 1476 779 Attico,
1502 742 1536 770 iu
1564 751 1629 780 quo
1656 747 1756 771 natus

1011 793 1093 817 erat.

1054 831 1287 868 Pharsalicus,
1319 840 1339 860 a
1376 827 1533 860 Pharsalo
1570 827 1753 858 Thessaliae

1008 875 1101 905 urbe.

1044 916 1219 957 *Phaselig
1235 918 1313 949 urbs
1332 917 1455 948 ultima
1469 917 1593 956 Lyn-ize,
1610 915 1653 946 ad
1669 916 1755 945 fines

1008 962 1225 1002 Pamphyliae.

1053 1006 1245 1045 Phaselitoe,
1262 1006 1378 1045 Agrar.
1401 1005 1435 1034 ii.
1460 1006 1510 1035 18.
1526 1003 1644 1034 incolae
1661 1003 1752 1033 urbis

1008 1049 1210 1080 PhaselidOS.

1051 1094 1244 1130 Pheneatae,
1262 1093 1301 1123 de
1324 1092 1404 1122 Nat.
1425 1092 1469 1122 D.
1490 1091 1537 1121 iii.
1554 1092 1607 1122 ⁶22.
1625 1101 1644 1121 a
1661 1091 1752 1122 Phe-

1006 1147 1076 1173 neo,
1092 1138 1213 1178 oppido
1230 1137 1390 1167 Arcadiae.

1052 1182 1185 1219 Pherae,
1202 1181 1242 1211 de
1265 1181 1378 1211 Divin.
1401 1180 1422 1210 i.
1445 1181 1498 1210 Οἵ).
1513 1178 1592 1208 urbs
1607 1177 1712 1208 Thess
1717 1188 1751 1210 a-

1006 1224 1080 1263 liae;
1097 1225 1187 1255 unde
1205 1225 1352 1261 Phera’z',
1369 1223 1409 1253 de
1427 1223 1486 1252 Inv
1490 1228 1559 1252 ent.
1575 1223 1610 1252 ii.
1625 1225 1678 1256 49.

1051 1249 1274 1299 Philomelam
1297 1278 1323 1298 s.
1349 1268 1596 1303 Philomelium,
1615 1265 1657 1295 ad
1680 1265 1751 1296 Art.

1005 1323 1034 1343 v.
1063 1315 1114 1344 20.
1142 1313 1184 1343 ad
1211 1313 1288 1343 Div.
1315 1312 1362 1341 iii.
1387 1315 1417 1342 8.
1441 1312 1476 1341 in
1501 1311 1595 1340 Verr.
1624 1310 1669 1339 iii.
1698 1312 1752 1340 313.

1007 1357 1251 1397 urbs.Phrygiae
1277 1356 1420 1393 majoris.
1466 1353 1563 1384 Unde
1582 1353 1749 1384 Philome-

1005 1402 1132 1437 lienses,
1149 1401 1183 1430 in
1199 1401 1292 1430 Verr.
1310 1400 1356 1429 iii.
1373 1402 1426 1430 83.

1050 1445 1204 1482 Phintia,
1222 1444 1257 1474 in
1272 1443 1365 1473 verr.
1383 1443 1429 1473 iii.
1452 1444 1505 1473 83.
1521 1439 1681 1481 oppidum
1701 1441 1751 1470 Si·

1005 1487 1102 1519 eiliae.

1049 1533 1183 1567 Phlius,
1201 1530 1243 1561 ad
1269 1532 1340 1562 Att.
1368 1531 1410 1560 vi.
1437 1532 1467 1562 ΞΖ.

1005 1576 1093 1606 unde
1119 1576 1264 1607 Pladasa
1289 1580 1324 1605 et
1347 1575 1528 1605 Phliunta.

1002 1626 1120 1651 tamen
1136 1619 1304 1650 usitatius.
1337 1618 1439 1648 Tusc.
1454 1619 1497 1648 iv.
1514 1621 1544 1649 3.

1048 1664 1177 1700 Phocz'i,
1197 1664 1231 1692 in
1249 1663 1359 1693 Pison.
1376 1665 1428 1694 40.
1449 1661 1565 1702 populi
1582 1660 1748 1691 Phocidis.

1497 1530 1575 1560 urbs
1600 1529 1749 1564 Achaiae,

1573 1573 1638 1603 Sed
1666 1572 1751 1602 illud

1048 1708 1216 1743 phaenice,
1244 1706 1346 1737 Acad.
1373 1706 1414 1736 iv.
1441 1708 1494 1737 ⁶20.
1527 1715 1601 1745 pars
1624 1705 1749 1744 Syrioe:

1003 1752 1065 1781 etsi
1080 1751 1250 1781 interdum
1267 1751 1306 1780 ab
1321 1760 1359 1780 ea
1377 1750 1598 1788 distinguitur
1612 1755 1750 1788 propter

1003 1795 1215 1825 nobilitatem
1233 1799 1268 1827 et
1284 1804 1361 1831 ungi
1350 1793 1566 1823 nitudinem.
1602 1792 1686 1822 Phil.
1703 1792 1747 1821 xi

1008 1842 1056 1869 l4.
1098 1839 1260 1869 (ellarius
1291 1818 1413 1876 aliique
1445 1847 1503 1868 nee
1502 1842 1572 1874 ant
1601 1836 1659 1865 lati
1664 1845 1745 1865 nuni

1003 1893 1095 1913 esse.
1137 1883 1220 1913 Pha
1222 1883 1309 1912 nicia
1341 1882 1365 1911 C
1370 1881 1391 1911 l.
1422 1866 1516 1910 Schii
1511 1890 1575 1910 arz
1607 1880 1746 1910 adduxit

1003 1931 1121 1957 contra
1143 1926 1253 1956 locum
1277 1925 1436 1955 Varronis
1462 1925 1501 1954 de
1525 1924 1564 1955 L.
1587 1924 1625 1954 L.
1650 1924 1691 1953 iv.
1715 1924 1746 1953 6.

1001 1970 1067 2000 Sed
1083 1971 1185 2000 etiam
1201 1970 1241 1999 de
1259 1969 1329 1999 Pin.
1347 1969 1389 1998 iv.
1404 1970 1456 1999 90.
1479 1967 1643 1998 editiones
1656 1976 1747 2006 quae—

1002 2014 1080 2044 dam
1099 2014 1225 2044 habent
1242 2013 1425 2044 Phoem'cza.
1471 2011 1511 2042 In
1533 2011 1744 2042 Gronoviana

1002 2063 1117 2088 autem
1140 2062 1192 2088 est
1215 2068 1232 2087 e
1257 2054 1429 2093 paeonica,
1453 2066 1513 2096 pro
1536 2066 1553 2085 e
1581 2055 1746 2085 Phoenice.

1002 2102 1090 2141 quod
1105 2107 1287 2140 utrumque
1305 2105 1394 2130 recte
1410 2100 1475 2130 dici
1492 2103 1613 2139 potest.
1654 2098 1743 2128 Nam

1002 2146 1119 2176 multae
1131 2155 1225 2175 voces
1238 2145 1327 2185 apud
1338 2144 1491 2181 Latinos,
1504 2146 1619 2184 poetas
1628 2147 1743 2172 tamen

1001 2190 1160 2227 maxime,
1174 2194 1209 2219 et
1220 2188 1370 2218 Graecam
1383 2192 1418 2217 et
1428 2188 1585 2218 Latinam
1600 2185 1744 2216 formam

1001 2233 1136 2263 habent.
1187 2233 1241 2263 Sic
1283 2232 1446 2272 Penelope
1486 2236 1521 2261 et
1562 2231 1743 2268 Penelopa,

1006 2278 1107 2315 Circe,
1136 2277 1242 2308 Circa.
1272 2287 1302 2306 V.
1322 2276 1416 2306 Voss.
1436 2275 1476 2305 de
1493 2274 1590 2304 Anal.
1610 2275 1643 2303 ii.
1662 2275 1692 2303 ⁶2.
1709 2278 1745 2303 et

1002 2320 1119 2351 Heius.
1141 2320 1182 2351 ad
1197 2321 1288 2359 Virg.
1306 2320 1382 2350 AEn.
1404 2319 1450 2349 iii.
1466 2319 1541 2349 386.
1564 2318 1621 2347 uhi
1638 2318 1741 2347 etiam

1001 2364 1156 2404 exempla
1178 2374 1195 2394 e
1218 2364 1388 2404 prosaicis.
1432 2362 1588 2399 Librarii‚
1605 2361 1661 2400 qui
1682 2361 1745 2390 hoc

1001 2409 1207 2445 nesciebant,
1247 2418 1264 2438 e
1290 2408 1441 2447 phoenz'ca
1470 2406 1578 2436 fecere
1604 2406 1745 2444 poetica,

999 2452 1089 2482 unde
1115 2452 1293 2482 Manutius
1318 2451 1399 2480 fecit
1428 2450 1614 2487 Phoenicia,
1642 2458 1746 2488 quem

1000 2495 1121 2526 deinde
1138 2496 1194 2526 alii
1210 2495 1317 2526 secuti
1333 2500 1424 2525 sunt.

1044 2540 1122 2570 Pln
1120 2549 1213 2579 ages,
1232 2538 1347 2578 populi
1363 2538 1450 2568 Asiae
1467 2536 1618 2567 minoris.

1044 2583 1216 2623 Pluygia,
1233 2583 1324 2621 regio
1341 2582 1427 2612 Asiae
1445 2581 1528 2610 min.
1552 2580 1594 2610 ad
1614 2578 1745 2610 Helles-

999 2632 1143 2668 pontum
1161 2632 1196 2657 et
1209 2628 1362 2665 AEgaeum
1379 2635 1482 2655 mare.

1044 2671 1187 2705 Phthia,
1215 2671 1292 2700 urbs
1319 2668 1535 2704 Phthiotidis,
1561 2665 1712 2697 'lhessali
1717 2677 1749 2703 ,ι

999 2716 1115 2755 partis.
1162 2714 1259 2745 Unde
1291 2713 1464 2750 Phthiota,
1494 2710 1594 2741 'lusc.
1625 2711 1690 2749 Ωιι.
1727 2713 1748 2742 i.

1046 2802 1192 2832 Picenus
1206 2811 1302 2840 ager,
1319 2801 1355 2830 iu
1371 2798 1482 2835 Italia,
1501 2798 1649 2829 Umbriae
1666 2805 1745 2828 con-

1002 2845 1090 2876 finis.
1122 2845 1187 2885 Qui
1205 2850 1240 2875 et
1256 2844 1378 2875 Picens
1393 2853 1489 2881 ager,
1506 2843 1545 2872 de
1564 2843 1696 2872 Senect.
1713 2845 1743 2872 4.

1001 2899 1032 2920 v.
1055 2890 1164 2921 Graev.
1183 2894 1218 2920 et
1239 2889 1325 2919 viros
1347 2887 1461 2918 doctos
1484 2886 1525 2917 ad
1548 2885 1633 2917 Flor.
1651 2888 1672 2916 i.
1694 2890 1744 2918 19.

1028 2942 1048 2963 s
1066 2935 1085 2964 <2
