1985 3206
672 113 817 142 mmsx
849 113 983 142 LATIN
990 114 1144 142 l'rA'ms.

164 212 315 234 oernere:
344 210 402 242 pro
425 211 490 241 quo
513 202 661 232 Graevius
683 202 784 232 habet
807 211 889 232 eun-

165 249 238 278 etis.
274 250 292 268 ἢ
307 245 398 275 Verr.
423 247 463 275 iv.
487 249 540 279 37.
574 243 745 286 conjuncta
769 254 890 284 cogna-

164 293 225 327 tio,
242 291 262 320 i.
280 300 308 319 e.
326 290 523 329 propinqua.

214 332 406 374 (hnjuratio.
438 331 536 362 (4atil.
561 332 602 362 iv.
619 335 650 362 3.
682 331 795 362 haberi
818 341 892 361 con-

158 374 361 418 jurationem
378 385 397 405 a
414 375 538 406 civibus
557 385 739 414 numquam
757 375 881 415 putavi.

215 422 410 450 (imneclere.
441 419 498 449 Or.
515 422 566 451 71.
595 423 777 449 connectere
800 418 894 448 dissi-

167 469 257 503 pata,
277 470 327 493 est
351 463 497 492 numeris
522 462 656 491 vincire.
687 462 765 492 Nat.
790 462 832 492 D.
859 462 892 491 ii.

166 509 217 537 65.
256 508 282 537 si
313 505 446 544 singula.
472 515 537 535 non
570 511 718 542 movent,
741 506 896 535 universa

168 555 255 580 certe
282 555 396 581 tamen
425 550 514 579 inter
535 559 569 579 se
593 559 735 578 connexa
759 555 793 578 et
817 558 895 578 con-

161 595 284 630 juncta
321 593 501 623 debebunt.
544 592 613 621 Pat.
652 596 682 625 7.
721 592 782 621 hoc
820 601 894 621 vere

167 639 376 674 connectitur,
398 636 437 665 de
461 636 751 665 enuntiationibus
775 646 815 664 cx
838 644 896 665 an-

167 681 356 717 tecedente,
384 683 423 709 ut
447 679 612 709 dialectici
640 679 834 718 loquuntur,
862 685 898 708 et

169 728 392 763 consequente
410 723 611 762 compositis.
639 722 767 752 *AczuL
784 723 826 751 iv,
843 726 896 753 30.

169 767 278 807 ipsum
303 777 342 796 ex
365 777 399 797 se
417 776 597 796 connectent
621 770 683 795 est.
712 765 834 795 dicitur
857 766 896 795 de

170 810 461 841 enunciationibus
493 810 660 847 identicis,
688 819 768 848 quas
799 809 896 838 hodie

171 855 306 885 dicunt:
333 854 364 883 Si
382 853 437 883 lux
454 859 518 890 est,
535 853 590 882 lux
607 860 668 882 cst.

221 898 356 928 Conniti.
386 897 478 927 Verr.
502 897 548 926 iii.
574 898 625 927 56.
656 896 764 925 nervis
790 895 897 925 omni-

172 942 232 971 bus
249 942 378 971 conniti.
398 941 497 971 Tusc.
510 941 543 970 ii.
556 942 607 970 ⁶21.
631 941 760 970 connisa
775 943 809 971 et
822 949 898 979 pro-

173 995 284 1024 gressa
300 985 393 1015 ratio.

221 1029 398 1058 (maun-ere.
425 1024 455 1057 T
458 1037 525 1057 use.
553 1028 573 1056 i.
598 1030 651 1061 49.
681 1028 897 1057 conniventem

173 1081 290 1102 somno
306 1072 480 1111 consopiri.
509 1071 588 1100 Coel.
610 1074 658 1104 17.
691 1070 899 1100 blandimen-

171 1116 216 1145 tis
234 1122 361 1145 naturae
382 1115 488 1154 sopita
510 1116 615 1145 virtus
637 1116 789 1144 connivet.
821 1113 899 1142 ibid.

174 1162 224 1190 ⁸24.
249 1161 412 1189 comm-ere
427 1159 461 1188 in
478 1158 656 1188 sceleribus
673 1158 860 1187 hominum.

223 1202 428 1233 Connubium.
458 1201 541 1241 Top.
565 1205 596 1232 4.
627 1202 764 1240 quicum
779 1209 899 1230 connu-

175 1247 259 1276 bium
282 1256 347 1276 non
372 1252 434 1275 est.
486 1245 696 1281 Connubium,
712 1250 763 1274 est
787 1245 901 1274 matri-

174 1291 325 1319 monium
352 1290 440 1320 inter
462 1289 566 1318 cives:
599 1289 687 1318 inter
712 1289 817 1317 civem
842 1297 900 1317 au-

173 1339 241 1363 tem
258 1338 292 1363 et
308 1333 489 1373 peregrinae
502 1332 701 1362 conditionis
714 1331 899 1368 hominem,

175 1382 232 1408 aut
244 1377 381 1413 servilis,
395 1386 459 1406 non
473 1380 522 1405 est
534 1376 739 1412 cormabium,
752 1375 809 1404 sed
822 1384 900 1404 con-

173 1421 379 1451 tubernium.
403 1430 432 1449 τ.
450 1419 608 1450 Boethius
632 1419 672 1449 ad
695 1419 725 1448 h.
744 1418 764 1448 l.
810 1419 900 1448 Hinc

176 1465 210 1494 in
237 1464 446 1494 missionibus
473 1463 685 1499 militaribus,
706 1472 758 1502 ap.
782 1462 901 1491 Grute-

177 1518 263 1544 rum,
287 1508 460 1547 Sponium,
484 1507 644 1536 Maffeum
668 1509 702 1535 ct
724 1506 818 1542 alios,
844 1507 902 1544 jus

174 1553 320 1581 connubii
334 1551 431 1581 datur
447 1561 523 1580 cum
541 1551 710 1586 uxoribus,
724 1559 803 1588 quas
819 1552 901 1579 tunc

175 1594 380 1631 habuissent,
409 1605 485 1624 cum
511 1599 562 1623 est
589 1595 703 1623 civitas
730 1593 824 1622 data:
860 1593 900 1622 de

174 1648 239 1677 quo
256 1638 319 1668 vid.
338 1638 499 1668 Mafl'eum
516 1639 548 1667 in
564 1637 729 1676 Antiquit.
745 1636 901 1675 Aquitan.

175 1691 226 1721 ep.
250 1685 274 1713 Ι.

225 1726 459 1765 Con-quassatio.
487 1725 587 1755 Tusc.
611 1723 652 1753 iv.
674 1727 722 1754 13.
752 1733 904 1764 conquas-

174 1771 254 1799 satio
269 1770 372 1799 totius
388 1768 587 1799 valetudinis
606 1768 762 1806 corporis.

225 1813 425 1852 Conquirere,
443 1812 481 1841 de
498 1821 575 1842 uno.
607 1810 648 1840 ad
668 1811 743 1841 Div.
759 1821 787 1840 ν.
804 1814 835 1844 9.
866 1815 906 1841 ut

176 1861 267 1886 terra
290 1857 437 1895 marique
461 1856 712 1895 conquirmetur.
745 1854 787 1883 ef.
810 1855 904 1884 Verr.

178 1901 217 1932 iv.
242 1904 295 1931 48.
326 1900 382 1930 Or.
400 1901 419 1929 i.
443 1900 496 1930 46.
527 1899 613 1938 *pro
637 1907 795 1936 quaercre.
825 1898 904 1937 Agr.

178 1944 211 1973 ii.
229 1946 280 1973 35.
312 1943 437 1982 aliquid
452 1943 583 1973 sceleris
599 1943 795 1981 conquirere.

226 1988 411 2027 Conquirit&
443 1987 523 2017 Her.
544 1986 578 2015 ii.
611 1988 694 2014 extr.
710 1986 905 2024 conquisitis-

177 2031 256 2060 slme
268 2031 540 2070 conscripsimus:
562 2030 583 2059 i.
595 2038 624 2059 c.
637 2028 904 2068 diligentissime,

180 2074 271 2103 nulla
287 2084 321 2103 rc
337 2075 570 2114 praetermissa.

227 2116 424 2157 szqm'sitio.
458 2117 549 2146 Prov.
568 2116 666 2146 Cons.
683 2118 714 2147 ⁶2.
741 2115 905 2146 exercitus

179 2160 355 2191 durissima
369 2162 593 2200 conquisitione
605 2160 775 2190 collectus.

228 2204 432 2244 Conquisitor.
460 2204 502 2234 ad
515 2204 586 2234 Att.
602 2204 670 2234 xiii.
687 2205 739 2234 ί21.
765 2204 827 2232 int.
842 2203 906 2233 mi-

178 2247 290 2278 litum.

227 2290 432 2321 Conscientia.
456 2292 606 2322 societas.
631 2290 773 2330 Philipp.
796 2290 829 2320 ii.
856 2292 906 2320 11.

177 2336 250 2373 quis
275 2345 395 2365 nomen
421 2346 534 2365 meum
557 2335 592 2364 in
609 2334 696 2364 illius
713 2334 907 2373 gloriosissi-

180 2379 225 2408 mi
248 2378 327 2408 facti
351 2381 540 2409 conscientia
567 2378 703 2408 audivit.
743 2377 848 2408 *Fin-
873 2378 907 2407 ii.

178 2424 230 2452 222.
254 2424 441 2452 conscientia
458 2422 596 2453 stabilis.

226 2466 438 2496 cbnswzdere.
476 2466 545 2496 Act.
569 2465 635 2495 viii.
663 2464 711 2494 16.
741 2464 768 2494 is
791 2474 844 2494 me
869 2464 910 2495 ab

178 2510 398 2548 optimatibus
422 2511 470 2539 ait
489 2509 666 2540 conscindi:
698 2508 720 2538 i.
743 2518 772 2538 e.
796 2509 908 2538 convi-

179 2553 238 2582 ciis
255 2553 404 2584 lacerari.

228 2596 392 2627 Canscisco.
422 2597 517 2627 Brut.
540 2606 591 2636 ep.
619 2597 667 2627 16.
697 2598 776 2625 ante
806 2604 907 2634 quam

179 2638 262 2669 illud
293 2641 437 2670 conscivi
468 2640 616 2670 facinus:
649 2639 688 2669 dc
713 2648 779 2678 qua
801 2638 909 2670 forma

179 2683 244 2713 vid.
260 2684 402 2714 Gronov.
418 2685 460 2714 ad
476 2683 546 2714 Liv.
564 2684 628 2713 xxi.
647 2686 677 2715 8.

229 2728 386 2757 censa-ms.
417 2727 458 2758 ad
473 2728 543 2757 Att.
560 2727 593 2758 ii.
611 2729 663 2757 24.
692 2728 852 2757 conscium
867 2727 908 2756 de

180 2769 230 2800 liis
246 2771 342 2800 rebus
359 2781 440 2801 esse.
481 2804 486 2807 λ

228 2813 424 2845 &ascribere
440 2814 576 2844 verbum
591 2813 747 2851 militare,
760 2823 837 2844 cum
851 2823 908 2844 no·

179 2858 209 2886 vi
243 2858 365 2888 milites
396 2858 601 2894 scribuntur,
624 2861 657 2886 et
683 2857 717 2887 in
741 2858 908 2888 centurias

178 2901 421 2932 deseribuntur.
451 2901 546 2942 Quir.
567 2911 599 2941 p.
622 2900 661 2931 R.
688 2904 717 2932 5.
750 2911 826 2934 cum
850 2901 908 2932 ho-

1586 99 1669 140 239

934 203 1040 232 mines
1055 200 1207 232 conscribi
1224 199 1470 238 centuriarique
1486 198 1660 228 vidissem:

935 255 1138 285 quamquam
1162 245 1204 274 ibi
1222 247 1271 272 cst
1288 244 1326 273 de
1346 243 1398 280 iis,
1414 243 1469 281 qui
1494 253 1513 272 a
1528 242 1662 271 seditio-

935 290 978 319 sis
995 289 1185 319 hominibus
1202 287 1419 325 colliguntur,
1435 290 1469 315 et
1487 287 1520 316 in
1545 292 1665 315 centu-

937 333 1000 362 rias
1028 340 1084 362 ant
1109 332 1258 361 decurias
1283 330 1538 365 conscribuntur,
1562 334 1601 358 ut
1625 329 1666 358 iis

940 380 1079 406 utantur
1094 375 1135 404 ad
1151 373 1411 413 depugnandum
1435 377 1550 402 contra
1565 373 1669 403 bonos

940 420 1038 449 cives.
1071 419 1117 448 sic
1141 418 1264 447 dicitur
1287 418 1389 446 ctiam
1414 416 1610 453 describere,
1628 416 1670 445 de

941 473 1005 502 quo
1029 472 1088 492 suo
1113 461 1196 490 loco.
1228 460 1340 490 Plane.
1370 463 1418 490 18.
1451 460 1521 489 haec
1545 458 1668 499 profer,

940 507 1006 536 huc
1044 505 1213 540 incumbe,
1246 504 1447 539 Laterensis,
1479 503 1667 533 decuriasse

941 549 1127 585 Plancium,
1143 549 1370 587 conscripsisse,
1389 553 1593 585 sequestrem
1617 546 1670 576 fu·

942 594 1004 623 isse
1021 594 1080 622 &tu
1113 592 1166 621 hic
1189 597 1240 621 est
1263 591 1302 620 ‹le
1327 591 1403 627 alia,
1421 590 1477 620 sed
1501 589 1600 620 simili
1617 596 1670 619 ta-

943 646 1020 666 men
1036 646 1082 666 re.
1107 635 1172 674 Qui
1188 644 1401 674 corrumpere
1420 633 1579 673 populum
1597 639 1668 663 stu-

944 681 1037 717 dent,
1061 689 1138 709 eum
1167 679 1200 708 in
1227 678 1376 708 decurias
1406 678 1612 713 describunt,
1635 682 1672 706 et

943 723 1022 762 quid
1041 723 1182 752 decuriis
1199 721 1339 761 singulis
1363 721 1473 751 daturi
1498 721 1577 757 sint,
1595 730 1670 760 pro-

944 767 1125 797 nunciant:
1151 765 1199 795 illi
1223 771 1351 801 autem,
1366 765 1404 794 de
1422 765 1539 804 quibus
1557 770 1671 802 antea,

943 812 977 840 in
1001 810 1168 840 centurias
1192 808 1383 838 describunt
1411 818 1500 845 suos,
1526 816 1563 837 ut
1587 818 1673 849 pug-

944 858 1036 884 nent.
1066 853 1199 892 xItaque
1222 852 1337 882 eodem
1363 851 1435 882 loco
1458 862 1516 891 pro
1535 853 1672 882 conscri-

943 900 1014 928 here
1037 897 1160 927 (licitur
1183 897 1283 926 etiam
1309 896 1504 926 describere.
1551 896 1603 925 Sic
1620 905 1671 925 rc-

944 943 1050 982 peries
1074 941 1174 970 etiam
1200 940 1233 969 in
1257 940 1333 969 Sen.
1356 949 1388 979 p.
1410 939 1492 969 Red.
1508 949 1536 969 c.
1557 942 1606 970 13.
1637 944 1673 968 et

943 985 1032 1015 alibi.
1070 984 1089 1001 ¹*
1110 983 1217 1014 Simul
1248 983 1400 1013 scribere.
1438 984 1508 1013 Att.
1537 983 1593 1012 xii.
1621 986 1672 1016 19.

943 1029 1065 1059 Balbus
1095 1027 1137 1058 ad
1167 1037 1221 1057 me
1245 1037 1322 1056 cuin
1345 1026 1453 1067 Oppio
1474 1028 1671 1066 conscripsit.

945 1073 1056 1102 Etiam
1080 1071 1122 1101 ad
1144 1071 1223 1102 Div.
1239 1071 1282 1100 xi.
1300 1072 1331 1101 2.
1354 1071 1388 1100 in
1411 1071 1507 1110 epist.
1524 1070 1621 1100 Bruti
1637 1073 1673 1100 et

946 1116 1049 1146 Cassii
1067 1114 1192 1154 vulgati
1208 1114 1332 1144 habent
1354 1123 1421 1143 non
1444 1115 1675 1153 conscripsisse-

945 1170 1018 1189 mus
1043 1159 1114 1188 haec
1139 1158 1221 1188 tibi:
1256 1157 1345 1196 quod
1372 1157 1571 1187 defendebat
1596 1157 1673 1187 Nic.

945 1203 1116 1234 Rubenius
1132 1211 1172 1231 ex
1189 1201 1292 1231 altero
1309 1201 1392 1231 loco.
1437 1201 1499 1231 Sed
1524 1201 1672 1231 Graevius

944 1257 961 1277 e
988 1246 1084 1277 MSS.
1107 1245 1304 1284 quibusdam
1337 1246 1462 1285 recepit
1489 1245 1673 1284 scripsisse-

946 1300 1032 1320 mus.
1077 1289 1141 1319 Sed
1163 1288 1285 1318 dicitur
1300 1293 1414 1318 tamen
1429 1289 1530 1319 etiam
1547 1289 1587 1318 de
1603 1298 1672 1318 uno

945 1343 1004 1374 pro
1034 1333 1187 1363 scribere.
1224 1332 1319 1362 Verr.
1347 1342 1375 1361 v.
1402 1335 1433 1362 4.
1471 1333 1527 1362 ubi
1558 1336 1672 1362 tamen

945 1377 1052 1408 Graev.
1068 1387 1086 1406 e
1104 1376 1184 1406 Cod.
1202 1376 1335 1406 rescribi
1352 1376 1482 1406 volebat
1498 1376 1652 1406 scribere.

994 1421 1206 1459 Conscriptus.
1237 1420 1348 1449 Patres
1377 1420 1550 1459 Cbnscrc'pti
1574 1419 1673 1450 Catil.

946 1465 987 1494 iv.
1010 1468 1037 1494 1.
1061 1463 1184 1493 dicitur
1206 1473 1265 1503 pro
1289 1464 1402 1493 Patres
1425 1468 1459 1493 ct
1485 1464 1675 1504 (bnscripti,

947 1512 984 1538 ut
999 1508 1096 1537 docet
1110 1508 1181 1538 Liv.
1198 1507 1220 1536 1.
1234 1508 1269 1536 ii.
1281 1517 1309 1542 c.
1326 1510 1351 1536 1.
1382 1507 1520 1546 Antiqui
1536 1513 1570 1536 et
1585 1517 1674 1547 saepe

946 1552 1161 1588 omittebant,
1185 1555 1223 1580 ut
1247 1551 1281 1580 in
1306 1550 1380 1580 illo:
1415 1551 1455 1580 de
1483 1551 1512 1580 vi
1537 1553 1674 1581 armatis.

946 1595 1149 1631 hominibus,
1166 1600 1200 1624 et
1216 1593 1299 1624 aliis.
1340 1594 1453 1624 Patres
1470 1600 1547 1624 sunt
1564 1595 1601 1631 ii,
1617 1596 1674 1633 qui

946 1642 1024 1669 sunt
1059 1639 1189 1674 iteneris
1221 1638 1364 1677 patricii,
1400 1638 1587 1677 &nstv-ipti,
1618 1640 1675 1677 qui

946 1692 1030 1713 novo
1045 1682 1141 1713 Bruti
1157 1682 1312 1711 instituto
1328 1692 1366 1711 ex
1383 1683 1527 1721 equestri
1546 1681 1676 1720 ordine,

947 1727 1003 1765 qui
1021 1730 1135 1766 postea
1149 1725 1365 1755 seminarium
1382 1729 1515 1755 senatus
1532 1725 1608 1763 fuit,
1625 1735 1675 1755 se-

948 1771 1043 1800 natui
1060 1769 1216 1809 adscripti
1232 1772 1321 1799 sunt.

996 1814 1196 1844 Conseerare.
1240 1812 1318 1851 Agr.
1350 1812 1370 1842 i.
1408 1814 1439 1843 52.
1482 1815 1679 1845 consecravit*

949 1856 1206 1896 Karthaginem,
1222 1857 1243 1885 i.
1259 1866 1288 1885 e.
1307 1866 1402 1886 usum
1418 1856 1491 1894 soli,
1509 1867 1574 1895 quo
1591 1857 1676 1888 Kar-

948 1900 1049 1940 thago
1071 1900 1232 1936 stetisset,
1255 1900 1446 1929 hominibus
1470 1900 1609 1938 ademit,
1623 1911 1675 1931 sa·

949 1954 1043 1974 crum
1079 1944 1171 1980 feeit,
1204 1953 1245 1972 ne
1283 1944 1381 1980 arari,
1413 1944 1674 1983 inaedificarique

949 1992 1070 2028 posset.
1103 1990 1122 2007 *a
1133 1987 1214 2026 Leg.
1230 1987 1263 2016 ii.
1279 1988 1309 2017 Ω.
1337 1987 1458 2026 patria,
1474 1988 1508 2017 in
1524 1998 1590 2026 qua
1604 1998 1675 2018 om-

949 2032 1004 2062 nia
1027 2035 1142 2061 nostra
1164 2040 1286 2070 ponere
1312 2036 1346 2060 et
1372 2031 1464 2069 quasi
1490 2041 1676 2062 consecrare

947 2076 1117 2106 debemus.
1150 2073 1283 2104 *Tusa
1307 2075 1353 2104 iii.
1382 2077 1408 2105 l.
1443 2084 1494 2104 ars
1524 2075 1677 2105 Deorum

948 2118 1133 2149 inventioni
1156 2122 1352 2156 consecrata,
1370 2119 1391 2148 i.
1415 2129 1444 2148 e.
1464 2119 1603 2156 tributa,
1619 2120 1676 2149 ad—

947 2163 1081 2202 scripta.

997 2207 1203 2237 (basem-atio.
1228 2205 1319 2236 Balb.
1341 2208 1388 2235 14.
1416 2208 1607 2237 consecratio
1623 2216 1678 2237 ca-

949 2250 1046 2290 pitis:
1072 2259 1176 2289 genus
1196 2249 1278 2288 legis
1295 2250 1475 2287 sacrandae,
1493 2260 1569 2280 cum
1588 2251 1678 2281 scili-

949 2302 1003 2324 cet
1033 2299 1136 2333 caput
1162 2294 1232 2332 ejus
1262 2303 1394 2323 sacrum
1421 2295 1678 2333 pronunciatur,

951 2337 1006 2376 qui
1036 2342 1155 2367 contra
1185 2337 1294 2376 legem
1333 2336 1460 2367 fecerit.
1506 2337 1572 2368 vid.
1604 2337 1679 2368 Ind.

950 2380 1055 2420 Legg.
1069 2390 1100 2411 v.
1118 2380 1223 2420 Leges
1240 2384 1389 2410 sacratae.
1414 2381 1433 2399 ²*
1445 2382 1544 2411 Dom.
1559 2384 1611 2412 48.
1634 2392 1678 2411 an

949 2425 1141 2455 consecratio
1156 2424 1288 2454 nullum
1304 2423 1490 2463 habetjus;
1515 2425 1681 2463 dedicatio

952 2472 1003 2498 est
1019 2467 1195 2507 religiosa?
1229 2467 1280 2497 Ad
1295 2467 1386 2497 hunc
1402 2467 1513 2498 locum
1530 2469 1681 2509 disputat

952 2511 1100 2542 Graevius
1124 2511 1163 2542 de
1191 2511 1382 2541 discrimine
1406 2512 1495 2542 inter
1516 2522 1681 2543 consecra-

951 2556 1068 2585 tionem
1084 2560 1120 2585 et
1134 2555 1397 2585 dedicationem:
1423 2564 1495 2594 quae
1519 2560 1593 2586 tota
1614 2556 1682 2587 dis-

952 2599 1084 2639 putatio
1100 2598 1187 2628 hanc
1203 2608 1371 2628 summam
1394 2598 1507 2637 habet,
1523 2603 1562 2629 ut
1578 2610 1682 2631 conse-

952 2643 1127 2672 emtionem
1150 2641 1312 2678 locorum,
1336 2652 1504 2680 arcarum,
1524 2652 1681 2683 agrorum

952 2695 1022 2715 esse
1035 2686 1137 2722 dicat,
1151 2685 1393 2715 dedicationem
1411 2690 1525 2716 autem
1538 2687 1682 2728 templo-

953 2739 1041 2765 rum,
1054 2739 1200 2765 ararum,
1213 2728 1480 2760 simulacrorum.
1504 2730 1557 2760 Sic
1573 2740 1593 2760 a
1607 2731 1682 2761 Clo-

952 2772 1006 2802 dio
1021 2773 1103 2803 dicit
1117 2776 1334 2803 consecratam
1359 2782 1429 2803 esse
1453 2783 1565 2804 aream
1590 2774 1684 2805 Cice-

952 2817 1100 2847 ronianae
1111 2816 1242 2853 domus,
1251 2816 1441 2847 dedicatum
1453 2821 1567 2847 autem
1579 2819 1683 2848 simu-

952 2859 1080 2892 lacrum
1096 2859 1277 2890 Libertatis
1295 2861 1330 2891 in
1346 2869 1433 2891 area.
1457 2860 1497 2891 In
1508 2860 1595 2891 hanc
1612 2871 1685 2892 rem

953 2903 1058 2939 etiam*
1070 2903 1178 2936 multa
1191 2903 1341 2944 disputat
1353 2903 1494 2935 Guther.
1504 2903 1525 2934 J
1529 2914 1577 2935 ur.
1588 2905 1685 2937 Pont-
