1920 3196
265 125 347 162 230

268 226 349 252 ante
364 230 442 250 eum
459 230 478 250 a
494 218 699 260 philosophis
721 221 870 248 tractata
893 221 1002 256 erant,

269 275 290 296 a
319 265 439 304 quibus
468 262 677 304 philosophia
701 272 814 292 rerum
842 261 1006 292 humana-

269 318 347 339 rum
370 309 509 338 scientia
538 307 602 337 dici
625 306 747 346 potuit.
794 305 891 335 Certe
915 305 1005 345 apud

270 353 445 384 Platonem
470 360 536 381 non
560 350 663 380 semel
686 350 758 380 haec
781 349 934 379 definitio
954 359 1005 380 re-

269 397 411 437 peritur.
443 406 495 434 ap.
510 393 665 431 Xenoph.
686 394 790 424 Mem.
814 393 905 423 Socr.
929 393 950 422 i.
979 396 1007 423 l.

275 442 325 471 1⁶2.
363 438 531 481 ἀνθρώπινα
557 442 591 467 et
612 435 742 476 δαιμῦνια
764 437 810 466 sic
833 437 1006 473 dicuntur,

274 488 314 514 ut
338 483 396 513 illa
418 483 606 512 doctrinam
629 482 669 511 de
693 481 851 518 moribus,
872 480 943 510 haec
967 480 1007 510 de

274 530 397 558 natura
425 526 631 565 significent,
662 525 704 554 cf.
736 526 765 561 ξ.
801 525 850 554 16.
888 525 1005 562 Neque

272 581 350 601 vero
378 571 413 600 in
443 570 506 599 hoc
535 568 681 599 multum
713 568 916 598 difficultatis
944 573 1006 597 cst.

269 615 365 645 *Sed
382 624 431 644 res
448 614 562 643 dia-lnce
578 617 612 642 et
635 612 791 642 humanae
808 612 909 641 etiam
935 611 1007 640 aliis

271 659 379 688 modis
394 658 564 693 dicuntur,
582 663 681 695 atque
702 656 735 685 id
758 656 866 695 ipsum
892 656 1007 684 Socra-

270 703 339 732 tico
370 711 475 738 more,
500 711 600 740 quem
624 700 681 739 qui
705 709 771 729 non
796 699 1005 737 intelligunt,

270 747 307 777 in
335 746 397 776 hac
428 746 557 775 ratione
584 743 717 774 dicendi
741 742 912 773 interdum
938 741 1006 772 hae-

269 794 359 821 rent.
406 789 504 829 Apud
531 788 676 818 eundem
699 786 959 826 Xenophontem
983 785 1005 816 l.

270 844 300 864 c.
319 836 350 871 ξ.
370 836 418 864 15.
449 830 616 874 ἀνθρώπεια
633 831 792 861 dicuntur
806 830 846 860 de
870 830 1007 869 quihus-

270 887 403 916 cunque
433 877 573 913 artibus,
602 885 677 914 quae
707 875 742 904 in
771 874 868 904 rebus
895 873 936 903 ad
959 874 1006 903 vi-

270 927 342 951 tam
359 921 543 951 humanam
557 917 803 960 pertinentibus
817 921 1004 954 versantur,

270 975 392 1004 nempe
418 964 545 994 artibus
576 963 747 1003 opificum.
786 961 865 992 ibid.
894 963 923 998 §.
955 964 1007 995 19.

269 1009 326 1041 Dii
346 1009 503 1038 dicuntur
525 1006 717 1036 hominibus
740 1005 929 1045 significare
945 1016 1004 1035 σε·

267 1053 294 1095 31
311 1052 366 1082 τᾶν
381 1049 563 1094 &affigas-msa»
579 1050 722 1088 πάντως
746 1049 782 1079 in
799 1059 864 1088 quo
879 1059 931 1079 res
944 1049 1006 1078 hu-

269 1106 379 1127 manae
406 1099 498 1132 sunt,
523 1104 596 1133 quae
620 1093 812 1124 hominibus
835 1092 1004 1123 accidunt.

268 1141 348 1170 ibid.
373 1140 394 1170 i.
419 1142 448 1169 3.
472 1142 503 1169 4.
535 1137 702 1180 ἀνθρώπινοι
726 1141 943 1177 opponuntur
967 1137 1005 1177 τῇ

269 1183 325 1213 τῦν
348 1183 422 1213 θεῶν
444 1181 620 1222 ξυμέουλίᾳ,
637 1181 783 1220 adeoque
800 1187 880 1210 sunt
897 1181 1006 1210 consi-

265 1226 312 1257 lia
336 1227 494 1257 humana.
540 1225 650 1265 Atque
671 1224 742 1255 haec
766 1225 850 1254 ratio
872 1224 1004 1254 Graeco-

266 1281 344 1301 rum
360 1271 463 1300 etiam
481 1271 515 1300 iu
532 1270 683 1308 linguam
707 1268 849 1298 latinam
871 1269 1005 1298 invecta

267 1320 319 1344 est
344 1315 384 1344 ab
408 1314 472 1351 his,
497 1314 554 1352 qui
581 1313 712 1343 Graecas
743 1312 856 1342 literas
879 1312 1003 1341 didice-

268 1362 357 1396 rant,
374 1362 414 1388 ut
438 1357 553 1387 multae
570 1356 653 1387 aliae.
701 1357 754 1386 Sic
771 1366 848 1386 cum
873 1356 1004 1395 magni-

267 1402 350 1432 tudo
363 1402 466 1431 animi
484 1401 608 1431 dicitur
631 1401 720 1430 cerni
746 1401 780 1430 in
806 1409 916 1429 rerum
942 1400 1002 1429 hu—

267 1455 444 1476 manarum
471 1448 658 1482 contemtu,
675 1444 790 1474 omnia
812 1453 852 1473 ea
874 1444 1002 1483 signifi-

266 1494 401 1526 cantur,
426 1498 499 1528 quae
527 1493 608 1518 sunt
639 1488 829 1525 hominum,
856 1492 895 1517 ut
921 1487 1004 1517 divi-

261 1534 336 1570 tiae,
359 1534 514 1570 honores,
540 1542 646 1572 genus
678 1532 738 1561 ἃς.
774 1537 833 1561 aut
854 1532 892 1561 iis
916 1532 1002 1561 acei-

267 1578 344 1608 dere
376 1582 529 1617 possunt,
556 1577 634 1615 quia
661 1579 742 1605 sunt
770 1575 936 1613 homines,
963 1578 1002 1605 ut

267 1621 416 1658 morbus,
430 1620 630 1660 perieulum,
649 1623 828 1659 paupertas
845 1620 903 1648 &cu
949 1619 1002 1648 Sic

268 1665 418 1695 amicitia
451 1664 533 1696 Lael.
567 1665 598 1695 6.
644 1666 696 1693 est
731 1663 882 1693 omnium
921 1663 1003 1692 (Ζηνὶ-

264 1719 389 1739 ‘narum
410 1708 701 1746 humanarumque
725 1716 836 1737 rerum
861 1716 1001 1736 consen-

266 1753 317 1782 sio
335 1762 412 1782 cum
430 1751 656 1782 benivolentia
670 1755 705 1780 et
728 1751 887 1788 caritate3
915 1750 1003 1789 quod

267 1796 365 1835 quale
389 1797 446 1833 sit,
470 1795 614 1835 explicat
636 1795 706 1835 ipse
730 1805 759 1824 c.
785 1798 833 1828 17.
860 1795 935 1824 init.
952 1794 1002 1824 his

265 1841 370 1880 igitur
386 1840 509 1869 finibus
527 1839 690 1869 utendum
708 1839 861 1875 arbitror,
875 1846 911 1867 ut
924 1848 1002 1868 cuin

267 1883 438 1914 emendati
464 1892 572 1913 mores
603 1883 787 1912 amicorum
818 1882 900 1919 sint,
927 1886 1002 1911 tum

265 1929 310 1958 sit
333 1928 422 1958 inter
444 1937 499 1957 eos
523 1927 675 1956 omnium
700 1936 826 1963 rerum,
850 1925 1004 1955 consilio-

265 1981 355 2008 rum,
380 1972 597 2002 voluntatum
620 1971 691 2000 sine
713 1970 784 1999 ulla
806 1970 1004 2009 exceptione

265 2016 503 2046 communitas.
532 2014 550 2032 ²¹*
561 2015 662 2044 Porro
677 2014 791 2044 divina
806 2017 840 2043 et
856 2013 1005 2043 humana

267 2069 356 2099 saepe
374 2059 535 2089 dicuntur
549 2057 712 2095 absolute,
727 2067 786 2097 pro
801 2068 839 2087 eo
854 2057 942 2096 quod
954 2061 1005 2087 est

266 2103 364 2134 Rogo.
382 2103 457 2134 Am.
475 2105 528 2133 ⁶23.
559 2103 670 2132 divina
689 2106 723 2131 et
746 2101 895 2131 humana
911 2101 1002 2139 jura.

266 2146 316 2177 Ex
324 2147 444 2186 quibus
455 2146 670 2185 intelligitur,
682 2145 785 2175 latine
795 2145 922 2174 nescire
927 2167 936 2182 ,
946 2145 1002 2183 qui

266 2190 358 2221 illam
386 2191 466 2230 juris
493 2190 724 2220 definitionem
754 2188 1002 2218 Justinianeam

266 2240 327 2264 aut
343 2244 410 2265 non
426 2234 636 2273 intelligunt,
653 2233 688 2263 in
712 2242 778 2272 qua
802 2242 851 2262 res
876 2233 1004 2262 divinas

266 2283 302 2308 et
318 2279 495 2315 humanas,
513 2288 571 2317 pro
589 2278 666 2316 jure
683 2277 791 2307 diuino
803 2282 837 2306 et
853 2275 1003 2305 humano

265 2332 291 2352 s.
309 2322 436 2361 legibus
453 2323 571 2351 diffluis
593 2326 627 2350 et
650 2320 819 2356 humanis,
836 2319 868 2349 h.
893 2330 921 2349 e.
946 2329 1004 2349 na-

265 2367 432 2396 turalibus
456 2372 491 2396 et
514 2365 662 2405 positivis
688 2369 725 2394 ut
748 2364 843 2394 hodie
861 2363 1004 2402 loquun-

265 2413 337 2447 tur,
364 2410 429 2440 dici
459 2409 678 2440 manifestum
706 2412 770 2445 est,
797 2407 850 2437 vel
880 2417 920 2437 ex
951 2417 1004 2444 eo,

268 2454 358 2493 quod.
374 2454 404 2483 ei
421 2454 494 2483 duae
511 2453 625 2483 sormae
636 2452 693 2490 jus
711 2455 839 2482 naturae
855 2458 890 2481 et
909 2451 1005 2480 civile

268 2498 509 2535 subjiciuntur,
541 2501 601 2526 aut
633 2495 883 2535 reprehendunt
910 2495 1004 2531 adeo,

268 2551 347 2571 cum
373 2542 508 2571 latinius
533 2540 665 2570 definiri
689 2549 756 2569 non
783 2539 896 2578 possit.
942 2539 1006 2568 Sed

268 2584 332 2615 hoc
359 2585 432 2615 aliis
457 2585 560 2615 etiam
587 2583 840 2613 definitionibus
870 2583 1005 2619 accidit,

267 2634 309 2658 ut
337 2638 405 2659 non
443 2628 680 2666 intelligantur
712 2626 806 2657 latini
843 2626 1005 2656 sermonis

266 2673 413 2710 inscitia,
440 2677 475 2702 et
501 2676 680 2711 propterea
708 2669 1007 2710 reprehendantur.

267 2716 334 2746 vid.
350 2716 543 2746 Vinculum.
590 2714 639 2745 Ea
662 2718 776 2744 autem
800 2715 884 2743 ratio
904 2714 942 2744 de
961 2713 1007 2742 le-

270 2760 366 2798 gibus
390 2763 449 2789 aut
471 2759 576 2789 etiam
599 2759 715 2788 officiis
739 2757 895 2796 loquendi
913 2768 932 2787 a
948 2758 1005 2787 So-

271 2804 403 2833 craticis
420 2803 569 2843 profecta
584 2806 645 2832 est.
691 2801 785 2831 Plato
805 2801 844 2830 de
863 2801 964 2839 Legg.
983 2801 1006 2830 1.

270 2857 302 2876 v.
319 2857 351 2886 p.
375 2849 450 2878 ’442-
474 2847 525 2876 ed.
550 2845 700 2876 Francos.
725 2842 1007 2877 ἐπιτηδευμάτων-

267 2890 412 2921 λέλεκται
435 2888 537 2930 σχεδὸν
559 2888 613 2919 ὅσα
638 2893 736 2919 ΘΕΙΛ
760 2887 812 2920 iffi·
838 2888 879 2918 ταὶ
902 2885 923 2917 δ’
938 2892 1005 2917 AN-

271 2938 466 2966 ΘΡΩΠΙΝΑ
482 2934 525 2964 νῦν
539 2933 604 2974 ἡμῖν
619 2932 670 2965 οὐκ
687 2931 817 2974 εἴρηταις
841 2932 899 2962 ubi
923 2932 1006 2963 divi-⁶

790 129 938 157 mnzx
968 129 1266 157 LATINi'rATls.

1050 226 1095 248 na
1106 218 1214 248 officia
1225 218 1386 249 dicuntur
1396 227 1447 257 ea,
1463 228 1537 259 quae
1554 221 1725 261 pertinent
1741 219 1783 254 ad

1051 271 1102 291 res
1125 262 1264 300 divinas,
1282 262 1315 292 h.
1330 265 1394 300 est,
1416 265 1453 293 ut
1475 264 1544 303 ipse
1568 265 1627 302 ait,
1651 265 1686 295 in
1709 267 1783 305 qui-

1051 305 1112 335 bus
1136 306 1163 335 si
1186 307 1386 346 peccaveris,
1409 306 1522 337 Deum
1552 307 1696 338 ultorem
1723 309 1782 340 ha-

1052 349 1142 386 beas,
1165 349 1314 379 humana
1344 356 1470 388 autem,
1494 351 1613 389 quibus
1643 352 1783 391 objectae

1051 398 1132 422 sunt
1155 403 1205 423 res
1229 393 1396 423 huinanae.
1420 404 1454 434 p.
1478 397 1552 425 840.
1583 395 1626 428 ἵςι
1647 393 1680 428 δὴ
1703 395 1784 435 φύσει

1052 434 1225 478 ἀνθρώπειον
1237 436 1355 476 μέλις-αι
1369 434 1461 469 aizoum}
1474 438 1525 467 καὶ
1540 437 1634 468 λύπαι
1649 439 1700 468 καὶ
1721 439 1785 470 ἔτι·

1051 479 1159 518 θυμίαι
1176 481 1234 510 &c.
1258 491 1290 520 p.
1305 483 1378 511 84⁶2.
1405 481 1459 510 Sic
1476 492 1527 521 ap.
1545 481 1616 512 Liv.
1628 483 1715 512 xxix.
1733 485 1783 514 13.

1051 528 1136 553 extr.
1152 528 1187 553 et
1201 523 1257 554 illa
1273 525 1364 554 omni
1380 525 1486 555 dIvino
1508 525 1721 564 humanoque
1745 525 1787 556 li-

1052 567 1186 597 beretur
1207 568 1342 597 scelere.
1371 569 1458 598 cons.
1483 569 1529 598 iii.
1559 572 1606 603 19.
1636 569 1691 599 ubi
1714 569 1785 599 fru-

1052 617 1121 640 stra
1137 611 1284 642 haerebat
1301 612 1472 642 Drakenb.
1519 612 1583 642 Sed
1606 623 1720 643 vereor
1742 623 1784 643 ne

1052 654 1189 685 modum
1215 655 1371 685 excedam
1401 656 1436 685 in
1463 655 1524 685 hac
1548 656 1786 696 disputatione.

1053 697 1168 737 ltaque
1193 699 1290 739 plura
1311 699 1431 729 addere
1455 699 1609 740 exempla
1632 709 1700 730 non
1723 711 1782 731 au-

1053 741 1125 771 deo.

1095 785 1231 816 Divisio.
1263 785 1302 815 de
1326 796 1360 816 re
1383 786 1537 817 obseoena
1559 790 1610 817 cst
1633 786 1673 818 ad
1705 787 1784 818 Div.

1051 829 1094 859 ix.
1111 832 1163 861 22.
1196 829 1284 859 unde
1302 831 1336 860 in
1352 830 1414 860 hoc
1432 831 1530 860 verbo
1544 830 1631 861 ludit
1646 830 1784 863 Plautus

1049 873 1084 902 iu
1100 873 1284 903 Aulularia.

1094 917 1227 948 Divis-or
1249 916 1385 954 dicitur,
1410 917 1464 948 cui
1491 917 1651 947 mandata
1672 922 1724 948 est
1746 918 1783 949 in

1050 961 1256 990 coloniarum
1273 961 1471 991 deductione
1488 965 1522 991 et
1537 971 1577 991 ex
1593 960 1666 1000 lege
1678 961 1783 1001 Agra-

1050 1005 1099 1034 ria
1126 1014 1282 1044 agrorum
1309 1005 1397 1035 inter
1423 1005 1556 1035 colonos
1582 1005 1783 1036 distributio.

1051 1048 1134 1078 Phil.
1152 1049 1195 1078 xi.
1212 1049 1243 1079 6.
1275 1050 1422 1089 primum
1444 1049 1525 1079 duos
1548 1048 1691 1088 collegas
1713 1049 1785 1080 An-

1049 1093 1220 1122 toniorum
1254 1096 1289 1122 et
1326 1092 1508 1123 Dolabellae
1538 1093 1708 1123 Nuculam
1746 1097 1783 1124 et

1050 1136 1253 1173 Lentonem,
1288 1135 1395 1166 Italiae
1433 1137 1582 1167 divisores
1618 1136 1691 1175 lege
1728 1147 1782 1175 ea,

1051 1190 1150 1218 quam
1169 1190 1227 1220 per
1243 1180 1308 1210 vim
1328 1180 1432 1210 latam
1455 1184 1589 1210 senatus
1606 1180 1783 1219 judicavit.

1050 1224 1129 1254 ibid.
1146 1234 1175 1253 v.
1193 1228 1223 1258 7.
1247 1227 1381 1254 tantum
1399 1225 1537 1263 quisque
1549 1224 1693 1254 habebat
1708 1234 1784 1264 pos-

1050 1277 1168 1305 sessor,
1186 1274 1350 1306 quantum
1374 1268 1553 1306 reliquerat
1576 1268 1693 1298 divisor
1714 1268 1784 1298 Au-

1049 1312 1173 1341 tonius.
1197 1312 1373 1342 *divisores
1387 1316 1467 1342 suut
1483 1313 1585 1341 etiam
1602 1312 1691 1342 inter
1706 1323 1784 1352 ope-

1050 1366 1101 1385 ras
1119 1360 1320 1395 campestres
1344 1356 1379 1385 in
1403 1355 1557 1385 comitiis.
1587 1355 1667 1385 Har.
1682 1355 1783 1395 Resp.

1050 1401 1103 1430 90.
1127 1400 1275 1429 divisores
1291 1400 1442 1429 omnium
1458 1400 1610 1429 tribuum
1627 1399 1717 1429 domi
1733 1400 1783 1439 ip-

1049 1452 1083 1472 se
1099 1453 1168 1473 suae
1185 1443 1414 1473 crudelissima
1429 1450 1536 1473 morte
1554 1446 1726 1473 mactaret.
1742 1443 1785 1474 fr.

1052 1486 1183 1517 Cornel.
1207 1490 1233 1516 1.
1265 1487 1327 1516 nisi
1352 1496 1450 1526 poena.
1472 1487 1664 1516 accessisset
1682 1487 1716 1516 in
1733 1488 1784 1517 n'z‘-

1048 1532 1175 1561 visores.
1206 1530 1338 1560 Muren.
1355 1532 1409 1561 ⁶26.
1439 1530 1478 1560 de
1499 1531 1675 1561 divisorum
1698 1530 1784 1560 indi-

1049 1575 1120 1611 ciis,
1151 1582 1184 1604 et
1215 1574 1255 1604 de
1294 1574 1505 1614 deprehensis
1538 1575 1785 1614 pecuniis—re·

1049 1618 1229 1658 spondebo.
1263 1618 1361 1648 Petit.
1379 1618 1478 1648 Cous.
1502 1621 1550 1648 14.
1583 1618 1608 1647 si
1633 1619 1785 1648 divisores

1049 1663 1161 1701 aliqua
1184 1662 1310 1692 ratione
1336 1665 1539 1700 coercemus,
1565 1662 1679 1701 perfici
1710 1665 1785 1702 pot·

1049 1712 1113 1743 est,
1137 1710 1176 1736 ut
1199 1712 1259 1736 aut
1282 1705 1414 1744 largitio
1438 1705 1532 1735 nulla
1554 1706 1627 1741 fiat,
1652 1709 1710 1735 aut
1733 1706 1786 1735 ni-

1049 1749 1098 1779 hil
1126 1750 1246 1780 valeat.
1286 1749 1415 1779 Verrin.
1445 1749 1492 1779 iii.
1524 1750 1576 1783 (39.
1616 1749 1717 1779 homo
1747 1749 1783 1779 in

1049 1793 1131 1824 suris
1162 1803 1199 1823 ac
1226 1794 1372 1824 divisoris
1402 1793 1579 1833 disciplina
1607 1793 1784 1824 educatus.

1051 1840 1126 1868 Act.
1139 1838 1160 1867 i.
1177 1838 1211 1867 in
1226 1838 1320 1867 verr.
1334 1841 1364 1868 8.
1389 1837 1540 1867 «inrisores
1556 1837 1707 1867 omnium
1723 1837 1784 1866 tri-

1050 1881 1155 1911 buum
1173 1887 1275 1911 noctu
1291 1882 1333 1911 ad
1348 1882 1458 1921 ipsum
1474 1886 1618 1911 vocatos.
1646 1880 1725 1910 ibid.
1743 1890 1784 1911 ex

1051 1925 1166 1955 eadem
1190 1925 1320 1955 familia
1341 1925 1381 1964 Ω.
1405 1925 1544 1954 Verrem
1568 1924 1725 1959 Romilia,
1744 1934 1785 1954 ex

1051 1969 1179 2008 optima
1194 1969 1369 1999 divisorum
1385 1968 1559 2008 disciplina
1573 1968 1676 2007 patris
1688 1968 1784 1998 istius

1051 2013 1254 2052 discipulum
1285 2017 1320 2042 et
1347 2013 1507 2049 amicum,
1531 2013 1587 2051 qui
1612 2020 1664 2041 HS.
1689 2012 1786 2050 quin-

1051 2057 1160 2096 gentis
1177 2056 1323 2086 millibus
1339 2056 1498 2096 depositis
1515 2055 1547 2085 id
1567 2066 1600 2085 se
1619 2054 1786 2095 perfectu-

1050 2111 1125 2131 rum
1150 2100 1375 2140 polliceretur.
1407 2100 1465 2129 Or.
1482 2100 1515 2130 ii.
1532 2100 1584 2130 63.
1618 2099 1784 2129 Numium

1049 2145 1229 2181 divisorem,
1247 2150 1286 2174 ut
1300 2143 1561 2184 Neoptolemum
1579 2142 1621 2172 ad
1635 2142 1665 2172 T
1667 2143 1786 2181 rojam,

1050 2188 1096 2218 sic
1113 2187 1207 2218 illuni
1230 2188 1264 2218 in
1290 2198 1409 2228 campo
1432 2187 1559 2217 Martio
1584 2196 1709 2216 nomen
1735 2187 1787 2216 in-

1051 2233 1191 2262 venisse.
1222 2232 1335 2262 Plane.
1359 2236 1406 2265 19.
1440 2231 1535 2268 doce,
1558 2241 1624 2270 quo
1652 2231 1788 2260 divisore

1050 2276 1157 2305 tribus
1189 2282 1348 2315 corrupta
1377 2276 1430 2306 sit.
1476 2274 1524 2305 Ex
1554 2274 1673 2313 quibus
1706 2274 1786 2304 locis

1050 2325 1158 2360 patet,
1175 2320 1282 2359 primo
1304 2329 1404 2350 suum
1421 2319 1542 2358 cuique
1555 2319 1658 2348 tribui
1674 2319 1788 2348 diviso-

1050 2373 1134 2401 rem,
1156 2368 1255 2402 atque
1278 2363 1418 2393 fortasse
1442 2363 1546 2392 etiam
1570 2362 1681 2402 plures
1704 2361 1789 2391 fuis-

1051 2417 1106 2446 se3
1131 2407 1220 2437 uude
1241 2407 1291 2444 fit,
1308 2412 1348 2437 ut
1370 2416 1429 2446 per
1452 2416 1486 2436 se
1511 2416 1578 2436 non
1601 2406 1711 2445 turpis
1735 2414 1786 2435 res

1051 2451 1172 2481 fuerit:
1197 2451 1317 2481 deinde
1333 2451 1440 2481 tribus
1459 2460 1518 2490 per
1540 2450 1599 2480 hos
1623 2449 1692 2479 fere
1715 2459 1787 2479 esse

1052 2499 1239 2534 corruptas,
1256 2495 1344 2533 quod
1366 2504 1425 2534 per
1443 2504 1498 2524 eos
1515 2493 1785 2523 commodissime

1054 2539 1124 2569 lieri
1142 2546 1266 2579 posset,
1280 2549 1420 2577 eamque
1437 2538 1573 2568 tandem
1591 2537 1632 2567 ob
1650 2546 1786 2567 causam

1051 2583 1177 2612 infame
1203 2588 1238 2612 et
1265 2589 1459 2622 suspectum
1485 2582 1630 2611 divisoris
1663 2589 1787 2611 nomen

1051 2627 1180 2656 factum
1203 2636 1288 2662 esse,
1304 2632 1404 2665 atque
1421 2626 1503 2656 adeo
1527 2626 1560 2655 in
1582 2625 1720 2655 convicii
1739 2623 1789 2653 lo-

1053 2680 1090 2700 eo
1114 2670 1243 2699 dictum
1268 2670 1379 2699 fuisse.
1412 2669 1499 2699 conf.
1517 2669 1641 2699 Gruch.
1660 2668 1699 2698 de
1724 2668 1788 2698 Co-

1054 2714 1129 2744 mit.
1145 2714 1167 2743 i.
1183 2717 1213 2744 3.
1230 2724 1261 2753 p.
1277 2724 1322 2744 m.
1340 2716 1414 2744 245.
1430 2723 1478 2752 sq.
1508 2713 1624 2743 Unum
1642 2713 1753 2742 locuni
1769 2720 1788 2740 e

1051 2758 1289 2796 Sueton.Aug.
1305 2760 1336 2788 3.
1361 2757 1574 2795 adjiciemus:
1600 2756 1690 2786 hunc
1708 2764 1790 2794 quo-

1053 2811 1117 2840 que
1154 2812 1174 2831 a
1204 2800 1375 2830 nonnullis
1412 2801 1655 2839 argentarium,
1687 2802 1788 2837 atque

1051 2845 1155 2874 etiam
1185 2845 1276 2874 inter
1306 2845 1455 2875 divisores
1484 2853 1667 2884 operasque
1697 2852 1788 2872 cam-

1051 2896 1178 2928 pestres
1203 2888 1385 2928 proditum.
1417 2888 1460 2918 ad
1482 2898 1514 2927 q.
1537 2887 1561 2917 1.
1589 2886 1788 2917 Torrentius

1051 2932 1139 2965 male
1172 2931 1236 2964 hoc
1270 2941 1376 2973 genus
1410 2941 1490 2963 cum
1521 2931 1579 2963 illo
1612 2930 1790 2972 superiori,
