1920 3196
277 64 364 102 310

282 160 472 193 hominum.
500 158 594 191 Verr.
616 158 651 190 ii.
678 161 730 190 55.
757 159 822 190 ista
834 161 1021 198 generatim

284 204 438 235 homines
454 203 595 239 habent,
610 206 650 233 ut
663 207 825 240 aratores,
837 210 877 232 ur
893 213 1022 233 merca-

283 252 374 279 tores
397 248 457 277 ἃς.
483 247 561 278 ibid.
579 247 631 281 69.
657 247 814 277 universa
839 247 1020 286 proxincia,

282 292 531 331 generatimque
540 290 681 330 singulis
698 291 768 329 ejus
780 290 929 331 partibu3
965 291 1022 321 Or.

286 337 309 367 i.
325 338 379 366 41.
400 336 588 373 geram-:dim
605 343 819 373 componere,
829 334 862 364 h.
878 345 907 364 e.
925 336 1022 365 rebus

287 379 330 409 ad
346 386 438 409 certa
456 388 578 412 >„onera
595 379 765 408 rex-ocatiz

338 423 551 454 Generaliter.
577 421 648 452 Inv.
663 422 684 452 i.
703 423 742 451 ⁶25
782 428 1023 462 ·{x¹li‘1pusgene·

286 467 398 498 ralia-1
424 466 451 495 ti*
470 466 562 495 'inire
579 465 714 496 difficile
731 479 743 494 t
771 475 791 493 ;.

338 510 533 547 Gerae-ratas,
546 510 655 539 sactus
672 515 707 538 et
722 509 922 540 elaboratus.
945 509 1022 541 Div.

285 554 308 585 i.
329 556 378 585 1⁶2.
403 554 529 594 species
543 558 707 592 generata
723 553 849 584 Nattae.

339 598 493 628 Genitalis.
519 597 653 628 Cluent.
678 600 708 628 5.
732 596 839 627 lectus
859 597 1022 636 genialis.-

288 641 310 673 i.
327 652 355 672 e.
375 640 546 682 nuptialis.
561 651 592 671 v.
610 640 699 681 Lips.
721 640 828 671 Elect.
844 641 866 672 i.
884 641 935 671 16.

339 686 562 716 Geweulatas.
591 685 686 715 Cato.
707 687 756 715 15.
783 683 915 715 culmus
929 685 1023 723 geni-

286 731 441 759 culatus:
466 729 499 760 h.
523 738 551 759 e.
574 729 631 768 qui
652 728 755 759 nodos
772 728 885 758 habet.
926 728 1024 758 Gem-

287 780 361 803 cula
379 774 470 803 enim
490 778 571 803 sunt
585 773 661 803 nodi
679 771 827 803 caulium
844 776 880 801 et
895 771 1023 802 culmo-

286 827 376 853 rum,
395 820 432 847 ut
456 817 497 846 ad
520 816 553 847 h.
578 816 601 847 l.
625 815 741 847 docuit
763 815 927 854 Graevius,
946 820 982 847 et
1004 825 1022 847 e

286 861 421 893 rusticis
437 866 558 892 notuni
573 864 636 890 est.

337 905 436 942 Genu,
454 914 513 945 pro
530 904 643 943 gigno.
667 904 724 934 Or.
744 904 778 932 ii.
795 905 848 934 32.
873 904 1021 942 genitur.

338 949 435 986 Gens,
452 948 533 988 quid
556 948 671 978 Romae
687 947 803 984 fuerit,
818 946 1023 986 intelligitur

285 1002 326 1023 ex
352 992 416 1023 boc
441 992 534 1022 loco:
560 991 617 1022 Or.
643 992 665 1022 i.
689 994 741 1026 39.
767 1000 845 1021 cum
870 990 1020 1021 Marcelli

285 1037 326 1066 ab
354 1036 465 1067 liberti
494 1035 562 1065 filio
588 1035 705 1076 stirpe,
733 1034 864 1066 Claudii
890 1035 1022 1075 patricii

283 1080 434 1118 ejusdem
456 1080 602 1110 nominis
623 1079 846 1109 hereditatem
867 1083 965 1117 geute
980 1079 1022 1109 ad

283 1134 319 1154 se
337 1125 473 1155 rediisse
489 1123 662 1154 dicerent:
688 1132 801 1153 nonne
818 1122 852 1152 in
866 1132 906 1153 ea
922 1133 1022 1152 causa

283 1167 351 1198 fuit
373 1168 559 1199 oratoribus
584 1167 623 1197 de
638 1170 711 1197 toto
727 1166 840 1206 stirpis
856 1176 895 1196 ac
911 1167 1020 1206 genti-

281 1211 386 1243 litatis
398 1213 475 1251 jure
491 1211 684 1242 dicendum.
715 1210 863 1248 Scilicet,
874 1220 954 1249 gens
969 1215 1021 1240 est

284 1257 476 1287 communis
498 1255 633 1286 diversis
650 1255 809 1295 stirpibus
830 1264 855 1284 s.
872 1253 1020 1284 familiis.

281 1299 335 1331 Sic
350 1310 432 1339 gens
448 1299 589 1330 Claudia
603 1298 860 1339 comprehendit
875 1298 1019 1329 diversas

279 1343 426 1378 familias
454 1344 608 1384 patricias
636 1348 669 1372 et
696 1342 856 1383 plebeias,
880 1342 1018 1382 Appios,

280 1387 460 1419 Marcellos
477 1390 536 1417 dcc.
571 1387 678 1427 Stirps
702 1391 816 1416 autem
834 1396 861 1415 S.
878 1385 1017 1423 familia,

280 1437 333 1462 est
349 1442 424 1472 pars
437 1433 553 1471 gentis.
601 1430 759 1461 Ceterum
773 1440 856 1469 gens
871 1435 906 1460 et
922 1430 1019 1460 fami-

279 1475 326 1506 lia
341 1486 429 1516 saepe
453 1478 702 1516 permutantur.
726 1474 767 1504 cf.
783 1474 938 1513 gentiles,
968 1475 1018 1504 Si-

278 1530 359 1559 gon.
376 1520 417 1550 ad
435 1519 506 1550 Liv.
523 1520 566 1550 iv.
586 1523 612 1550 l.
641 1518 713 1548 *ad
730 1519 805 1549 Div.
823 1518 866 1548 ix.
884 1520 936 1548 ⁶21.
960 1529 1018 1558 pa-

279 1565 369 1594 tricii
394 1565 564 1594 minorum
585 1564 737 1603 gencium
751 1574 760 1591 .·
786 1562 819 1592 h.
841 1572 870 1591 e.
887 1572 1017 1601 earum,

280 1618 362 1647 quas
377 1608 582 1647 Tarquinius
600 1608 730 1637 Priscus
748 1607 781 1636 in
797 1610 952 1636 senatum
972 1606 1017 1636 le-

281 1651 351 1690 git:
378 1654 520 1691 majores
540 1658 654 1681 antem
669 1655 782 1690 gentes
797 1654 890 1686 sunt,
908 1660 981 1689 quae
999 1661 1019 1680 a

280 1695 427 1727 Romulo
453 1695 550 1726 lectae
575 1698 666 1727 sunt.
696 1695 768 1725 Liv.
796 1694 817 1724 i.
841 1697 894 1725 35.
928 1695 1018 1725 Hinc

281 1739 324 1769 ad
351 1739 416 1770 alia
439 1739 642 1770 transfertur
669 1738 826 1778 loquendi
854 1738 950 1776 ratio,
979 1742 1019 1768 ut

280 1783 452 1814 minorum
473 1785 625 1823 gentium
652 1782 808 1812 dicantur
834 1782 1017 1812 inferiores.

278 1827 382 1858 Acad.
398 1828 442 1858 iv.
458 1830 511 1858 41.
543 1826 724 1857 Cleanthes
740 1826 834 1865 quasi
851 1827 1017 1865 majorum

275 1873 429 1909 gentium
444 1871 588 1901 Stoicus.
611 1869 750 1901 Tuscul.
767 1870 789 1901 i.
808 1873 857 1901 13.
873 1870 930 1901 Dii
947 1880 1018 1901 ma-

271 1915 389 1953 jorum
403 1917 566 1955 gentium.

330 1960 479 1990 Gentiles.
506 1958 591 1999 Top.
618 1959 648 1989 6.
677 1959 815 1997 gentiles
839 1961 933 1995 sunt,
961 1958 1018 1997 qui

279 2003 396 2034 eodeni
423 2004 513 2033 inter
531 2013 565 2033 se
588 2007 668 2033 sunt
694 2002 845 2039 nomine,
865 2002 906 2032 ab
926 2002 1019 2041 inge·

277 2049 354 2078 nuis
384 2047 531 2084 oriundi,
555 2056 698 2086 quorum
726 2046 890 2084 majorum
919 2055 1019 2076 nemo

277 2092 477 2122 servitutem
491 2091 640 2128 servivit,
653 2090 709 2129 qui
727 2090 836 2129 cupite
855 2099 921 2120 non
938 2094 1020 2120 sunt

279 2135 457 2165 deminuti.
498 2134 550 2164 Sic
579 2135 676 2165 Brut.
707 2136 761 2165 28.
801 2133 850 2164 M.
884 2134 1018 2164 Pennus

276 2179 376 2211 Bruti
402 2180 536 2218 gentilis
561 2178 698 2215 dicitur,
726 2178 806 2217 quia
832 2183 972 2216 uterque
1000 2187 1018 2207 e

275 2222 400 2254 Juniis.
430 2223 533 2253 Tusc.
559 2223 581 2252 i.
613 2223 661 2252 16.
692 2222 864 2252 Ciceronis
884 2223 1019 2260 gentilis

276 2267 403 2297 dicitur
432 2267 564 2296 Servius
590 2265 737 2304 Tullius,
763 2265 805 2295 ob
837 2275 1017 2296 commune

275 2310 379 2342 Tullii
398 2320 534 2342 nomen.

330 2355 513 2386 Gentilitas.
544 2354 602 2384 Or.
634 2354 655 2384 i.
686 2357 739 2388 39.
770 2353 837 2384 vid.
864 2353 954 2383 Gens
982 2359 1017 2384 et

277 2398 391 2439 Sigon.
407 2399 439 2429 J.
455 2398 494 2429 A.
514 2398 552 2429 C.
568 2398 609 2429 R.
625 2398 646 2428 i.
663 2400 694 2431 7.

328 2443 510 2474 Genuinus.
539 2441 620 2472 Nat.
638 2442 682 2472 D.
699 2441 734 2472 ii.
751 2444 803 2473 54.
830 2441 947 2472 dentes
965 2441 1015 2472 in-

278 2486 368 2524 timi,
386 2487 443 2526 qui
457 2487 597 2526 genuini
613 2489 786 2515 vocantur.

328 2531 449 2568 Genus,
462 2540 522 2570 pro
532 2539 623 2569 genu
639 2530 673 2559 in
691 2529 823 2559 Arateis
835 2529 910 2564 649.
936 2528 1015 2559 dex·

276 2579 369 2605 trum
389 2584 506 2614 genu-5.
543 2573 585 2604 cf.
610 2575 684 2604 654.
710 2574 786 2607 279.
810 2575 886 2604 280.
920 2572 960 2604 In
984 2583 1014 2603 v.

274 2620 350 2653 279.
368 2628 441 2658 quae
456 2627 563 2657 genus
579 2617 622 2647 ad
637 2617 717 2648 Nixi
735 2616 795 2647 διο.
810 2616 947 2647 Vossius
964 2617 1015 2647 in-

272 2662 450 2702 telligebat
471 2661 671 2703 genitivum.
690 2660 730 2690 de
747 2659 845 2691 Aual.
860 2670 889 2691 c.
912 2663 961 2695 17.
980 2671 1013 2702 p.

321 2750 521 2786 Germanus,
537 2758 647 2779 verus.
678 2748 775 2780 Brut.
795 2748 847 2779 86.
877 2758 1012 2787 germa-

268 2803 315 2825 na
337 2794 456 2824 ironia.
479 2792 561 2832 Leg.
587 2793 624 2823 ii.
652 2796 678 2823 1.
704 2802 868 2831 germana
891 2793 1012 2832 patria.

267 2838 339 2870 Att.
356 2839 399 2868 iv.
416 2841 447 2868 5.
472 2838 585 2867 asinus
606 2846 801 2876 germanus.
828 2837 886 2866 Or.
908 2836 941 2866 ii.
957 2839 1012 2867 38.

266 2882 422 2922 germani
441 2881 522 2914 artis
545 2880 711 2920 magistri.
734 2879 922 2920 *germani
944 2879 1011 2912 fra-

806 71 953 100 lNDEx
986 69 1286 99 LATINITATIS.

1064 163 1145 190 tres.
1177 159 1271 190 Verr.
1303 159 1325 190 i».
1356 162 1409 193 49.
1438 162 1519 190 sunt
1544 159 1661 191 eadem
1688 163 1799 191 matre

1067 204 1152 240 nati,
1168 211 1234 233 non
1252 204 1355 233 etiam
1371 207 1477 243 patre,
1494 207 1533 234 ut
1556 204 1669 243 pulcre
1686 208 1799 235 osten-

1067 247 1117 276 dit
1132 246 1373 287 iVesselingius
1386 247 1426 277 V.
1442 247 1479 278 C.
1497 247 1574 277 obs.
1593 248 1612 277 i.
1635 251 1684 279 13.

1116 291 1336 321 Germanicas.
1364 291 1508 330 Harusp.
1533 292 1569 322 R.
1598 294 1644 322 Ὃ.
1665 301 1800 331 germa-

1067 335 1180 365 nitatis
1202 340 1330 374 stupra,
1354 334 1377 365 i.
1405 344 1434 365 e.
1460 346 1537 366 cum
1565 345 1727 375 germana
1747 345 1799 365 so-

1065 388 1151 408 rore.

1116 422 1209 452 Gero.
1233 422 1275 451 ad
1296 422 1373 452 Div.
1397 422 1438 453 iv.
1463 425 1492 453 5.
1515 431 1632 461 gerere
1650 425 1798 453 aetatem.

1067 465 1123 496 ubi
1139 475 1170 494 v.
1188 465 1295 496 Graev.
1309 469 1344 495 et
1363 465 1478 496 Burm.
1494 466 1536 496 ad
1551 465 1647 496 Ovid.
1664 466 1747 496 Met.
1764 467 1799 497 ii.

1065 511 1141 542 497.
1164 508 1184 527 *
1200 509 1272 541 Inv.
1297 509 1332 541 ii.
1359 514 1391 545 9.
1415 519 1482 550 prae
1509 519 1543 539 se
1564 520 1693 549 gerere,
1717 510 1798 541 alias

1064 552 1162 584 ferre.

1116 596 1241 628 Genus.
1265 604 1376 626 motus
1400 597 1535 636 quidam
1561 596 1717 637 corporis.
1740 599 1798 628 Or.

1066 639 1100 670 ii.
1121 643 1172 674 57.
1201 645 1332 680 gestum
1355 650 1464 680 agere.
1496 639 1689 680 *exipiam-a,
1715 641 1801 681 figu-

1066 693 1122 714 rae.
1151 684 1210 714 Or.
1238 686 1291 714 25.
1320 694 1394 723 quae
1418 684 1538 720 Graeci,
1555 686 1648 724 quasi
1672 685 1800 724 aliquos

1062 731 1175 767 gestus
1190 728 1363 765 orationis,
1378 727 1531 767 σχήματα
1546 728 1726 768 appellant.

1115 772 1268 810 Οἱς-ηενρ.
1303 771 1360 803 Or.
1391 772 1437 802 iii.
1467 775 1519 802 30.
1553 774 1799 811 pei-112‹›si‹,‹uem

1061 817 1200 854 gignere
1207 828 1218 848 ;
1244 814 1283 845 de
1308 822 1453 853 oratore,
1470 816 1526 855 qui
1544 815 1712 847 auditores
1728 827 1799 847 mo-

1063 867 1131 889 vet.

1115 903 1298 934 Gladiator.
1321 904 1563 942 gladiatoribus
1590 902 1714 934 dicitur
1739 914 1799 945 pro

1064 946 1152 978 ludis
1190 946 1410 986 gladiatoriis,
1447 957 1524 977 cum
1562 945 1796 986 gladiatorium

1064 990 1294 1031 spectaculum
1318 996 1420 1029 esset,
1436 991 1478 1021 ad
1502 990 1576 1021 Div.
1602 1001 1632 1021 x.
1655 993 1708 1022 32.
1736 992 1798 1023 At-

1063 1035 1122 1065 tic.
1140 1035 1181 1065 vi.
1198 1038 1228 1066 3.
1259 1034 1343 1064 Phil.
1360 1035 1404 1065 ix.
1421 1039 1452 1069 7.

1113 1079 1348 1109 Gladiatorius.
1373 1079 1462 1109 Mur.
1480 1081 1533 1109 35.
1556 1078 1648 1109 locus
1662 1079 1797 1118 gladia-

1063 1124 1177 1160 torias,
1194 1122 1227 1152 h.
1247 1133 1277 1153 e.
1302 1123 1336 1153 in
1355 1123 1439 1153 ludis
1460 1123 1680 1162 gladiatoriis,
1706 1123 1797 1153 unde

1064 1166 1132 1197 ludi
1147 1167 1291 1206 spectari
1308 1171 1460 1206 poesunt.

1114 1212 1312 1241 Glnmerare.
1345 1211 1422 1241 Div.
1453 1210 1473 1240 i.
1509 1212 1558 1241 1⁴2.
1591 1211 1706 1241 omnia
1731 1211 1799 1242 fixa

1062 1258 1142 1285 tuus
1159 1257 1344 1294 glomerans
1359 1255 1564 1284 determinat
1587 1264 1707 1285 annus·
1730 1255 1799 1285 An-

1062 1307 1125 1329 nus
1147 1301 1335 1338 glomerans
1349 1302 1412 1337 est,
1429 1299 1469 1328 ad
1487 1299 1588 1328 finem
1606 1299 1754 1328 veniens.

1112 1343 1236 1373 Gloria..
1262 1342 1412 1373 Marcell.
1440 1345 1469 1372 8.
1495 1342 1574 1381 quid
1589 1342 1658 1373 sit?
1692 1342 1711 1361 ²*
1727 1342 1799 1382 glo-

1062 1386 1169 1417 riandi
1195 1387 1414 1423 consuetudo,
1431 1396 1457 1416 s,
1481 1387 1597 1425 glorioe
1623 1386 1799 1426 cupiditas.

1061 1430 1104 1459 ad
1131 1430 1207 1460 Div.
1234 1431 1289 1461 vii.
1321 1433 1369 1460 133.
1405 1430 1540 1468 moriar,
1565 1430 1613 1468 ni,
1637 1440 1710 1469 quae
1738 1437 1799 1461 tua

1058 1476 1168 1513 gloria
1185 1482 1247 1512 est,
1266 1478 1345 1515 puto
1362 1479 1395 1503 tc
1415 1473 1513 1504 malle
1536 1484 1555 1503 a
1573 1474 1702 1504 Caesare
1720 1484 1798 1504 con-

1060 1518 1139 1555 suli,
1166 1529 1268 1558 quain
1296 1519 1455 1548 inaurari.
1496 1518 1575 1548 ibid.
1598 1518 1665 1547 viii.
1693 1521 1742 1548 15.
1772 1519 1799 1549 si

1060 1562 1158 1600 scias,
1188 1573 1288 1602 quam
1310 1562 1475 1592 som-itus
1502 1562 1578 1599 sim,
1606 1565 1681 1592 tum
1711 1562 1799 1592 hanc

1060 1616 1170 1636 meam
1185 1608 1327 1645 gloriam
1343 1606 1503 1636 derideas.

1111 1650 1262 1688 Gloriose,
1281 1651 1464 1689 jactanter.
1489 1650 1531 1680 ad
1557 1650 1633 1680 Div.
1650 1649 1718 1680 viii.
1749 1653 1799 1681 15.

1061 1694 1236 1733 quiajam,
1254 1695 1377 1733 inquis,
1392 1695 1530 1733 gloriose
1544 1694 1683 1724 omnia?

1111 1738 1278 1769 Gloriatio.
1304 1738 1373 1768 Fin.
1398 1738 1446 1768 iii.
1472 1741 1501 1769 8.
1535 1739 1741 1775 gloriatione,
1758 1741 1798 1769 ut

1061 1782 1109 1812 ita
1123 1782 1246 1819 dicam,
1262 1782 1398 1822 dignam
1414 1791 1496 1812 esse.
1512 1781 1551 1811 de
1568 1779 1766 1823 προηγμένοις.

1111 1827 1253 1863 Glorior,
1269 1836 1347 1856 cuin
1364 1835 1472 1856 accus.
1490 1826 1529 1856 de
1546 1827 1623 1856 Seu.
1640 1829 1688 1857 10.
1702 1834 1798 1864 posse

1060 1869 1181 1900 vellem
1199 1870 1287 1900 idem
1300 1870 1448 1909 gloriari.

1111 1915 1305 1951 Gracz’Mas,
1328 1913 1477 1943 tenuitas
1504 1913 1676 1943 orationis.
1700 1912 1798 1944 Brut.

1065 1958 1115 1989 16.
1135 1960 1344 1998 gracilitates
1362 1957 1557 1988 consectari.

1112 2003 1255 2033 Gradus.
1270 2002 1364 2033 Verr.
1382 2002 1429 2031 iii.
1443 2004 1496 2035 7⁴.
1515 2003 1596 2040 quot
1612 1999 1714 2031 vultis
1727 2009 1798 2030 esse

1062 2045 1096 2076 in
1112 2056 1181 2076 uno
1199 2046 1288 2076 furto
1305 2049 1520 2085 pcccatorum
1535 2045 1663 2084 gradus
1676 2045 1692 2074 ,7
1716 2048 1756 2074 ut
1771 2044 1798 2076 si

1061 2090 1202 2130 singulis
1233 2091 1386 2120 insistere
1414 2089 1528 2126 velim,
1555 2088 1709 2128 progredi
1735 2088 1798 2118 iste

1062 2143 1129 2164 non
1146 2135 1261 2174 possit.
1285 2133 1381 2164 Brut.
1399 2134 1451 2165 65.
1477 2132 1564 2171 quod
1578 2133 1708 2171 gradus
1721 2135 1798 2162 tuos

1061 2181 1096 2207 et
1111 2179 1205 2217 quasi
1222 2187 1414 2218 progressus
1433 2176 1566 2207 dicendi
1586 2175 1706 2206 studeo
1721 2185 1799 2215 cog·-

1061 2231 1209 2252 noscere.
1232 2222 1325 2252 Verr.
1343 2221 1376 2252 ii.
1397 2225 1425 2251 l.
1449 2221 1483 2251 in
1507 2220 1654 2251 Africam
1679 2230 1720 2250 ex
1736 2219 1799 2249 hae

1059 2266 1233 2306 provincia
1245 2266 1374 2305 gradus
1390 2264 1521 2304 imperii
1533 2268 1583 2294 est
1594 2263 1716 2293 faetus.
1740 2263 1799 2294 Or.

1061 2310 1113 2340 64.
1137 2310 1264 2340 stabilis
1277 2309 1413 2349 quidam
1429 2313 1463 2338 et
1477 2318 1545 2338 non
1559 2317 1675 2345 expers
1691 2307 1800 2347 digni-

1059 2354 1139 2384 tatis
1152 2354 1302 2394 gradus:
1326 2353 1366 2382 de
1384 2352 1524 2393 pedibus
1541 2351 1746 2390 longioribus
1762 2352 1798 2381 in

1059 2398 1223 2428 oratione.
1246 2398 1264 2416 *ι
1281 2399 1316 2427 in
1333 2406 1366 2427 re
1376 2395 1575 2436 gladiatoria
1583 2395 1712 2434 gradus
1728 2395 1799 2434 gla-

1059 2441 1196 2472 diatoris
1223 2441 1312 2472 idem
1333 2441 1389 2480 qui
1405 2445 1440 2470 et
1455 2444 1564 2469 status
1587 2439 1722 2476 dicitur,
1739 2439 1798 2469 das

1060 2485 1180 2523 Lager,
1197 2496 1237 2515 ex
1255 2495 1320 2525 quo
1337 2484 1537 2524 gladiatores
1556 2483 1589 2512 in
1608 2483 1724 2523 primis
1741 2483 1799 2522 ju·

1058 2528 1269 2560 dicabantur.
1300 2540 1330 2558 v.
1358 2528 1460 2557 Gron.
1487 2527 1529 2557 ad
1563 2527 1679 2558 Sencc.
1708 2527 1797 2565 Aga-

1057 2582 1185 2603 memn.
1206 2575 1280 2604 515.
1322 2572 1412 2602 Hinc
1440 2572 1550 2611 plures
1574 2570 1741 2607 somnulae,
1758 2573 1798 2600 ut

1056 2616 1121 2647 Off.
1133 2618 1154 2647 i.
1164 2619 1216 2648 23.
1229 2616 1498 2647 tumultuantem
1512 2615 1553 2644 de
1564 2615 1675 2654 gradu
1688 2614 1797 2653 dejici.

1057 2660 1100 2691 cf.
1111 2661 1182 2692 Att.
1197 2661 1260 2691 xvi.
1276 2663 1324 2691 15.
1339 2660 1398 2690 &c.
1426 2660 1560 2690 Dicitur
1573 2659 1675 2688 etiam
1693 2658 1727 2688 in
1745 2667 1797 2687 ar-

1056 2705 1327 2744 gumentatione,
1340 2705 1394 2742 qui
1412 2703 1537 2733 Sorites
1555 2702 1688 2732 dicitur.
1705 2701 1795 2732 unde

1055 2752 1090 2778 et
1113 2748 1281 2787 gradatim
1299 2747 1378 2777 ibid.
1396 2747 1561 2786 gradatim
1585 2745 1696 2786 aliquo
1719 2753 1795 2786 per·

1055 2793 1180 2822 venire.
1206 2802 1236 2822 v.
1255 2792 1392 2822 Sorites.

1105 2836 1286 2866 Groeeulus.
1324 2836 1416 2865 Sext.
1454 2837 1507 2865 51.
1539 2833 1728 2873 groeculum
1758 2841 1794 2862 se

1054 2881 1166 2924 putari
1197 2879 1316 2919 voluit,
1350 2879 1384 2911 h.
1407 2888 1437 2910 e.
1461 2877 1618 2923 Graecum
1648 2875 1797 2919 philoso-
