1920 3196
229 97 312 134 352

276 191 437 228 Illas-ime,
462 198 539 219 cum
562 186 774 228 superlativo.
809 187 878 218 Att.
903 187 959 218 xii.

234 239 287 267 38.
311 236 454 265 niaxime
478 231 717 263 liberalissima.
746 231 799 260 Sic
815 232 887 262 Liv.
905 230 960 260 xli.

234 282 287 310 23.
311 278 455 308 maa-ime
478 275 711 315 gravissimus:
753 274 960 314 improbante

233 327 348 352 tamen
372 320 548 350 Gronovio.
565 329 595 348 v.
620 318 792 349 Drakenb.
809 317 851 347 ad
877 317 898 347 l.
929 327 957 347 c.

235 370 270 395 et
293 365 334 394 ad
357 364 401 394 xl.
425 366 478 394 521.
513 363 574 391 Est
595 367 630 391 et
652 362 759 391 forma
780 362 881 390 etiam
906 370 958 400 ap.

236 408 380 439 Gellium
399 407 467 437 xiii.
489 409 535 436 15.
567 415 595 435 v.
611 411 645 434 et
660 405 752 434 Verr.
769 405 802 434 ii.
819 404 871 434 66.

279 451 566 481 filedicameutum.
591 449 647 477 Or.
671 450 724 477 23.
749 448 962 477 medicamen-

236 500 272 526 ta.
291 494 396 524 fucati
413 493 563 523 candoris
581 495 615 521 et
632 491 769 521 ruboris.

280 537 427 568 Medicus
463 535 568 566 intell.
603 535 739 574 digitus.
762 534 887 564 Heren.
914 533 960 562 iii.

281 624 445 654 Meditlies.
468 624 525 652 Or.
541 624 593 655 47.
618 631 718 660 quare
735 630 802 650 non
819 619 962 655 dicatur,

236 668 294 699 sed
308 667 462 697 meridies
476 666 487 696 ?

281 711 450 741 Aledielas.
477 709 574 740 Univ.
593 712 623 741 7.
649 708 701 738 vix
725 706 832 736 audeo
855 705 963 734 dicere

240 755 438 791 medietates,
463 762 542 792 quas
573 751 680 781 Graeci
712 749 874 788 μεσὸτητας
910 759 965 788 ap-

239 798 376 841 pellant.

285 842 501 875 flIedimnnm,
518 847 674 868 mensura
689 846 744 867 sex
765 835 963 865 modiorum.

242 886 335 916 Verr.
351 885 396 914 iii.
412 886 464 914 45.
482 886 533 916 47.
549 885 601 915 49.
621 882 679 910 ἃς.

286 928 466 959 Meditatio.
496 925 701 955 exercitatio.
732 923 832 953 Tuse.
856 921 890 950 ii.
916 924 965 954 17.

242 973 319 1004 Div.
351 972 384 1001 ii.
414 971 466 1000 46.
500 969 518 987 *²
536 968 732 1007 disquisitio.
756 966 890 995 Cluent.
914 968 966 994 30.

244 1025 344 1046 causa
375 1015 409 1044 in
444 1014 648 1043 meditatione
679 1014 839 1040 versatur.
874 1008 967 1047 *pro

243 1058 483 1100 praeparatione
501 1055 582 1085 Phil.
598 1056 642 1085 ix.
660 1058 687 1084 l.
701 1059 763 1083 est.

286 1102 455 1137 stledilari‚
480 1100 518 1129 de
542 1098 793 1133 exercitatione,
806 1104 969 1135 praepara-

245 1146 348 1176 tione.
373 1145 465 1174 Orat.
489 1144 510 1172 i.
540 1145 592 1173 332.
620 1143 672 1173 61.
698 1140 796 1170 Catil.
813 1140 835 1169 i.
855 1142 902 1169 10.
926 1137 967 1166 ad

244 1189 342 1227 hujus
367 1189 443 1217 vitaz
470 1186 619 1216 studium
646 1185 791 1215 meditati
818 1182 864 1212 illi
889 1185 967 1211 sunt

245 1233 382 1263 labores.
406 1231 542 1270 passive.
582 1230 600 1247 ²*
628 1229 670 1258 ad
699 1229 775 1258 Div.
804 1227 839 1256 ii.
871 1228 901 1256 3.
927 1224 968 1253 ad

245 1286 318 1306 eam
336 1275 495 1305 meditere.
523 1272 680 1312 Virgilius
696 1271 780 1300 solet
795 1269 902 1299 dicere
924 1268 969 1297 in.

246 1324 285 1350 ut
300 1320 375 1349 AEn.
393 1329 423 1348 x.
440 1320 513 1348 455.
537 1316 691 1346 meditari
707 1315 739 1344 in
754 1313 877 1353 proelia.
895 1311 974 1342 ibid.

246 1374 276 1393 v.
304 1365 334 1394 2.
358 1371 491 1392 omnem
519 1364 675 1389 conatum
700 1358 892 1388 tribunatus
919 1355 971 1385 sui

245 1407 280 1437 in
293 1415 401 1436 meam
415 1404 595 1445 perniciem
607 1412 720 1443 parare
731 1411 769 1431 ae
782 1401 943 1430 meditari.

290 1449 430 1480 Medius.
446 1447 511 1478 Off.
529 1448 573 1477 iii.
590 1450 619 1477 3.
643 1446 747 1476 media
765 1444 872 1474 officia
898 1452 970 1481 quae

247 1494 339 1524 sint?
365 1493 384 1511 ’¹‘
398 1491 498 1522 Acad.
509 1491 549 1530 Q.
567 1491 588 1520 i.
611 1493 659 1520 10.
672 1489 789 1525 media,
805 1497 877 1526 quae
893 1490 972 1515 sunt

247 1537 436 1575 interjecta,
447 1536 535 1564 inter
551 1543 589 1563 ea
605 1542 677 1573 quae
693 1538 773 1562 sunt
788 1530 970 1561 secundum

249 1586 418 1615 naturam,
431 1583 465 1608 et
477 1588 550 1617 quae
566 1582 645 1607 sunt
658 1582 786 1606 naturae
797 1574 972 1604 contraria.

248 1624 267 1642 ²*
285 1624 341 1663 qui
371 1626 421 1652 est
449 1621 600 1651 neutrius
621 1620 734 1660 partis.
758 1618 828 1648 Att.
858 1628 889 1647 x.
925 1620 973 1646 10.

253 1668 312 1698 διο.
352 1666 371 1685 ²*
389 1665 472 1696 Phil.
516 1665 549 1694 ii.
592 1667 639 1694 13.
678 1672 762 1702 nego
792 1661 971 1700 quidquam

252 1721 322 1741 esse
342 1710 483 1740 medium
497 1720 506 1737 :
533 1718 592 1748 pro
605 1717 668 1746 quo
684 1706 787 1736 nostri
803 1717 808 1734 :
834 1705 973 1735 tertium

252 1764 319 1785 non
336 1754 444 1783 datur.

293 1797 454 1827 Med-ulla.
477 1796 571 1826 Brut.
602 1796 650 1824 15.
674 1792 790 1823 Suadae
819 1791 974 1821 medulla.

249 1841 362 1871 *PhiL
380 1841 401 1870 i.
421 1843 469 1870 15.
487 1840 520 1868 in
536 1839 682 1868 medullis
698 1835 808 1876 populi
825 1835 920 1865 Rom.
938 1844 976 1864 ac

250 1884 427 1916 visceribus
444 1883 623 1913 haerebant.

296 1928 443 1959 Melicus.
466 1927 544 1965 Opt.
563 1935 594 1964 g.
610 1925 641 1955 d.
663 1927 689 1954 l.
713 1927 764 1952 est
779 1932 882 1961 genus
899 1924 976 1960 poi}-

250 1976 378 2009 tarum,
427 1970 554 1999 (lictum
594 1979 612 1998 a
652 1967 867 2001 carminibus,
903 1974 975 2003 quae

252 2015 331 2055 μίλη
356 2014 568 2044 vocabantur.
623 2011 725 2050 Cujus
760 2010 888 2049 generis
912 2008 976 2038 fuit

254 2058 451 2089 Simonides.

297 2101 539 2132 Illembrcmula.
578 2099 648 2129 Att.
684 2098 726 2128 iv.
749 2099 780 2127 4.
812 2106 841 2126 v.
875 2095 977 2125 Index

253 2146 359 2176 GraeC.
373 2146 406 2174 in
422 2142 579 2175 σῦλλαξος.

299 2189 519 2219 Membratim.
544 2187 600 2216 Or.
625 2186 676 2215 63.
700 2183 802 2214 incise
818 2186 852 2212 et
878 2192 978 2212 mem-

256 2234 394 2263 bratim.-
418 2231 450 2261 h.
468 2241 496 2260 e.
514 2239 573 2270 per
589 2228 686 2264 κῦλα,
703 2228 773 2256 sine
791 2225 942 2266 periodis.

298 2275 498 2311 Illembrum,
523 2273 626 2308 κῦλαν,
650 2272 743 2302 Orat.
762 2271 814 2300 622.
830 2270 882 2300 66.
900 2269 980 2308 quid

255 2320 299 2350 sit
317 2320 329 2349 ?

300 2362 451 2398 Memini,
475 2369 553 2390 cum
584 2357 742 2398 perfecto.
778 2356 837 2386 Or.
862 2355 896 2386 ii.
927 2358 980 2389 47.

256 2405 443 2437 ascendisse
483 2404 706 2434 meminissem.
743 2399 785 2430 ef.
826 2399 867 2430 ad
904 2399 979 2429 Div.

255 2450 390 2483 xiii.72.

301 2493 475 2527 st1emoria,
492 2488 629 2525 tabulae,
646 2487 764 2523 literae,
789 2486 908 2525 quibus
934 2486 981 2515 rei

257 2537 417 2568 memoria
439 2536 661 2565 conservatur.
690 2530 788 2560 Arch.
814 2532 845 2560 4.
872 2529 982 2559 litera-

257 2591 334 2612 rum
362 2580 550 2610 memoriam
581 2575 741 2614 flagitare.
766 2573 899 2602 Cluent.
930 2574 982 2602 23.

257 2628 352 2655 extat
378 2622 545 2657 memoria,
572 2623 651 2649 sunt
681 2617 805 2646 tabulae
830 2615 983 2655 publicae.

257 2668 443 2699 *memoria
460 2664 603 2705 publica,
625 2665 676 2691 est
702 2670 813 2690 rerum
837 2658 983 2698 publica-

259 2709 510 2750 rum,‘pub13ee,
527 2708 561 2737 in
578 2709 710 2740 senatu,
728 2703 902 2738 concione,
915 2701 984 2732 bel-

259 2755 293 2786 lo
317 2758 496 2794 gestarum.
530 2750 617 2779 *On
633 2749 666 2778 ii.
688 2748 736 2777 1⁶2.
768 2747 847 2785 Leg.
868 2746 913 2776 iii.
931 2747 983 2776 ⁶20.

258 2797 279 2816 ⁸*
295 2798 352 2829 Or.
368 2797 390 2827 i.
406 2798 436 2827 ΕΖ.
461 2805 498 2825 ac
515 2793 596 2823 mihi
618 2790 798 2831 repetenda
821 2793 871 2819 est
894 2793 984 2818 vete-

256 2842 303 2875 tis
319 2839 493 2878 cujusdam
519 2836 691 2871 memorie,
708 2843 775 2863 non
799 2843 877 2863 sane
904 2833 983 2863 satis

258 2884 426 2926 explicata.
449 2879 646 2914 recordatio.
683 2877 723 2907 In
752 2886 818 2916 quo
848 2876 982 2907 videtur

739 99 885 129 INDEX
915 97 1211 128 LATINITATIS·

1004 187 1160 218 memoria
1176 185 1253 222 dici,
1269 193 1328 226 pro
1345 194 1379 215 re
1391 184 1470 216 olim
1489 187 1595 225 gesta,
1618 184 1730 225 dispu-

1004 232 1133 261 tatione
1149 234 1269 259 vetere.
1293 229 1388 259 Brut.
1406 229 1458 263 69.
1482 230 1517 259 in
1536 230 1728 259 memoriam

1006 279 1120 303 notam
1154 276 1189 303 et
1225 281 1326 312 prope
1371 271 1533 311 aequalem
1584 272 1730 302 incurro.

1003 320 1022 338 ²¹²
1041 317 1123 346 l'hil.
1146 316 1180 346 ii.
1198 318 1250 346 43.
1267 320 1301 344 et
1313 321 1350 345 tu
1367 315 1399 344 in
1419 315 1556 345 Caesaris
1574 316 1731 345 memoria

1003 360 1156 397 dilige-ns.
1182 359 1244 388 int.
1268 359 1503 395 conservanda,
1522 358 1730 388 honoranda.

1003 404 1022 422 ²*
1041 404 1164 434 Hert-n.
1183 403 1228 432 iii.
1246 402 1293 432 16.
1317 403 1476 432 memoriae
1493 402 1577 432 duae.

1048 446 1160 475 Mena.
1187 445 1257 475 Fin.
1284 446 1317 475 ii.
1349 447 1401 476 223.
1427 445 1525 484 piscis
1554 454 1620 474 non
1648 443 1730 474 adeo

1007 489 1182 525 (Idunum,
1199 498 1260 518 nec
1277 489 1451 528 pretiosus.

1048 532 1218 562 Menan-us
1231 532 1293 570 adj.
1317 533 1374 561 Or.
1388 532 1433 561 iii.
1450 533 1502 561 ⁴24.
1528 531 1729 560 instrumen—

1005 580 1078 606 tum
1106 576 1233 605 forense
1265 575 1299 612 (i.
1322 575 1463 604 materia
1491 573 1634 612 dicendi)
1663 574 1732 603 exi-

1008 628 1110 657 guum
1124 624 1157 647 et
1175 619 1355 648 mendicum
1371 622 1430 647 est.

1051 662 1233 698 lh'entlosus,
1261 663 1317 700 qui
1349 661 1499 691 mendum
1524 660 1614 689 facit.
1638 659 1732 690 Verr.

1009 705 1041 735 ii.
1060 709 1111 738 77.
1135 715 1248 734 servus
1260 705 1425 735 mendosus
1441 710 1500 734 est.

1053 749 1160 785 Mens,
1186 748 1344 787 cogitatio
1358 749 1472 777 tacita.
1509 746 1607 776 Catil.
1636 747 1656 776 i.
1682 748 1732 777 12.

1007 791 1057 821 his
1088 802 1149 830 ego
1186 793 1266 830 reip.
1295 791 1428 820 vocibus
1465 796 1499 820 et
1529 790 1730 829 reliquorum

1011 836 1166 864 mentibus
1178 835 1391 874 respondebo.

1052 878 1183 908 lileusoe.
1203 878 1244 907 ad
1258 878 1333 908 Div.
1348 878 1411 907 xvi.
1424 879 1476 908 21.
1493 885 1603 906 mensa
1615 885 1733 906 secun-

1011 922 1070 952 da:
1089 921 1121 952 h.
1140 932 1168 950 e.
1189 921 1337 958 bellaria,
1358 930 1468 960 poma,
1482 920 1554 959 pira
1575 921 1636 949 &a
1662 920 1733 949 Fin.

1012 966 1046 995 ii.
1065 967 1117 995 ⁶28.
1134 966 1345 1004 Syracusanae
1363 974 1487 993 mensam
1511 962 1610 993 Tusc.
1625 973 1655 992 ν.
1679 966 1732 993 35.

1010 1018 1125 1038 mensa?
1141 1008 1277 1045 Italicae,
1294 1008 1474 1047 Syracusiae
1489 1018 1495 1034 t
1522 1006 1554 1035 h.
1575 1017 1604 1035 e.
1621 1006 1733 1043 lautae,

1012 1052 1137 1082 deliciis
1155 1052 1296 1081 refertae.
1320 1051 1390 1081 Att.
1406 1061 1436 1080 v,
1459 1054 1484 1080 l.
1507 1050 1734 1079 discubuimus

1012 1105 1126 1125 omncs
1144 1100 1262 1134 praeter
1278 1094 1367 1123 illam
1384 1106 1393 1132 ς
1419 1094 1471 1123 cui
1488 1099 1602 1123 tamen
1628 1093 1734 1133 Quin-

1010 1144 1063 1168 tus
1081 1139 1120 1169 de
1140 1148 1248 1168 mensa
1266 1138 1368 1167 misit.
1399 1140 1417 1158 ²*
1434 1137 1494 1167 Est
1508 1142 1542 1166 et
1563 1137 1736 1167 mensario-

1010 1193 1098 1219 rnm,
1117 1182 1155 1211 de
1173 1182 1290 1220 quibus
1307 1191 1393 1210 mox.
1416 1181 1522 1210 Flacc.
1545 1183 1592 1214 19.
1609 1180 1636 1210 si
1652 1189 1737 1220 prae-

1010 1231 1063 1256 toi·
1088 1225 1191 1262 dedit,
1209 1234 1228 1254 a
1244 1232 1405 1263 quaestore
1424 1224 1610 1254 numeravit
1624 1235 1633 1262 3
1647 1232 1737 1262 quae-

1012 1274 1082 1299 stor
1105 1279 1123 1298 a
1153 1278 1261 1298 mensa
1286 1268 1440 1307 publica:
1477 1277 1587 1297 mensa
1614 1270 1673 1296 aut
1695 1276 1736 1296 ex

1014 1312 1178 1350 vectigali,
1196 1316 1253 1340 aut
1270 1322 1310 1341 ex
1325 1312 1462 1340 tributo.
1486 1311 1594 1340 Pisou.
1611 1310 1662 1341 36.
1679 1310 1739 1340 sti-

1014 1355 1170 1396 pendium
1195 1355 1356 1384 militibus
1380 1364 1437 1394 per
1450 1364 1565 1384 omues
1592 1363 1696 1383 annos
1719 1362 1740 1384 a

1015 1400 1218 1435 civitatibus,
1248 1399 1364 1428 mensis
1404 1398 1513 1437 palam
1547 1397 1736 1437 propositis,

1015 1448 1240 1472 numeratum.
1255 1441 1319 1471 vid.
1338 1441 1535 1470 Mensarius.
1560 1443 1579 1461 Ψ
1595 1440 1737 1479 denique

1014 1487 1150 1516 deorum
1169 1486 1203 1515 in
1220 1484 1366 1525 templis.
1382 1485 1462 1515 Har.
1475 1485 1512 1514 R.
1529 1486 1581 1518 27.
1597 1483 1677 1514 Nat.
1694 1484 1737 1514 D.

1013 1530 1059 1560 iii.
1077 1533 1129 1559 34.

1059 1572 1254 1603 splen-sarius.
1279 1570 1385 1601 Flacc.
1414 1574 1462 1605 19.
1488 1577 1538 1600 est
1566 1570 1740 1609 magistra-

1015 1622 1069 1646 tus
1087 1615 1229 1645 civitatis
1247 1614 1370 1645 Graecae
1395 1614 1549 1644 Asiaticae
1565 1626 1571 1643 z
1597 1619 1740 1653 quatuor

1018 1660 1182 1696 mensarii,
1200 1659 1254 1697 qui
1273 1658 1359 1698 apud
1376 1658 1446 1687 illos
1460 1667 1478 1686 a
1495 1657 1615 1697 populo
1627 1666 1741 1687 crean-

1016 1710 1082 1733 tur.
1107 1703 1273 1733 Videntur
1284 1711 1397 1731 curam
1415 1701 1566 1731 habuisse
1588 1701 1739 1740 pecuniae

1020 1747 1159 1786 publicae
1178 1745 1276 1781 hane,
1299 1751 1337 1774 ut
1360 1754 1419 1785 per
1440 1754 1494 1774 eos
1518 1749 1662 1783 quaestor
1680 1754 1744 1784 pu-

1018 1790 1137 1820 blicam
1162 1789 1337 1828 pecuniam
1362 1789 1539 1828 acciperet,
1560 1792 1606 1824 et,
1623 1787 1742 1826 quibus

1019 1844 1101 1873 opus
1124 1837 1222 1867 esset,
1240 1836 1438 1870 senatusque
1463 1830 1574 1867 vellet,
1590 1831 1740 1860 solveret.

1019 1878 1105 1907 Nam
1135 1875 1246 1916 paullo
1273 1881 1347 1915 post
1371 1875 1439 1905 ait:
1477 1875 1503 1903 si
1535 1880 1658 1914 praetor
1683 1875 1742 1915 (sc.

1017 1918 1284 1957 Temenitarum)
1313 1918 1416 1955 dedit,
1444 1928 1463 1948 a
1490 1922 1652 1956 quaestore
1681 1927 1745 1947 nu-

1021 1963 1162 1993 meravit
1180 1975 1187 1992 ι
1224 1967 1370 2001 quaestor
1397 1972 1416 1991 a
1448 1971 1557 1991 mensa
1587 1960 1739 2000 publica:

1021 2017 1131 2037 mensa
1157 2010 1214 2036 aut
1239 2016 1277 2035 ex
1301 2005 1454 2044 vectigali
1479 2008 1537 2034 aut
1551 2014 1590 2033 ex
1606 2004 1743 2034 tributo.

1022 2051 1060 2080 de
1079 2050 1247 2080 mensariis
1262 2048 1370 2079 multa
1385 2049 1533 2089 disputat
1549 2047 1686 2078 Salmas.
1703 2047 1743 2078 de

1022 2094 1139 2124 Usuris
1152 2103 1179 2122 e.
1200 2096 1249 2126 17.

1067 2138 1201 2174 Mem-io,
1224 2136 1396 2166 dimensio.
1420 2136 1513 2165 Orat.
1542 2137 1593 2165 53.
1629 2134 1747 2166 mensio

1025 2191 1155 2210 vocum.

1065 2225 1198 2254 silentio.
1223 2222 1325 2262 Legg.
1353 2222 1399 2252 iii.
1426 2222 1457 2253 6.
1493 2222 1681 2252 mentionem
1697 2220 1747 2251 fa-

1024 2278 1097 2298 cere
1113 2267 1152 2297 de
1177 2266 1298 2305 aliquo.
1321 2266 1415 2296 Verr.
1443 2266 1478 2295 ii.
1505 2268 1557 2298 39.
1583 2264 1744 2294 Consules

1023 2313 1214 2342 mentionem
1239 2310 1367 2339 faciunt
1395 2309 1428 2338 in
1451 2314 1586 2338 senatu:
1613 2308 1644 2338 h.
1661 2318 1690 2337 e.
1705 2307 1748 2338 ad

1023 2356 1184 2384 Senatum
1201 2353 1360 2383 referunt.
1392 2352 1411 2370 ²*
1428 2353 1542 2382 mencio
1558 2355 1608 2380 est
1624 2352 1657 2380 in
1671 2360 1747 2391 par-

1023 2399 1110 2428 tibus
1131 2397 1207 2427 doli.
1231 2397 1379 2426 Herenn.
1397 2396 1443 2425 iii.
1461 2397 1492 2425 ⁶2.
1511 2397 1530 2416 ἕ
1546 2404 1749 2424 commemo-

1022 2442 1106 2472 ratio
1121 2453 1127 2471 :
1153 2441 1244 2471 Verr.
1261 2450 1291 2469 v.
1308 2441 1359 2470 (54.
1377 2441 1531 2470 mentione
1552 2443 1587 2468 et
1609 2447 1749 2477 usurpa-

1022 2486 1112 2515 tione
1136 2484 1289 2513 civitatis.
1314 2483 1332 2501 ᾗ
1348 2484 1382 2512 in
1398 2493 1496 2512 sensu
1511 2482 1647 2519 forensi,
1659 2490 1748 2511 men-

1023 2530 1140 2558 tionem
1166 2527 1272 2557 facere
1292 2526 1495 2557 hereditatis.
1522 2535 1568 2555 se.
1596 2535 1648 2565 ap.
1665 2534 1749 2565 prae-

1025 2576 1130 2602 torem
1148 2569 1304 2611 petendo.

1069 2615 1236 2645 Meu-acius
1253 2622 1384 2643 sumere
1399 2613 1481 2643 Nat.
1499 2613 1543 2643 D.
1561 2612 1608 2643 iii.
1625 2614 1678 2642 31.

1068 2657 1224 2688 stlercarz'.
1248 2657 1318 2686 Att.
1335 2657 1378 2686 ix.
1400 2659 1431 2687 5.
1455 2655 1524 2686 haee
1541 2656 1651 2686 officia
1665 2664 1748 2686 mer-

1024 2702 1129 2732 canda
1148 2701 1215 2730 vita
1230 2704 1320 2740 puto.

1067 2744 1258 2774 Mercedula
1288 2742 1487 2784 praediorum
1504 2741 1576 2772 Att.
1600 2740 1669 2771 xiii.
1697 2743 1747 2771 11.

1026 2795 1076 2817 est
1095 2787 1237 2826 vectigal
1254 2787 1438 2817 locationis.
1456 2796 1486 2816 v.
1503 2795 1632 2815 merces.

1070 2831 1303 2861 Mereenarz'us.
1326 2830 1454 2862 Verr.i.
1471 2831 1524 2862 43.
1549 2829 1749 2861 mercenari·

1025 2884 1084 2905 um
1100 2875 1308 2916 prooemium.
