1920 3196
693 97 839 126 INDEX
870 97 1168 126 LATlNrrA'rls.

158 184 182 214 i.
210 186 263 216 35.
296 184 464 224 vectigalis
488 185 632 224 pecunia
657 185 772 226 populi
798 185 894 216 Rom.

161 228 180 246 ⁵*
190 229 360 267 vectigales
371 227 483 268 populi
500 227 666 266 quomodo
683 239 703 259 a
716 229 897 269 stipendia·

159 272 214 302 riis
231 281 256 301 s.
271 272 456 301 tributariis
471 271 639 307 differant,
651 272 780 303 dictum
795 278 846 303 est
862 274 897 303 in

159 314 406 354 stipendiarius.

204 357 392 395 Vehemens,
408 368 552 388 severus.
579 357 662 388 Sull.
692 362 719 389 l.
746 359 898 399 praecipi-

159 406 254 432 tante
278 401 405 441 republ.
428 403 643 432 vehementem
661 411 713 432 me
730 402 830 433 fuisse
847 408 897 432 at-

157 455 221 484 que
238 444 380 482 fortem,
405 450 600 475 conservata
615 445 733 476 mitem
746 455 784 476 ac
798 446 898 476 mise-

158 487 321 518 ricordem
346 488 545 519 faterentur.
574 489 668 519 Verr.
693 489 727 519 ii.
749 490 800 520 61.
831 489 896 520 fuit

160 533 194 562 in
210 531 359 561 decumis
379 533 437 572 (sc.
455 530 639 571 exigendis)
657 534 880 563 vehementior.

203 574 337 612 Veliere,
353 576 495 615 passive,
511 575 551 605 de
567 580 710 606 vectore.
733 576 827 606 Brut.
841 580 895 610 97.

157 618 430 655 adolescentiam,
447 629 506 658 per
523 619 647 649 medias
664 618 778 649 laudes
801 621 894 659 quasi

158 662 326 701 quadrigis
349 663 525 693 vehentem.
558 662 730 693 Laudatus
754 664 893 701 estjam

157 707 192 736 in
207 705 327 735 Lexico
340 706 434 736 Fabri
447 706 499 736 hic
512 706 617 743 locus,
629 706 687 737 sed
700 706 784 736 male
801 708 895 737 Orat.

158 759 218 789 pro
231 749 325 780 Brut.
337 749 465 789 positus
476 754 538 787 est,
548 749 668 780 allatus
679 750 781 780 etiam
792 750 894 780 Gron.

157 792 200 823 ad
223 793 294 823 Liv.
312 793 346 823 ii.
366 795 414 828 19.
446 794 492 823 sic
506 794 622 832 etiam,
640 798 678 824 ut
701 797 789 823 recte
812 793 896 823 Gro-

157 837 273 867 novius
297 840 424 873 monet,
447 842 584 867 vectores
605 847 665 877 pro
687 837 842 876 epibatis,
861 837 894 867 h.

157 890 186 910 e.
210 880 263 917 iis,
279 880 335 919 qui
359 880 540 919 vehuntur,
557 891 635 911 cum
659 881 727 910 sint
750 881 894 920 proprie,

157 924 214 963 qui
238 923 378 960 vehunt,
394 924 458 954 vid.
476 934 505 954 v.
521 935 549 954 e.
567 924 636 954 Cic.
661 925 751 954 Sext.
770 926 822 954 20.
847 925 894 954 sic

156 967 260 997 etiam
275 970 513 1007 proetervelaeens
528 977 587 1007 pro
596 972 828 1009 proeeervectus
843 973 895 998 est

156 1020 210 1051 ap.
226 1011 364 1041 Sueton.
380 1011 463 1041 Caes.
479 1014 532 1045 39.

201 1054 403 1084 Vehiculum.
427 1055 491 1085 Pis.
515 1056 566 1085 25.
591 1053 755 1093 neglectis
766 1056 894 1086 vehicu—

155 1098 194 1128 lis
215 1097 487 1137 triumphalibus.
512 1098 725 1129 Gronoviana
739 1098 891 1129 ferculis:

153 1141 188 1171 id
204 1138 364 1181 probabat
379 1142 566 1172 Abramius.
593 1141 753 1172 Vehiculis
765 1145 892 1180 autem,

155 1189 277 1224 praeter
303 1186 444 1217 novitias
473 1184 548 1216 edd.
577 1184 751 1224 quasdam,
777 1195 892 1216 omnes

155 1232 283 1259 veteres
306 1240 382 1260 cum
408 1230 502 1260 MSS.
524 1228 661 1265 habent,
677 1229 838 1268 probante
856 1230 890 1260 P.

154 1271 316 1309 Victorio,
343 1274 487 1304 Grutero
518 1274 578 1302 ἃς.
609 1272 708 1302 Ratio
737 1273 891 1303 mutandi

153 1315 233 1353 fuit,
246 1317 333 1355 quod
349 1317 551 1347 ferculorum
567 1315 774 1354 frequentior
785 1317 818 1346 in
828 1316 891 1347 hac

154 1369 188 1389 re
206 1361 343 1392 mentio.
389 1360 602 1391 Fcrculorum
624 1364 738 1389 autem
756 1361 890 1390 nomine

153 1402 330 1434 Abramius
355 1403 518 1434 contineri
541 1402 623 1432 (licit
645 1403 798 1433 vehicula
813 1413 889 1435 cum

154 1446 286 1486 spoliis;
320 1448 407 1487 quod
431 1452 481 1477 est
502 1446 635 1477 falsum.
684 1446 723 1476 ln
747 1449 890 1487 pompis,

154 1500 230 1520 cum
261 1491 534 1532 triumphalibus,
559 1495 632 1520 tum
665 1490 889 1529 Circensibus,

153 1533 278 1564 debent
306 1535 449 1566 discerni
480 1534 683 1572 vehiculum,
710 1534 889 1571 ferculum,

153 1581 188 1607 et
208 1578 310 1608 tertio
333 1579 438 1619 spolia
461 1584 520 1608 aut
538 1577 728 1614 simulacra,
746 1588 820 1617 quae
835 1588 890 1608 ve-

152 1621 292 1652 huntur.
317 1622 433 1662 ltaque
457 1622 617 1660 distingui
634 1622 775 1661 reperies
791 1621 889 1652 then-

152 1674 223 1695 sam
241 1670 274 1695 et
290 1665 467 1696 ferculum.
511 1666 570 1695 Est
587 1669 699 1695 autem
717 1666 751 1695 in
769 1676 890 1705 pompa

155 1709 302 1739 Circensi
324 1710 456 1746 thensa,
474 1709 561 1749 quod
584 1709 618 1738 in
640 1709 813 1748 triumpho
836 1719 889 1740 ve-

152 1753 299 1783 hiculum
329 1754 466 1784 Sueton.
492 1754 574 1783 Caes.
598 1753 650 1786 76.
681 1752 837 1783 thensam
853 1759 887 1783 ct

152 1795 318 1826 ferculum
357 1797 505 1827 Circensi
540 1806 673 1837 pompa.
711 1796 886 1829 Ferculum

151 1840 350 1877 sufficiebat,
374 1845 434 1871 aut
460 1841 593 1876 thensa,
610 1844 648 1869 ut
670 1849 756 1880 saepe
781 1850 885 1871 unum

151 1884 302 1923 ponitur,
325 1884 383 1914 sed
407 1884 538 1925 plenius
565 1891 599 1913 et
626 1884 814 1914 accuratius
838 1884 886 1914 di-

149 1936 223 1956 cere
242 1927 382 1958 volebat.
405 1929 452 1959 sic
467 1927 689 1967 intriumpho
705 1929 887 1958 vehiculum

148 1974 184 2000 et
198 1971 363 2002 ferculum
381 1974 567 2011 promiscue
584 1971 648 2000 dici
666 1976 786 2010 potest.
828 1971 887 2002 Ve-

148 2015 295 2044 hiculum
319 2022 353 2045 et
375 2016 494 2046 thensa
510 2020 560 2045 est
575 2023 705 2051 currus,
720 2014 885 2045 ferculum

150 2062 202 2087 est
218 2058 374 2089 machina
393 2060 561 2099 imposita,
578 2068 635 2089 seu
652 2057 834 2098 pulpitum,
851 2059 886 2089 in

149 2111 215 2139 quo
241 2102 420 2133 simulacra
445 2108 504 2132 aut
532 2102 637 2142 spolia
666 2106 885 2141 reponuntur.

149 2144 203 2174 Ita
227 2144 341 2176 Festus
358 2152 392 2176 et
410 2148 530 2176 Ascon.
546 2157 574 2175 v.
589 2146 744 2176 Torrent.
761 2146 802 2176 ad
817 2146 838 2176 l.
857 2156 884 2177 c.

146 2187 295 2218 Scheffer
310 2189 350 2219 de
371 2190 418 2220 Re
436 2190 549 2220 Vehic.
566 2190 599 2219 ii.
617 2190 669 2220 24.

192 2231 261 2269 Vel,
280 2234 423 2274 exempli
447 2243 558 2270 causa,
576 2237 615 2263 ut
636 2241 742 2262 unum
759 2231 821 2262 hoc
838 2232 885 2262 af-

145 2275 262 2306 feram.
292 2276 333 2306 ad
351 2277 426 2307 Div.
442 2278 474 2307 ii.
496 2280 544 2308 13.
573 2279 623 2307 vel
638 2286 719 2315 quas
735 2276 883 2315 proxime

147 2329 352 2359 acceperam.
368 2321 445 2351 ibid.
460 2321 514 2350 vii.
527 2322 579 2351 24.
596 2320 717 2350 amoris
730 2320 884 2358 tui,quo·

144 2373 210 2402 quo
227 2373 280 2393 me
296 2370 388 2394 verto
406 2365 553 2404 vestigia.
602 2363 660 2394 Vel
676 2364 825 2403 proxime
841 2363 883 2393 de

144 2405 299 2445 Tigellio.
332 2410 497 2448 *partinn
528 2407 569 2438 ad
584 2407 662 2438 Div.
678 2417 730 2437 xv.
753 2409 778 2437 l.
809 2416 882 2446 quae

145 2449 188 2479 ad
219 2460 271 2480 me
304 2451 416 2482 delata
445 2457 536 2488 sunt,
562 2451 603 2481 ad
629 2460 683 2480 vos
709 2450 883 2480 scribenda

143 2494 257 2534 putavi
272 2506 279 2524 :
319 2497 371 2526 vel
397 2496 484 2535 quod
512 2500 611 2525 tanta
639 2504 689 2524 res
718 2501 802 2531 erat,
832 2496 884 2525 vel

142 2537 231 2576 quod
248 2538 308 2568 &c.

190 2580 380 2618 Velabrum,
417 2581 572 2622 planities
618 2582 708 2612 inter
747 2580 882 2620 Capito-

142 2623 240 2661 lium,
275 2625 480 2664 Palatinum,
514 2631 549 2656 et
585 2625 801 2655 Aventinum.
840 2624 890 2654 ad·

140 2667 236 2698 Brut.
266 2671 314 2700 15.
347 2668 512 2700 Larentiae
537 2669 578 2699 ad
595 2678 685 2698 aram
702 2668 737 2697 in
752 2668 881 2698 velabro

140 2711 342 2742 sacrificium
366 2713 541 2752 pontifices
565 2713 673 2742 facere
694 2711 814 2741 solent.
839 2711 880 2741 de

139 2756 265 2785 velabro
288 2766 318 2786 v.
335 2757 461 2788 Donat.
494 2757 590 2787 Rom.
615 2765 644 2785 v.
661 2761 696 2784 et
717 2754 758 2785 R.
778 2755 810 2785 ii.
831 2757 879 2786 15.

141 2800 328 2875 ἳιὶὶῖαιω.
356 2843 456 2874 Dom.
473 2846 527 2877 47.
558 2843 638 2874 Nat.
655 2841 697 2872 D.
716 2841 750 2871 ii.
768 2843 799 2872 3.
826 2852 879 2872 ca-

137 2885 206 2928 pite
222 2888 335 2919 velato.
381 2886 420 2917 ln
446 2887 553 2928 primo
577 2886 649 2916 loco
665 2890 715 2916 est
731 2885 770 2915 ‹le
788 2885 879 2916 dedi·

1605 81 1683 128 471

941 190 1054 224 cante,
1071 186 1105 216 in
1121 185 1228 215 altero
1245 182 1284 213 de
1301 182 1420 221 Decio,
1437 190 1472 213 se
1488 180 1683 212 devovente.

941 228 1058 268 ltaque
1082 238 1149 259 non
1173 227 1290 258 eodem
1318 225 1417 256 modo
1445 224 1680 266 accipiendum

941 272 1025 303 illud
1047 274 1167 303 velare.
1212 271 1300 301 Nam
1325 269 1510 299 dedicantis
1529 268 1681 299 velamen

942 316 1030 346 idem
1046 319 1109 354 est,
1125 315 1213 354 quod
1229 313 1461 349 sacrificantis,
1479 312 1566 351 quod
1583 311 1681 351 quale

939 360 996 397 sit,
1026 369 1044 389 e
1075 358 1305 389 monumentis
1344 356 1489 395 antiquis
1527 359 1680 395 apparet,

940 412 1061 442 nempe
1090 401 1267 442 ejusmodi,
1294 399 1382 439 quod
1412 402 1527 438 caput,
1556 405 1679 438 praetcr

938 456 987 483 os,
1003 451 1114 476 totum
1138 445 1266 485 operit3
1291 442 1380 474 unde
1403 443 1545 472 amictus
1565 442 1679 482 appel-

939 489 1030 520 latur
1051 489 1168 528 Virgil.
1183 486 1314 519 AEneid.
1331 487 1377 516 iii.
1392 489 1467 516 405.
1495 495 1523 515 v.
1540 484 1603 515 hoc
1619 495 1676 515 ve-

939 533 1072 563 laminis
1095 542 1200 571 genus
1217 532 1251 561 in
1269 529 1498 560 monumentis
1514 533 1548 558 et
1565 530 1676 558 numis

939 586 992 616 ap.
1017 576 1157 606 Guther.
1173 575 1247 604 δατ.
1273 573 1368 604 Pont.
1386 573 1419 603 ii.
1442 576 1490 603 14.
1517 573 1561 602 iii.
1578 573 1609 602 6.
1634 573 1679 602 iv.

939 620 970 650 6.
994 619 1104 657 Hujus
1118 618 1292 648 velationis
1304 626 1438 647 causam
1451 616 1582 646 Servius
1595 615 1677 646 facit

939 663 1026 693 hauc
1050 663 1092 693 ad
1108 662 1130 693 l.
1146 673 1174 693 c.
1192 660 1360 692 Plutarch.
1383 659 1510 699 Quaest.
1533 660 1631 690 Rom.
1649 664 1676 689 t.

939 707 971 737 ii.
988 717 1020 746 p.
1044 706 1118 737 266.
1152 716 1193 735 ne
1217 706 1306 735 inter
1327 703 1583 734 sacrificandum
1608 714 1678 733 ver-

937 750 1016 780 bum
1038 750 1124 780 male
1140 750 1342 785 ominatum,
1357 753 1483 777 temere
1500 747 1674 784 emissum,

938 794 979 824 ad
996 802 1091 823 aures
1106 792 1325 823 sacrificantis
1341 790 1518 828 accideret,
1532 795 1566 820 et
1583 800 1677 821 sacra

936 838 1099 867 turbare-t.
1145 836 1182 866 ln
1200 836 1375 866 devotione
1390 839 1504 865 autem
1522 833 1674 864 velamen

940 880 1024 921 (Liv.
1041 881 1108 911 viii.
1123 879 1169 918 9.)
1189 880 1277 910 idem
1295 883 1358 916 est,
1371 878 1459 917 quod
1470 877 1676 918 supplicum,

936 924 1136 962 hostiarum,
1153 933 1288 966 nempe,
1303 927 1343 952 ut
1365 925 1415 952 est
1430 921 1517 961 apud
1542 920 1675 951 Livium

936 968 957 998 i.
975 970 1027 999 32.
1055 968 1150 998 filum
1168 967 1266 1005 lauae,
1284 967 1381 1003 vitta,
1398 964 1515 996 infula.
1533 964 1575 995 cf.
1594 965 1676 995 Sue-

935 1018 1006 1042 ton.
1025 1011 1130 1050 Calig.
1148 1012 1179 1041 6.

981 1054 1159 1094 Velq'ficari,
1177 1054 1308 1095 proprie
1332 1056 1382 1083 est
1402 1053 1474 1083 vela
1490 1053 1597 1083 facere
1614 1053 1675 1089 ita,

935 1102 974 1128 ut
990 1103 1090 1128 vento
1106 1098 1215 1128 inflari
1233 1098 1375 1138 possint,
1388 1097 1462 1127 vela
1476 1096 1517 1126 ad
1533 1101 1673 1126 ventum

935 1142 1169 1182 excipiendum
1198 1146 1402 1171 convertere.
1434 1140 1513 1174 hinc
1542 1144 1674 1169 mutare

933 1186 1179 1226 velg'sz'catz'onem
1212 1184 1252 1215 ad
1271 1185 1346 1214 Div.
1363 1185 1384 1214 i.
1401 1188 1432 1219 9.
1463 1184 1593 1227 proprie
1610 1187 1672 1221 est,

934 1229 1007 1259 vela
1022 1229 1087 1260 alio
1111 1235 1317 1266 convertere,
1334 1228 1413 1267 quia
1428 1232 1547 1257 'ventus
1564 1235 1675 1257 muta-

932 1277 989 1303 tus
1013 1278 1075 1303 est.
1120 1273 1186 1303 Sed
1209 1273 1368 1311 quoniam
1392 1276 1512 1301 ventus
1537 1273 1571 1300 et
1593 1281 1676 1301 aura

934 1317 1094 1347 dicuutur
1117 1315 1358 1356 metaphorice,
1385 1315 1428 1355 (v.
1454 1313 1546 1353 aura)
1573 1314 1676 1354 velg'fi-

933 1362 1003 1390 σαι-ι’
1025 1361 1128 1391 etiam
1152 1361 1198 1390 sic
1223 1359 1368 1398 dicitur3
1397 1368 1531 1398 nempe,
1557 1361 1594 1387 ut
1616 1359 1673 1395 sit,

934 1403 1041 1435 facere
1071 1403 1209 1443 aliquid,
1228 1402 1322 1442 vquod
1344 1402 1386 1432 ad
1412 1402 1567 1439 honores,
1593 1412 1674 1441 quos

934 1448 1060 1487 cupias,
1081 1447 1330 1486 consequendos
1355 1446 1470 1486 prosit.
1500 1445 1578 1485 Agr.
1603 1446 1624 1476 i.
1643 1450 1675 1480 9.

932 1491 1020 1530 quod
1029 1492 1055 1521 si
1065 1491 1136 1530 quis
1148 1496 1295 1521 vestrum
1308 1499 1365 1530 spe
1377 1489 1522 1529 ducitur,
1535 1499 1569 1519 se
1580 1499 1675 1529 posse

932 1535 1128 1565 turbulenta
1151 1535 1278 1565 ratione
1295 1533 1410 1564 honori
1429 1533 1586 1574 velficari
1602 1543 1674 1563 suo.

932 1578 1021 1608 Hinc
1038 1582 1088 1608 est
1104 1588 1162 1619 pro
1178 1578 1371 1617 gratificari.
1393 1577 1434 1607 ad
1446 1578 1522 1608 Div.
1539 1577 1607 1607 viii.
1623 1580 1673 1608 10.

932 1622 1113 1662 diligenter
1127 1626 1162 1652 et
1177 1627 1275 1651 caute
1292 1621 1486 1661 perscribas,
1500 1629 1540 1650 ne
1553 1624 1612 1651 aut
1623 1631 1674 1651 ve-

932 1666 1075 1707 lg'ficatus
1097 1665 1198 1696 alicui
1214 1665 1333 1695 dicaris
1353 1665 1412 1694 Sec.

977 1710 1127 1746 Velitari,
1151 1713 1201 1739 est
1223 1718 1373 1748 pugnare
1398 1707 1538 1738 velitum
1565 1718 1671 1746 more,

931 1753 971 1782 de
995 1753 1114 1792 quibus
1135 1763 1223 1783 mox.
1241 1752 1332 1789 hinc,
1349 1753 1427 1791 quia
1441 1751 1555 1781 velites
1572 1752 1675 1782 levio-

930 1797 1020 1828 ribus
1044 1798 1143 1827 armis
1167 1803 1334 1837 pugnant,
1351 1795 1391 1825 de
1413 1796 1529 1825 leviori
1552 1795 1675 1826 dicitur

930 1841 1190 1871 concertatione.
1222 1839 1340 1879 Quint.
1365 1841 1417 1871 22.
1449 1839 1520 1869 haec
1541 1844 1592 1869 est
1609 1840 1673 1869 ini-

930 1894 996 1923 qua
1025 1885 1180 1922 certatio,
1204 1893 1271 1913 non
1305 1883 1374 1921 illa,
1399 1893 1464 1922 qua
1486 1886 1523 1912 tu
1553 1886 1673 1913 contra

930 1927 1120 1968 Alphenum
1150 1927 1347 1958 velitabaris.
1392 1927 1523 1967 Nempe
1548 1926 1672 1967 Alphe-

930 1981 1006 2009 nus,
1028 1972 1085 2011 qui
1109 1981 1143 2001 se
1167 1975 1416 2011 procuratorem
1440 1970 1572 2010 Quintii
1596 1980 1672 2011 pro-

929 2014 1034 2045 fessus
1058 2019 1143 2053 erat,
1162 2020 1298 2045 tantum
1324 2014 1520 2054 impedierat
1543 2014 1673 2046 auctio-

931 2068 1006 2089 nem
1027 2059 1189 2089 bonorum
1205 2057 1351 2098 Quintii,
1365 2068 1385 2087 a
1398 2058 1513 2092 Naevio
1529 2058 1671 2097 proseri-

929 2109 1035 2142 ptam‚
1054 2102 1223 2141 judicium
1249 2102 1399 2141 accipere
1430 2100 1580 2131 voluerat
1610 2101 1671 2131 διο.

928 2146 999 2176 haec
1022 2156 1135 2186 pugna
1158 2149 1231 2176 erat
1252 2145 1368 2185 levior,
1387 2154 1455 2174 uon
1479 2144 1671 2184 pertinebat

928 2190 969 2220 ad
995 2193 1108 2230 caput.
1147 2189 1204 2219 sed
1230 2188 1366 2219 Naevius
1392 2188 1511 2218 deinde
1538 2188 1672 2228 Quintii

929 2238 1031 2273 caput
1057 2233 1206 2273 petebat,
1230 2241 1307 2262 cum
1334 2232 1404 2271 ejus
1433 2232 1520 2262 bona
1542 2232 1604 2262 sibi
1628 2242 1670 2262 ex

927 2277 1037 2307 edicto
1053 2286 1203 2317 possessa
1219 2276 1358 2307 diceret.

971 2321 1101 2358 Velites,
1118 2320 1206 2360 quod
1232 2329 1337 2359 genus
1362 2318 1509 2348 militum
1534 2320 1592 2357 sit,
1609 2328 1669 2353 no-

925 2369 1001 2394 tum
1009 2367 1079 2402 est;
1098 2373 1218 2403 nempe
1233 2362 1321 2403 quod
1331 2367 1410 2393 ante
1419 2362 1549 2401 justam
1563 2363 1670 2394 aciem

926 2408 1017 2445 telis,
1041 2407 1144 2438 hastis
1171 2410 1312 2448 pugnat,
1339 2406 1456 2436 leviter
1487 2409 1670 2437 armatum.

926 2451 966 2483 de
993 2452 1046 2489 iis,
1063 2461 1179 2481 eorum
1207 2451 1350 2489 origine,
1367 2450 1581 2489 abrogatione
1609 2450 1670 2481 &c.

926 2505 954 2526 v.
972 2495 1124 2534 Lipsium
1150 2494 1190 2524 de
1217 2493 1320 2524 Milit.
1341 2494 1381 2524 R.
1400 2493 1446 2524 iii.
1468 2496 1494 2523 1.
1528 2492 1669 2525 Salmas.

924 2539 965 2573 R.
986 2538 1060 2569 Mil.
1081 2539 1130 2569 16.
1155 2537 1338 2577 Eleganter
1352 2537 1387 2567 in
1404 2537 1466 2568 hac
1483 2547 1563 2567 voce
1580 2536 1668 2568 ludit

925 2582 1042 2612 Cicero
1058 2582 1100 2612 ad
1114 2582 1193 2612 Div.
1210 2582 1254 2611 ix.
1272 2583 1325 2612 20.
1349 2590 1402 2610 me
1416 2585 1530 2610 autem
1544 2590 1564 2610 a
1577 2585 1613 2610 te
1627 2588 1669 2612 ut

923 2635 1074 2656 scurram
1090 2626 1219 2656 velitem
1245 2624 1342 2659 malis
1372 2630 1550 2654 oneratum
1578 2634 1664 2663 esse,

924 2679 992 2704 non
1009 2669 1147 2699 moleste
1162 2668 1238 2699 tuli.
1283 2668 1344 2698 Est
1368 2672 1483 2698 autem
1505 2667 1598 2698 lusus
1627 2668 1663 2698 in

922 2712 973 2743 his
997 2713 1102 2742 verbis
1130 2711 1321 2752 multiplex,
1337 2721 1436 2750 quem
1462 2712 1661 2751 interpretes

922 2766 990 2787 non
1005 2756 1104 2796 plene
1121 2756 1266 2786 assecuti
1288 2755 1452 2785 videntur.
1476 2754 1662 2789 Gronovius

922 2800 1006 2830 vidit
1021 2800 1141 2840 primo,
1156 2799 1227 2830 ludi
1252 2800 1286 2829 in
1304 2808 1382 2829 voce
1400 2797 1510 2836 malis,
1531 2807 1606 2838 quae
1627 2804 1663 2829 et

922 2853 1022 2883 poma
1037 2843 1215 2882 significat,
1240 2852 1313 2882 quae
1340 2841 1494 2872 Ciceroni
1521 2842 1664 2873 donarat

922 2887 1048 2922 Paetus,
1064 2890 1099 2916 et
1117 2886 1305 2925 maledicta,
1332 2885 1492 2916 convicia.
1538 2885 1660 2919 Manu-

1003 2937 1024 2960 u
1043 2929 1100 2961 114
