1920 3196
231 76 315 115 446

239 173 339 205 brai-ii
356 182 396 202 ex
412 180 543 203 summa
567 171 721 202 fecerunt
743 182 878 210 summe,
895 173 983 212 quod

241 217 341 254 liujus
357 215 509 246 formulae
526 215 593 246 vim
617 225 684 245 non
708 217 981 255 assequebantur.

241 259 431 300 *Inprimis
469 263 582 289 autem
621 259 794 297 eleganter
823 260 981 298 jungitur

240 313 388 335 summus
402 303 617 332 substantivis
641 303 701 340 ita,
717 310 756 332 ut
771 303 981 341 significetur

241 347 288 384 id,
305 357 325 377 a
339 357 404 386 quo
427 349 500 376 tota
523 356 586 382 res,
604 355 678 385 quae
701 347 907 376 substantivo
932 347 982 376 in-

243 391 387 428 dicatur,
404 389 537 429 pendet.
569 390 639 419 lnv.
657 390 676 418 i.
698 392 747 419 14.
776 400 816 419 ex
840 389 900 419 hac
925 388 981 419 ‹le-

242 434 402 465 ductione
433 433 569 463 rationis
597 433 653 463 illa
678 443 807 463 summa
835 433 984 463 nascitur

244 477 483 514 controversia,
514 487 613 515 quam
647 476 892 515 judicationem
925 486 982 516 ap—

244 521 421 562 pellamus.
451 530 570 559 nempe
588 520 753 558 judicatio
777 526 883 550 totam
905 530 983 549 cau-

242 574 315 595 sam
340 564 502 594 continct.
531 564 624 594 Verr.
648 564 670 593 i.
697 567 746 595 15.
776 574 912 594 summae
935 564 981 593 rei

244 617 419 646 causaeque
437 616 568 637 nocere.
600 607 698 637 Dom.
715 609 745 637 2.
777 617 909 637 summa
933 616 983 636 re-

247 651 339 691 ligio,
357 656 407 681 est
430 660 495 687 res,
513 660 532 680 a
548 661 614 689 qua
636 651 745 680 omnis
769 651 884 690 religio
904 660 984 690 pen-

245 695 314 725 det.
343 695 412 724 Att.
430 694 451 724 i.
472 697 498 724 1.
530 693 653 724 Caecin.
671 696 700 724 2.
727 704 857 724 summa
873 694 986 724 existi-

247 738 361 769 matio.
396 737 438 767 ad
464 737 541 767 Div.
568 748 599 767 x.
626 740 656 768 8.
688 748 768 768 cura
792 737 983 778 reipublicae

244 791 381 812 summce
400 780 628 811 defendendae.
658 780 699 810 ef.
716 782 758 811 ad
781 782 856 812 Div.
873 781 916 811 xi.
937 784 987 812 13.

245 826 342 857 Rosc.
360 824 434 854 Am.
460 827 512 855 51.
542 834 661 864 nempe
684 835 814 855 summa
841 824 984 865 respubl.

244 873 297 899 est
322 867 410 898 salus
434 868 596 898 universae
623 868 825 908 reipublicae,
846 876 878 898 et
904 868 949 905 id,
967 878 986 899 a

245 922 311 952 quo
327 923 366 942 ea
383 911 516 952 pendet.
547 911 645 942 Catil.
661 913 681 941 i.
699 915 728 943 5.
751 921 882 942 summa
898 912 985 942 salus

245 955 465 996 periclitatur.
496 955 583 985 conf.
609 955 707 985 Catil.
731 956 772 985 iv.
800 959 850 986 11.
874 955 948 986 Act.
965 956 985 986 i.

247 1001 282 1030 in
307 1000 400 1030 Verr.
429 1002 454 1029 1.
485 1009 652 1029 summum
676 999 866 1039 reipublicae
898 1006 986 1029 tem·

246 1053 322 1084 pus,
349 1047 413 1080 est,
439 1053 504 1081 quo
533 1043 642 1072 omnis
672 1043 811 1082 reipubl.
837 1042 925 1073 salus
953 1043 987 1072 in

245 1086 394 1127 periculo
411 1090 473 1116 est.
505 1096 533 1116 ν.
551 1085 590 1116 de
615 1086 676 1116 hac
700 1086 808 1116 forma
830 1086 986 1125 loquendi

247 1131 391 1168 Gronov.
421 1129 462 1160 ad
493 1129 564 1160 Liv.
595 1130 682 1160 xxvi.
714 1134 745 1164 9.
790 1131 903 1160 xxxiii.
933 1133 987 1161 45.

247 1174 354 1204 xxxvi.
378 1176 431 1204 34.
464 1173 597 1203 xxxviii.
623 1176 675 1204 50.
706 1173 900 1204 *summum
918 1173 987 1212 jus.

247 1228 276 1248 v.
292 1217 365 1247 Jus.

292 1261 519 1298 sommatore,-
547 1260 604 1291 Or.
631 1262 684 1295 27.
725 1260 812 1291 hanc
839 1260 988 1301 hypalla-

247 1314 313 1345 gen
340 1305 488 1334 rhetores
516 1304 645 1342 dicunt,
670 1305 748 1343 quia
771 1305 870 1335 verba
893 1306 987 1344 quasi

246 1352 500 1380 summutantur
529 1348 649 1385 verbis,
680 1349 701 1378 i.
733 1357 762 1378 e.
794 1353 988 1388 permutan-

248 1398 316 1423 tur.
355 1391 502 1422 Verbum
529 1391 658 1422 factum
689 1391 731 1422 ad
761 1392 987 1423 imitationem

248 1436 362 1476 graeci.

293 1479 434 1517 Sumtio,
450 1479 622 1520 praemissa
638 1478 832 1519 syllogismi.
860 1479 936 1510 Div.
953 1481 989 1511 ii.

247 1526 300 1554 53.
329 1522 387 1553 sed
403 1523 520 1553 demus
536 1523 597 1553 tibi
614 1524 692 1553 istas
709 1524 789 1553 duas
804 1525 988 1562 sumtiones,

245 1576 286 1597 ea
302 1576 375 1606 quae
390 1566 543 1606 λήμματα
559 1566 677 1597 dicunt
693 1567 883 1598 Dialectici.

294 1610 521 1641 Sumtuarius.
551 1610 622 1641 Att.
638 1611 707 1641 xiii.
723 1611 754 1641 6.
787 1610 840 1641 lex
863 1615 990 1642 sumtu-

249 1655 338 1685 arz'a.
363 1664 392 1683 v.
409 1653 484 1683 Ind.
500 1654 603 1694 Legg.

294 1696 458 1737 Supezcex.
490 1697 547 1728 Or.
572 1700 623 1730 24.
653 1699 797 1737 supellex
822 1702 874 1728 est
899 1699 990 1729 enim

250 1740 494 1781 quodammodo
521 1741 673 1779 oratoris,
700 1751 775 1781 quae
803 1747 855 1772 est
878 1742 914 1772 in
939 1753 992 1773 or-

249 1785 432 1822 namentis,
449 1785 514 1815 alia
530 1795 654 1822 rerum,
671 1784 737 1815 alia
751 1786 939 1816 verborum.

294 1828 414 1869 Super,
440 1832 613 1869 praeterea.
642 1829 723 1868 Leg.
749 1829 783 1860 ii.
811 1832 863 1860 21.
895 1840 993 1870 super

250 1872 417 1903 dicebant.
448 1882 477 1902 v.
502 1871 618 1902 Burm.
643 1872 685 1902 ad
711 1872 840 1903 Phaedr.
864 1874 911 1903 iii.
941 1877 992 1904 ll.

249 1916 292 1946 ad
315 1916 454 1946 Sueton.
479 1915 562 1946 Caes.
587 1918 638 1947 28.
669 1916 728 1946 sed
750 1916 934 1947 Lambinus
958 1922 992 1947 et

249 1959 427 1990 Turnebus
472 1959 643 1999 legebant,
687 1961 876 2001 superiores,
919 1971 993 2001 pro-

249 2003 350 2034 bante
367 2003 514 2034 Davisio.

294 2045 473 2087 Superare,
497 2046 696 2085 redundare,
720 2057 903 2088 superesse.
934 2048 992 2078 Or.

249 2091 285 2121 ii.
306 2093 354 2125 19.
382 2091 417 2120 in
435 2101 501 2129 quo
517 2096 550 2121 et
567 2091 680 2121 deesse
697 2091 843 2131 aliquam
860 2096 991 2131 partem

251 2141 286 2164 et
308 2143 465 2174 superare
489 2134 687 2165 mendosum
711 2141 773 2165 est.
809 2136 876 2165 Fin.
892 2145 921 2165 v.
942 2138 992 2166 15.

249 2177 291 2208 de
315 2188 367 2215 eo,
387 2177 475 2217 quod
498 2179 578 2218 ipsis
601 2183 746 2218 superat,
771 2178 842 2209 aliis
866 2179 993 2218 gratifi-

251 2222 331 2252 cari.
355 2221 430 2251 add.
443 2221 484 2251 ad
498 2222 575 2252 Div.
592 2223 658 2252 viii.
677 2225 707 2253 5.
724 2227 808 2253 extr.

295 2265 610 2305 Superbiloquentz'a.
633 2265 735 2296 Tusc.
751 2267 791 2295 iv.
814 2266 863 2296 16.

295 2308 484 2348 Superbire,
509 2310 649 2350 superbe
672 2309 793 2340 facere.
824 2309 925 2340 Acad.
950 2310 993 2340 iv.

249 2354 303 2387 29.
334 2353 362 2382 si
386 2352 500 2390 habes,
525 2353 613 2392 quod
643 2353 782 2392 liqueat,
806 2363 914 2392 neque
943 2364 994 2383 re—

249 2396 405 2437 spondes,
428 2398 581 2435 superbis.
627 2396 714 2427 Nam
746 2397 911 2436 superbiae
935 2398 995 2426 tri-

249 2440 378 2476 buitur,
402 2440 430 2469 si
457 2440 529 2479 quis
557 2449 624 2470 non
648 2440 827 2480 respondet
852 2441 994 2480 roganti.

251 2493 281 2514 v.
297 2483 339 2513 ad
355 2482 431 2514 Div.
450 2483 471 2514 i.
487 2483 549 2513 ult.

298 2526 477 2567 Superbus,
491 2527 542 2557 cui
562 2536 628 2556 non
643 2526 741 2556 facile
754 2527 908 2557 satisfieri
922 2532 994 2567 pot-

252 2574 317 2607 est,
343 2570 546 2601 fastidiosus.
581 2571 637 2600 Or.
662 2573 715 2601 44.
749 2571 880 2601 aurium
901 2571 994 2610 judi-

252 2614 342 2644 cium
359 2617 409 2643 est
423 2615 698 2654 superbissimum.

297 2657 501 2697 Supevficies.
527 2659 598 2689 Att.
614 2658 657 2687 iv.
674 2660 704 2688 2.
731 2657 935 2697 superficiem
952 2667 995 2688 ae-

251 2700 346 2731 dium
359 2701 510 2731 consules
523 2702 753 2732 aestimarunt:
779 2701 813 2731 h.
825 2712 854 2730 e.
867 2711 993 2740 aream,

251 2750 291 2775 ut
307 2755 360 2784 ep.
380 2748 407 2775 l.
424 2744 515 2775 dicit.

296 2788 462 2828 Superior.
506 2788 545 2818 de
575 2787 649 2818 loco
679 2789 842 2828 superiore
872 2791 923 2818 est
954 2788 994 2818 de

250 2831 411 2862 tribunali
443 2836 477 2862 et
507 2829 590 2862 sella
615 2833 735 2862 curuli.
764 2832 858 2862 Verr.
881 2832 916 2862 ii.
940 2834 993 2863 42.

252 2876 322 2917 ipse
345 2875 380 2920 in
406 2875 520 2907 Sicilia
539 2885 640 2917 saepe‚
665 2880 700 2907 et
721 2875 832 2918 palam
857 2875 896 2907 de
921 2875 993 2907 loco

773 84 919 113 INDEX
949 84 1246 114 LATINITATIS.

1026 175 1188 214 superiore
1205 174 1344 205 dixerat.
1373 173 1393 193 ’ἓ
1405 173 1444 204 de
1461 177 1617 214 suggesto
1634 174 1667 206 in
1687 183 1767 206 con-

1028 217 1122 247 cione
1139 217 1264 257 populi.
1295 218 1388 248 Verr.
1404 218 1426 248 i.
1443 221 1473 248 5.
1503 218 1589 248 hanc
1609 228 1670 258 ego
1687 227 1766 248 cau-

1027 269 1098 290 sam
1122 271 1198 290 cum
1227 270 1322 300 agam
1348 261 1508 292 beneficio
1531 262 1645 302 populi
1667 262 1764 292 Rom.

1027 303 1066 334 de
1085 304 1156 334 loco
1172 305 1344 343 superiore.
1370 304 1412 334 ad
1428 305 1502 335 Div.
1521 306 1566 335 iii.
1584 309 1614 336 8.
1643 315 1770 335 sermo-

1028 357 1085 376 nes
1102 358 1140 376 ex
1155 349 1318 387 superiore
1334 352 1369 378 et
1391 358 1430 378 ex
1450 358 1545 387 aequo
1562 349 1634 379 loco
1651 348 1769 378 habiti.

1028 390 1047 408 *Ψ
1060 390 1151 421 Verr.
1168 392 1215 420 iii.
1236 394 1284 422 18.
1312 401 1419 421 annus
1434 394 1577 432 superior
1592 392 1771 431 distingui-

1027 437 1084 464 tur
1100 444 1119 464 a
1135 435 1296 473 proximo,
1314 436 1369 475 qui
1386 435 1464 465 alibi
1479 436 1602 466 dicitur
1618 436 1767 476 proxime

1027 488 1183 517 superior.

1074 522 1272 561 Superlatio,
1288 521 1478 562 hyperbole,
1495 523 1553 553 Or.
1570 522 1616 553 iii.
1635 525 1687 554 53.
1715 532 1771 552 ve-

1030 565 1137 594 ritatis
1154 566 1327 605 superlatio
1344 574 1378 596 et
1393 567 1558 605 trajectio.

1075 608 1283 648 Superlatus,
1296 609 1540 649 hyperbolicus,
1554 611 1696 640 nimium
1710 619 1771 640 au-

1032 661 1124 691 gens.
1149 652 1267 682 Partit.
1289 655 1337 683 15.
1361 654 1460 683 verba
1473 656 1654 694 superlata.

1077 696 1302 735 Supersedere.
1333 697 1457 727 Heren.
1475 698 1508 727 ii.
1530 701 1578 731 17.
1606 698 1676 728 haec
1693 707 1771 727 cau-

1032 748 1069 768 sa
1085 749 1151 768 non
1176 740 1306 769 videtur
1327 741 1573 780 supersedenda,
1589 742 1610 771 i.
1635 751 1665 772 e.
1688 750 1772 781 prae-

1031 783 1263 820 termittenda‚
1282 786 1341 813 aut
1355 794 1571 824 supervacua.

1078 825 1256 866 Superstes.
1281 826 1414 857 Muren.
1430 829 1479 858 12.
1503 828 1651 866 utrisque
1663 836 1774 866 super·

1031 870 1158 900 stitibus
1188 871 1406 910 praesentibus
1437 872 1536 900 istam
1566 872 1653 900 viam
1684 871 1772 908 dico,

1033 913 1116 943 inite
1141 914 1238 943 viam.
1271 916 1454 953 superstites
1479 924 1549 944 esse
1580 919 1775 955 praesentes,

1033 956 1221 987 docuerunt
1238 957 1279 987 ad
1295 957 1328 987 h.
1344 957 1365 987 l.
1390 959 1450 988 viri
1473 958 1575 995 docti,
1593 957 1776 997 adjectam-

1034 1010 1097 1039 que
1129 1010 1243 1031 vocem
1274 1002 1493 1040 praesentibus
1527 1011 1597 1032 esse
1630 1000 1774 1041 glossam

1034 1044 1221 1074 delendam.
1245 1044 1321 1074 add.
1338 1045 1422 1075 Gell.
1441 1046 1461 1076 i.
1478 1047 1531 1076 22.

1079 1088 1283 1128 Superstitio,
1308 1088 1388 1126 quid
1414 1089 1547 1129 proprie
1570 1089 1626 1126 sit,
1651 1088 1716 1118 vid.
1740 1088 1775 1119 in

1033 1133 1281 1171 superstitiosus.
1313 1133 1459 1162 sumitur
1485 1133 1587 1162 etiam
1614 1142 1673 1172 pro
1699 1131 1776 1162 reli-

1035 1176 1146 1214 gione,
1171 1175 1256 1205 bono
1279 1185 1390 1206 sensu.
1420 1176 1513 1206 Verr.
1537 1176 1579 1205 iv.
1597 1179 1649 1206 51.
1678 1178 1776 1206 tanta

1035 1218 1195 1258 religione
1220 1219 1380 1249 obstricta
1405 1224 1479 1249 tota
1505 1220 1676 1259 provincia
1704 1226 1773 1249 est:

1033 1267 1131 1292 tauta
1146 1264 1327 1302 superstitio
1349 1272 1390 1292 ex
1413 1263 1508 1293 istius
1531 1263 1620 1293 sacto
1644 1267 1775 1293 mentes

1034 1307 1185 1336 omnium
1211 1305 1401 1336 Siculorum
1422 1307 1608 1346 occupavit,
1622 1311 1661 1336 ut
1685 1316 1777 1345 quae-

1035 1360 1167 1389 cunque
1185 1349 1368 1379 acciderint
1390 1350 1522 1389 publice
1544 1351 1596 1380 vel
1618 1351 1776 1389 privatim

1035 1393 1260 1432 incommoda,
1284 1398 1421 1433 propter
1443 1404 1516 1424 eam
1541 1403 1676 1425 causam
1706 1403 1778 1424 sce-

1035 1437 1102 1467 lere
1119 1437 1215 1467 istius
1232 1437 1364 1467 evenire
1380 1437 1568 1468 videantur.

1081 1480 1338 1521 Superstitiosus,
1362 1481 1452 1511 unde
1478 1481 1611 1512 dietus?
1644 1491 1673 1511 v.
1697 1481 1778 1512 Nat.

1037 1524 1080 1555 D.
1098 1525 1132 1555 ii.
1149 1527 1201 1556 28.
1232 1524 1274 1554 cf.
1290 1524 1393 1554 Gron.
1411 1525 1553 1556 Diatrib.
1573 1526 1607 1555 in
1631 1526 1778 1555 Statium

1037 1578 1066 1598 c.
1083 1571 1136 1602 59.
1167 1568 1382 1607 *religiosus
1412 1569 1512 1600 Dom.
1532 1572 1584 1600 40.
1617 1569 1778 1608 adspicite

1037 1611 1209 1642 hominem
1238 1612 1442 1651 religiosum,
1467 1617 1502 1642 et
1527 1618 1661 1643 monete
1685 1622 1778 1650 eum,

1038 1655 1175 1685 modum
1201 1656 1368 1694 quendam
1391 1666 1460 1686 esse
1481 1656 1663 1695 religionis,
1679 1656 1778 1686 nimis

1037 1700 1377 1741 superstitiosumvesse
1395 1709 1460 1730 non
1477 1708 1641 1740 oportere.
1670 1699 1782 1730 *divi-

1039 1753 1115 1780 nus,
1138 1743 1304 1773 fatidicus.
1335 1744 1412 1773 Div.
1436 1744 1457 1773 i.
1481 1747 1532 1775 31.
1573 1744 1673 1774 missa.
1703 1753 1778 1774 sum

1038 1788 1262 1826 superstitiosis
1281 1786 1576 1825 hariolationibus3
1603 1797 1709 1826 neque
1725 1797 1780 1818 me

1040 1830 1158 1870 Apollo
1187 1830 1264 1860 fatis
1290 1830 1397 1860 fandis
1421 1831 1614 1861 dementem
1638 1831 1776 1862 invitam

1040 1875 1119 1905 ciet.
1144 1884 1173 1904 v.
1190 1874 1304 1904 Davis.
1321 1874 1363 1904 ad
1378 1874 1411 1904 h.
1428 1874 1449 1905 1.

1084 1917 1364 1957 supervacaneus.
1398 1918 1480 1949 Cato
1508 1919 1556 1949 16.
1585 1925 1782 1957 supervaca-

1039 1963 1093 1992 nei
1117 1962 1224 2001 operis
1252 1962 1453 2001 aucupium:
1486 1962 1519 1992 h.
1546 1972 1575 1992 e.
1602 1962 1780 2001 ejusmodi,

1041 2005 1129 2044 quod
1156 2006 1195 2035 fit
1220 2010 1385 2045 tempore,
1413 2006 1498 2044 quod
1530 2010 1580 2035 est
1609 2006 1650 2036 ab
1680 2015 1779 2046 opere

1041 2050 1166 2079 rustico
1183 2053 1217 2078 et
1235 2049 1427 2078 necessariis
1444 2051 1540 2080 rebus
1557 2058 1711 2079 vacuum.

1087 2092 1317 2132 Suppeclitare,
1333 2099 1523 2132 suppetere.
1550 2093 1620 2123 Att.
1636 2093 1657 2123 i.
1681 2095 1729 2123 14.
1753 2093 1781 2124 si

1042 2145 1190 2175 unquam
1222 2136 1303 2166 mihi
1343 2136 1562 2178 ἔπιχειςήματα
1597 2137 1783 2176 suppedita-

1040 2184 1132 2210 runt.
1163 2190 1193 2210 v.
1212 2180 1319 2210 Graev.
1337 2179 1379 2209 ad
1403 2181 1494 2210 verr.
1513 2190 1543 2209 v.
1561 2183 1614 2211 38.
1645 2181 1782 2211 *abun-

1041 2223 1130 2254 dare.
1161 2223 1259 2253 Catil.
1275 2224 1308 2253 ii.
1330 2226 1378 2253 11.
1410 2223 1442 2253 si'
1457 2224 1585 2254 omissis
1609 2223 1660 2254 his
1684 2224 1780 2254 rebus

1040 2267 1208 2304 onmibus,
1232 2268 1350 2306 quibus
1378 2276 1437 2297 nos
1466 2268 1722 2308 suppeditantem,
1747 2277 1783 2298 e-

1043 2316 1100 2350 get
1115 2310 1169 2341 ille
1187 2311 1246 2341 810.
1292 2311 1381 2341 Hinc

1087 2353 1323 2395 Suppeditatio,
1362 2363 1421 2394 pro
1466 2354 1573 2394 copia,
1609 2354 1783 2385 facultate.

1041 2397 1122 2428 Nat.
1149 2400 1191 2429 D.
1221 2399 1241 2428 i.
1269 2401 1322 2429 40.
1364 2398 1575 2437 suppeditatio
1605 2398 1782 2439 bonorum,

1044 2441 1137 2471 nullo
1155 2442 1319 2472 malorum
1337 2442 1541 2472 interventu.

1088 2485 1256 2525 Supplere.
1273 2486 1367 2516 Verr.
1379 2486 1420 2515 iv.
1435 2488 1465 2515 5.
1483 2495 1551 2515 non
1565 2489 1600 2515 te
1617 2486 1783 2516 instruere

1043 2528 1180 2558 domum
1204 2533 1299 2559 tuam
1328 2529 1509 2559 voluerunt
1539 2529 1572 2559 in
1598 2529 1782 2569 provincia,

1043 2572 1101 2602 sed
1125 2572 1220 2602 illum
1245 2582 1344 2603 usum
1367 2572 1544 2612 provinciae
1559 2575 1726 2613 supplere:
1750 2573 1784 2604 h.

1043 2626 1072 2645 e.
1090 2616 1147 2646 sed
1163 2620 1298 2646 tantum
1316 2617 1377 2646 tibi
1393 2615 1554 2646 frumenti
1579 2617 1662 2653 dari,
1679 2626 1784 2656 quan-

1041 2663 1116 2689 tum
1145 2661 1178 2689 in
1206 2660 1378 2699 provincia
1402 2660 1464 2689 tibi
1491 2665 1524 2689 et
1550 2659 1687 2691 familiae
1711 2665 1782 2690 tuae

1043 2713 1125 2742 opus
1142 2709 1239 2733 esset.
1270 2703 1377 2733 Flacc.
1397 2707 1446 2737 17.
1478 2704 1652 2742 quiescant
1667 2705 1783 2744 igitur,

1042 2751 1076 2776 et
1094 2757 1147 2776 me
1162 2747 1224 2776 hoc
1241 2748 1274 2776 in
1300 2747 1393 2777 lucro
1417 2756 1552 2786 ponere,
1569 2751 1668 2786 atque
1693 2747 1785 2777 aliud

1042 2799 1140 2829 agere
1157 2791 1341 2829 patiantur.
1387 2790 1464 2820 Non
1479 2791 1605 2821 sinunt.
1649 2791 1787 2831 Supplet

1042 2834 1132 2864 enim
1150 2834 1206 2864 ille
1223 2834 1334 2864 neseio
1350 2834 1437 2873 quis,
1454 2839 1488 2863 et
1510 2834 1668 2874 privatim
1691 2835 1785 2871 dicit,

1041 2886 1075 2908 se
1093 2877 1231 2909 dedisse.
1252 2877 1285 2910 h.
1303 2887 1333 2910 e.
1347 2878 1528 2918 succurrit,
1543 2888 1641 2921 opem
1656 2878 1734 2918 fert,
1751 2883 1786 2909 et
