1920 3196
302 42 387 80 304

300 139 385 171 lum.
409 138 521 169 Plane.
547 137 698 177 525.fim's
721 138 888 169 honorum
911 139 1049 179 populi,.

301 187 354 213 est
380 183 584 213 consulatus.
615 182 716 212 Tusc.
745 182 778 212 ii.
808 186 834 213 1.
854 183 940 222 finis
967 193 1040 223 spe-

302 227 412 263 randi,
427 231 478 256 est
500 236 685 262 summum,
703 225 791 264 quod
816 227 888 265 quis
907 236 1038 267 sperare

301 273 426 309 petest,
444 274 504 299 aut,
527 276 650 309 sperat.
674 269 755 299 *est
779 270 882 300 etiam
908 280 1042 300 summa

303 314 445 351 alicujus
473 313 531 343 rei.
556 313 613 343 Or.
641 313 674 343 ii.
702 315 754 343 34.
778 313 877 351 hujus
905 314 1039 352 quidem

302 355 366 388 loci
390 357 446 387 hic
469 362 519 386 est
531 356 628 397 finis.
654 356 672 374 *ἱ
689 356 767 395 Leg.
788 358 808 387 i.
825 359 877 387 2¹1.
902 358 991 388 Mur.
1009 362 1039 391 9.

303 411 416 440 regere
428 400 530 441 fines,
548 407 599 430 cst
623 400 842 438 constituere,
863 401 1040 431 decernere

303 445 343 474 de
361 445 498 481 finibus,
515 444 554 473 de
575 444 695 483 quibus
716 445 944 474 controversia
965 450 1040 474 orta

302 492 365 525 est,
384 488 472 527 quod
494 488 625 517 faciunt
646 487 762 517 arbitri
773 487 903 528 finium
920 498 1041 528 regun—

303 532 433 562 dorum.
449 542 479 561 v.
497 531 566 561 Lex
584 531 747 561 Mamilia.

347 575 538 612 Finilz'mus,
555 575 686 611 similis,
703 574 916 613 conjunctus.
940 577 998 606 Or.
1017 576 1038 606 i.

305 620 355 650 16.
368 620 540 660 finitimus
553 619 673 648 oratori
687 622 797 658 pocta.
822 619 864 649 N.
879 619 920 649 D.
936 619 969 649 ii.
988 622 1040 653 39.

288 664 463 704 finitimus
487 663 570 692 mari
594 666 661 692 ae'r.
686 661 782 692 Brut.
807 665 858 693 42.
887 663 1039 693 vicinitas

290 707 458 747 finitima.
490 716 611 746 nempe
643 707 769 736 vicinus
801 705 900 736 latius
931 710 1038 746 patet,

303 751 592 791 quamfinitimus.

346 793 486 832 Finito&
504 794 722 833 agrimensor,
740 794 796 833 qui
818 803 914 833 agros
935 793 970 823 in
986 804 1040 823 co—

301 837 398 869 loniis
430 838 634 868 deducendis
667 838 807 868 metitur
837 843 872 867 et
908 837 1040 868 definit.

301 882 380 922 Agr.
405 883 439 912 ii.
472 886 521 913 13.
540 882 711 922 finitorem
737 881 898 912 mittant:
927 885 1037 911 ratum

300 927 357 963 sit,
375 926 463 965 quod
474 926 596 966 finitor
619 925 678 956 uni
702 924 763 963 illi,
788 935 807 955 a
830 935 895 964 quo
920 925 1039 955 missus

301 971 378 1007 erit,
410 970 667 1000 renunciaverit.
698 968 739 999 cf.
772 979 801 998 c.
836 972 884 1003 17.
915 970 968 999 20.
1007 978 1042 998 v,

303 1014 413 1044 Go'esii
429 1014 566 1052 Antiqu.
584 1012 662 1052 Agr.
681 1023 709 1043 c.
722 1015 753 1043 4.
770 1013 924 1052 inprimis
940 1022 972 1052 p.
987 1015 1040 1043 31.

347 1058 488 1094 Finitus,
505 1061 626 1087 certus.
651 1056 731 1086 Nat.
745 1058 786 1087 D.
802 1057 834 1086 ii.
851 1059 903 1087 35.
929 1062 1040 1086 motus

289 1101 398 1142 finiti.
431 1101 664 1131 *moderatus
690 1101 761 1130 Fin.
790 1101 810 1129 i.
840 1103 888 1134 19.
913 1100 1041 1140 cupidi-

302 1149 388 1175 tates
401 1145 524 1186 finitoe.
550 1144 751 1174 *definitus
779 1144 879 1174 Tusc.
910 1144 955 1173 iii.
986 1145 1038 1174 25.

303 1199 390 1219 mors
423 1193 474 1219 est
503 1189 659 1218 omnibus
680 1189 796 1228 finita.
828 1191 1039 1217 *numerose

303 1233 437 1263 cadens.
463 1233 520 1263 Or.
539 1235 591 1264 51.
604 1232 713 1272 finita
732 1233 964 1272 pronunciare.

345 1276 469 1308 Finire.
493 1286 620 1313 regere,
638 1275 813 1306 moderari.
850 1275 907 1305 Fin
943 1275 989 1305 iii.
1009 1279 1041 1309 9.

301 1324 336 1350 et
361 1323 413 1352 ⁶20.
437 1321 636 1360 cupiditates
650 1320 768 1360 finire.
795 1319 896 1350 *Ate
921 1319 987 1349 viii.
1009 1322 1039 1350 3.

288 1365 429 1405 finienti
460 1365 645 1404 provincias
675 1362 799 1394 Gallias
832 1363 907 1393 Kal.
938 1362 1040 1393 Mart.

302 1409 449 1439 restitit:
476 1409 498 1438 i.
522 1418 550 1438 e.
574 1418 651 1438 cum
669 1413 818 1438 censeret
838 1407 1004 1437 Caesarem
1023 1416 1040 1436 e

301 1452 412 1482 Gallia
420 1452 579 1482 decedere
589 1452 707 1481 dehere
718 1451 793 1482 Kal.
805 1451 948 1481 Martiis.
964 1450 1042 1480 ⁴'‘de-

301 1497 412 1534 finire,
438 1497 616 1537 praefinire.
649 1495 690 1525 ad
714 1496 790 1526 Div.
816 1505 866 1525 xv.
891 1499 922 1529 9.
953 1501 1042 1524 tem-

299 1550 377 1581 pus,
395 1540 484 1579 quod
499 1540 582 1570 mihi
598 1544 633 1569 et
649 1539 722 1578 lege
739 1545 773 1569 et
790 1538 1005 1579 SCtofinisti.

346 1583 415 1615 Flo.
438 1583 539 1614 Tusc.
556 1583 600 1614 iii.
620 1586 650 1613 5.
676 1583 789 1622 itafit‚
807 1593 883 1623 pro:
909 1592 950 1612 ex
975 1590 1040 1621 quo

300 1627 476 1667 sequitur:
513 1638 553 1657 cx
579 1627 800 1657 arithmeticis
828 1626 930 1656 ducta
955 1626 1040 1656 ratio

297 1672 446 1702 dicendi.
471 1671 577 1711 *Agn
594 1672 628 1701 ii.
643 1673 696 1706 Ξῖ.
721 1670 870 1710 quidfiet
886 1669 1041 1710 pecunia.

303 1716 411 1746 Graev.
437 1716 599 1755 pecuniae.
625 1720 808 1753 utrumque
832 1722 962 1744 rectum
980 1718 1040 1744 est.

304 1761 372 1795 Sic,
390 1760 471 1798 qnid
495 1760 596 1789 facias
622 1759 764 1796 homini,
781 1763 815 1788 et
840 1758 986 1787 homine.
1013 1768 1043 1788 ν.

301 1803 399 1833 facin.
426 1803 497 1833 *ad
520 1804 595 1833 Div.
620 1803 673 1832 vii.
703 1805 751 1832 18.
777 1801 968 1840 nffiilficff,
987 1801 1043 1831 sri-

303 1857 380 1886 gere
403 1852 459 1877 te:
487 1847 518 1877 h.
542 1858 570 1876 e.
597 1846 680 1876 nihil
705 1851 852 1885 quaestus
868 1853 901 1876 te
918 1845 1042 1882 facere,

302 1891 387 1921 nihil
404 1896 438 1920 te
456 1891 606 1930 accipere
621 1903 626 1920 :
647 1901 664 1920 e
683 1890 801 1920 Plauto
817 1889 953 1919 (Lura-ul.
967 1900 997 1919 ν.
1012 1891 1042 1919 ⁶2.

303 1937 333 1965 5.
364 1940 540 1974 postquam
565 1934 649 1964 nihil
677 1935 725 1964 fit.
765 1930 841 1963 Huc
869 1934 1043 1973 pertinent

302 1988 353 2009 res
382 1989 400 2009 a
426 1978 550 2019 populo
565 1978 675 2018 joeeae
704 1978 920 2017 quaesitaequc
947 1977 1042 2007 Verr.

304 2022 351 2053 iii.
371 2025 423 2054 55.

347 2067 477 2097 Firme.
502 2066 573 2096 Fin.
590 2065 636 2096 iii.
653 2069 684 2100 9.
716 2074 868 2095 assensus
885 2065 1042 2104 suos-fir-

301 2120 353 2140 me
369 2111 534 2141 sustinere
550 2122 556 2138 ι
583 2110 614 2139 h.
632 2120 660 2139 e.
679 2119 809 2146 cavere,
827 2119 868 2138 ne
889 2109 1044 2139 elabatur

301 2155 395 2185 nobis
421 2164 587 2191 assensus,
605 2154 770 2191 rebusque
795 2153 931 2183 incertis
954 2157 1043 2183 tam-

302 2209 403 2237 quam
422 2199 520 2228 certis
536 2198 772 2228 assentiamur.

346 2242 497 2274 Firmus.
526 2242 596 2272 Att.
625 2242 646 2271 i.
680 2245 706 2271 l.
727 2241 859 2281 firmus
886 2239 1044 2270 candida-

301 2290 356 2316 tus
371 2299 377 2315 τ
400 2287 434 2317 11.
450 2297 479 2315 e.
497 2287 566 2325 qui,
584 2289 719 2325 propter
736 2284 879 2324 gratiam
896 2294 991 2314 suam
1007 2289 1043 2314 et

301 2331 502 2367 amicorum,
518 2339 675 2368 magnam
693 2338 786 2369 spem
805 2328 906 2358 habet
922 2337 1043 2358 consu-

301 2374 390 2405 latus
408 2373 644 2412 consequendi.
662 2373 695 2402 in
715 2371 827 2402 Caeeil.
843 2377 875 2406 9.
902 2371 995 2402 Verr.
1008 2371 1041 2401 ii.

304 2421 332 2449 l.
359 2421 533 2448 accusator
560 2418 708 2458 firmus:
734 2416 766 2446 h.
793 2426 823 2446 0.
850 2415 958 2453 fortis,
982 2416 1044 2446 mi-

301 2463 393 2493 nime
409 2462 559 2492 timidus.

348 2507 500 2542 Fiseina,
519 2509 571 2535 est
586 2503 733 2535 utensile
750 2504 929 2539 rusticum,
947 2503 1042 2542 cujus

301 2550 403 2580 etiam
435 2549 524 2589 apud
557 2550 724 2579 Catonem
756 2553 789 2578 et
817 2547 1042 2577 Columellam

301 2594 440 2624 mentio.
466 2604 495 2623 v.
520 2592 633 2623 Lexiv.
659 2592 775 2623 rustic.
802 2591 940 2621 Gesneri
958 2590 993 2621 in
1009 2591 1042 2622 h.

299 2647 329 2667 v.
356 2637 463 2668 Flacc.
487 2640 534 2671 17.
554 2637 681 2677 fiscina
699 2637 852 2665 ficorum.

344 2682 477 2718 Fiscus,
495 2680 535 2710 de
553 2681 711 2720 pecunia,
728 2680 808 2719 quia
831 2680 865 2708 in
875 2678 971 2718 fiscis
992 2689 1044 2708 re-

300 2726 500 2766 ponebatur.
522 2725 598 2754 Act.
613 2725 634 2754 i.
652 2725 685 2753 in
700 2723 793 2753 verr.
813 2725 843 2753 8.
859 2727 889 2757 9.
902 2722 981 2762 fisci
993 2723 1043 2752 Si-

299 2770 466 2799 cilienses.
499 2768 544 2798 cf.
560 2769 652 2798 Verr.
677 2768 724 2797 iii.
746 2771 798 2801 79.
830 2766 902 2796 *ad
925 2767 965 2806 Q.
990 2765 1042 2796 Fr.

297 2814 346 2844 iii.
366 2816 416 2844 14.
448 2812 588 2854 deflsco.
628 2811 803 2843 Manutius
821 2809 985 2850 intelligit
1001 2811 1042 2842 de

300 2867 428 2888 aerario.

834 50 979 80 INDEX
1010 48 1308 81 LA‘riNrrA'rm.

1128 138 1276 170 Fissum.
1300 140 1378 170 Div.
1395 138 1429 169 ii.
1450 141 1500 170 13.
1519 138 1641 179 fissum
1657 131 1828 171 familiare

1084 186 1120 212 et
1145 183 1256 213 vitale.
1287 182 1366 213 ibid.
1390 182 1411 213 i.
1440 186 1489 213 10.
1512 183 1636 223 fissum
1662 184 1696 214 in
1724 184 1821 214 extis.

1086 225 1163 256 Nat.
1193 228 1232 257 D.
1257 227 1302 256 iii.
1328 227 1358 256 6.
1377 226 1502 266 fissum
1518 227 1652 266 jecoris.
1684 227 1760 257 Div.
1785 222 1821 258 ii.

1087 271 1135 299 1⁶2.
1169 269 1386 310 quodfissum
1403 270 1605 309 periculum,
1622 270 1711 310 quod
1727 276 1818 301 co'm—

1085 312 1221 343 modum
1252 313 1387 352 aliquod
1415 313 1617 344 ostenderet.
1659 314 1734 344 Fuit
1760 324 1819 344 au·

1084 363 1154 386 tem
1171 357 1294 397 fissum
1322 356 1410 387 linea
1436 358 1646 396 imaginaria,
1669 363 1747 388 exta
1772 357 1821 387 bi-

1085 401 1210 440 partito
1233 399 1397 438 dividens,
1414 405 1452 431 ut
1474 401 1580 431 altera
1603 411 1677 441 pars
1701 401 1743 430 ad
1759 400 1820 430 ho·

1084 448 1165 480 stes,
1197 444 1303 474 altera
1332 444 1373 474 ad
1403 444 1648 475 sacrificantem
1679 445 1819 483 ejusque

1086 488 1222 525 amicos,
1247 488 1398 526 domum,
1427 489 1629 528 pertineret:
1655 488 1744 518 unde
1772 487 1820 517 fa-

1086 530 1357 571 miliarefissnm,
1376 542 1448 571 pars
1468 531 1641 561 familiaris
1665 535 1818 561 extorum

1085 575 1220 605 dicitur.
1237 586 1265 605 V.
1283 576 1431 606 Turueb.
1448 576 1530 605 Adv.
1547 576 1589 606 iv.
1611 578 1657 605 13.
1685 575 1820 606 Delrius

1083 618 1125 648 ad
1148 620 1264 649 Sencc.
1287 619 1400 658 OEdip.
1423 630 1456 659 p.
1480 620 1554 650 363.
1579 629 1627 658 sq.
1646 619 1714 655 ubi,
1731 618 1820 657 quod

1071 662 1195 701 fissum
1222 662 1388 699 Ciceroni,
1405 663 1539 693 Senecae
1563 662 1659 692 limes
1683 662 1818 692 dieitur.

1084 703 1146 736 Illa
1170 706 1258 736 linea
1281 710 1394 736 autem
1419 706 1556 737 ducitur
1580 707 1620 737 ab
1643 716 1694 744 ea,
1719 715 1820 745 quam

1084 749 1189 780 Graeci
1221 749 1324 782 vniam
1353 755 1486 788 vocant,
1517 750 1574 780 ubi
1604 749 1669 779 lobi
1695 749 1819 788 jecoris

1083 793 1283 823 finduntur:
1325 794 1412 832 quod
1447 797 1498 823 est
1533 794 1664 833 proprie
1683 794 1821 834 fissam.

1081 837 1146 867 vid.
1165 837 1304 867 Salmas.
1321 838 1362 867 ad
1377 837 1480 868 Solin.
1497 847 1572 877 pag.
1589 840 1641 871 91.
1659 846 1688 867 a.

1128 880 1275 918 Fistula,
1291 881 1415 911 canalis
1429 880 1605 921 plumbeus
1622 880 1672 910 vel
1688 881 1820 920 ligneus

1083 923 1125 954 ad
1153 934 1274 964 aquam
1311 924 1539 955 deducendam
1580 924 1702 963 aliquo.
1738 924 1822 955 Rab.

1084 968 1179 998 Perd.
1215 971 1263 998 11.
1290 968 1430 1008 fistulas
1462 968 1597 1008 praecidi
1628 968 1819 1008 imperarat.

1084 1015 1103 1033 ’ἓ
1116 1011 1274 1052 explosio.
1299 1012 1367 1042 Att.
1385 1012 1405 1041 i.
1422 1013 1470 1042 16.
1495 1018 1529 1042 et
1543 1011 1628 1042 ludis
1644 1019 1677 1042 et
1694 1011 1822 1052 gladia-

1083 1056 1211 1086 toribus
1230 1057 1390 1086 maximas
1409 1054 1604 1095 ἰσησνιμασίαις
1621 1056 1692 1085 sine
1710 1060 1820 1096 pasto-

1084 1100 1296 1139 ritiafistula
1320 1099 1565 1130 auferebamus.
1590 1110 1620 1130 v.
1642 1099 1781 1130 Salmas.
1799 1099 1820 1130 l.

1085 1154 1114 1174 c.
1131 1154 1164 1184 p.
1186 1144 1257 1175 156.

1129 1187 1324 1218 Fistulator.
1351 1188 1409 1218 Or.
1432 1186 1478 1218 iii.
1502 1189 1554 1218 61.
1583 1187 1640 1218 sed
1650 1187 1822 1227 fistulato-

1084 1241 1154 1261 rem
1171 1231 1261 1261 domi
1279 1231 1475 1270 relinquetis
1493 1232 1552 1261 &c.
1572 1231 1747 1271 fistulator
1770 1237 1822 1261 est

1083 1285 1210 1312 servus,
1229 1275 1284 1314 qui
1314 1275 1426 1305 fistula
1449 1276 1584 1315 subjicit
1609 1275 1745 1306 dommo
1772 1275 1822 1305 di-

1085 1320 1174 1348 centi
1201 1329 1335 1356 sonum,
1365 1329 1430 1358 quo
1458 1319 1611 1359 incipiat,
1636 1323 1670 1349 et
1695 1319 1820 1359 sensim

1086 1363 1347 1393 adscendentem
1372 1373 1392 1392 a
1415 1362 1520 1393 nimia
1537 1362 1753 1393 contentione
1770 1372 1822 1392 re-

1087 1411 1196 1437 vocat.
1259 1406 1462 1446 Hujnsmodi
1500 1417 1593 1437 servo
1631 1406 1821 1437 Gracchum

1089 1461 1186 1480 usum
1205 1451 1307 1480 refert
1325 1451 1439 1481 Cicero
1456 1450 1478 1481 l.
1496 1461 1525 1480 0.

1130 1495 1251 1531 Fame,
1278 1500 1403 1532 certus,
1430 1499 1623 1534 perpetuus.
1656 1492 1757 1525 Tusc.
1789 1504 1821 1524 v.

1091 1539 1140 1568 14.
1166 1538 1424 1578 honunifi.cmn.
1456 1537 1591 1568 Cluent.
1608 1541 1660 1570 45.
1691 1547 1758 1568 non
1776 1538 1824 1568 ita

1073 1582 1192 1622 fisum
1224 1592 1293 1612 esse
1324 1583 1474 1619 deberet,
1503 1587 1543 1612 ut
1579 1580 1720 1612 convelli
1755 1591 1822 1612 non

1084 1626 1213 1656 liceret.
1247 1626 1359 1656 Rabir.
1394 1627 1484 1656 Post.
1517 1630 1547 1660 9,
1585 1624 1648 1656 1100
1687 1630 1824 1656 maneat

1086 1675 1121 1700 et
1136 1671 1254 1710 jimem
1281 1671 1336 1700 sit.
1367 1670 1409 1700 ad
1439 1667 1515 1700 Div.
1542 1669 1606 1700 xiv.
1634 1673 1665 1700 4.
1697 1669 1723 1699 si
1751 1669 1824 1699 haec

1086 1713 1175 1744 mala
1191 1714 1274 1754 fian
1295 1718 1387 1744 sunt.
1418 1717 1436 1735 ³*
1451 1714 1541 1744 Sext.
1570 1716 1600 1744 5.
1618 1713 1700 1753 fixa
1725 1713 1825 1744 vesti-

1088 1758 1155 1797 gia,
1173 1763 1393 1798 opponuntur
1409 1757 1528 1787 leviter
1545 1758 1676 1798 pressis.

1130 1802 1326 1832 Flctbellum.
1353 1800 1460 1831 flacc.
1485 1803 1537 1833 93.
1572 1802 1668 1840 cujus
1692 1800 1822 1840 lingua,

1086 1845 1324 1886 quasiflabello
1341 1845 1527 1883 seditionis,
1545 1846 1662 1875 concio
1679 1848 1730 1874 est
1745 1855 1824 1875 ven-

1087 1888 1196 1919 tilata.

1132 1934 1283 1969 Flam-us,
1301 1932 1358 1972 qui
1382 1943 1478 1963 aures
1501 1932 1603 1963 habet
1627 1942 1764 1972 magnas
1789 1937 1824 1963 et

1086 1974 1275 2016 languidas.
1305 1978 1386 2008 Nat.
1404 1978 1446 2007 D.
1464 1978 1485 2006 i.
1503 1979 1555 2011 99.

1132 2021 1294 2052 Haec-ere.
1325 2021 1365 2060 Ω.
1385 2019 1437 2050 Fr.
1453 2019 1488 2051 ii.
1508 2023 1557 2050 15.
1584 2019 1824 2060 Messalaflac-

1087 2070 1154 2095 eet.-
1179 2064 1249 2095 scil.
1266 2065 1299 2095 in
1318 2065 1481 2105 petitione
1499 2076 1505 2094 ;
1532 2065 1553 2094 1.
1571 2074 1601 2094 e.
1618 2074 1737 2104 parum
1754 2065 1824 2105 spei

1088 2107 1200 2139 habet.

1131 2153 1343 2184 Flaeeescerc.
1369 2153 1465 2183 Brut.
1491 2153 1543 2182 24.
1559 2149 1730 2192 flaccescit
1753 2161 1826 2182 ora-

1087 2197 1147 2227 tio.

1133 2241 1319 2279 FIagMare,
1346 2239 1490 2279 exigere.
1514 2238 1615 2270 Dom.
1641 2240 1694 2270 520.
1717 2237 1827 2279 flagi-

1092 2290 1164 2315 tare
1179 2284 1418 2325 cistophorum.
1810 2310 1813 2313 .

1131 2329 1345 2367 Flagrantia.
1370 2326 1451 2358 Coel.
1470 2327 1522 2358 Qo.
1537 2325 1731 2366 flagrantia
1747 2336 1827 2356 ocu-

1087 2372 1209 2403 lorum.
1239 2373 1374 2412 signnm
1391 2370 1549 2401 libidinis.

1130 2416 1310 2455 Flagrare.
1338 2415 1430 2445 Verr.
1450 2415 1485 2445 ii.
1503 2417 1554 2445 53.
1571 2412 1750 2454 flagrabat
1768 2413 1826 2443 do-

1088 2470 1163 2491 mus
1180 2459 1291 2490 studio
1308 2462 1342 2489 et
1354 2459 1538 2499 cupiditate
1550 2457 1739 2488 huminum.
1757 2458 1778 2487 i.
1795 2467 1824 2487 e.

1088 2504 1189 2545 plena
1211 2512 1284 2534 erat
1309 2503 1516 2539 hominihus,
1533 2502 1566 2532 in
1591 2502 1710 2542 quibus
1739 2504 1827 2532 esset

1087 2548 1236 2578 studium
1267 2551 1302 2577 et
1334 2546 1501 2586 cupiditas
1534 2547 1593 2576 &c.
1639 2546 1692 2576 Sic
1723 2545 1826 2575 etiam

1087 2594 1193 2632 poetis
1224 2591 1351 2621 fervere
1380 2590 1541 2619 dicuntur
1572 2590 1657 2627 loca,
1685 2589 1719 2619 in
1752 2599 1826 2628 quae

1087 2636 1242 2666 homines
1258 2633 1406 2665 studiose
1420 2634 1676 2672 frequentesque
1690 2636 1826 2663 cocunt.

1089 2680 1155 2710 vid.
1186 2679 1372 2709 Burmann.
1404 2677 1444 2707 ad
1475 2677 1585 2707 Valer.
1619 2676 1666 2707 Fl.
1698 2677 1719 2707 i.
1754 2679 1826 2707 121.

1087 2723 1194 2754 Flacc.
1221 2723 1273 2753 28.
1305 2720 1489 2751 multitudo
1503 2720 1665 2760 flagrans
1688 2721 1722 2750 in
1747 2730 1828 2750 con·

1087 2767 1260 2797 cionibus:
1279 2766 1300 2796 i.
1317 2776 1346 2796 e.
1363 2765 1545 2795 seditiones
1563 2774 1708 2795 movens.
1732 2764 1831 2795 Verr.

1087 2811 1130 2842 iv.
1157 2812 1209 2841 3⁶3.
1248 2809 1412 2846 convivia,
1439 2818 1512 2847 quie
1540 2808 1732 2840 domesticis
1755 2814 1827 2839 stu-

1085 2855 1153 2896 pris
1171 2852 1552 2894 flagitiisqueflagranc.
