1985 3206
707 111 852 140 1NDEx
883 109 1179 138 LAT1N1TATIS.

236 201 531 232 contractiuncula.
555 200 657 231 Tusc.
675 199 721 229 iii.
737 201 788 230 34.
816 198 913 237 aegri-

186 245 268 275 tudo
284 246 414 275 sublata
432 246 495 274 erit
519 253 678 274 maerens:
710 252 838 272 morsus
862 246 912 272 ta-

187 298 262 317 nnen
279 294 314 318 et
329 289 612 318 contractiunculoe
631 286 783 326 quaedam
807 285 911 316 animi

186 332 431 370 relinquentur.

233 376 433 411 Contractus,
461 383 592 413 parvus,
619 374 785 409 infirmus,
813 372 910 402 dimi-

183 423 296 448 nutus.
328 419 408 448 Coel.
426 421 477 447 31.
508 428 580 456 qua:
598 417 707 447 studia
724 418 757 446 in
774 416 823 446 his
835 415 908 453 jam

183 463 336 491 aetatibus
369 462 489 491 nostris
519 462 732 492 contractiora
760 468 830 489 esse
854 459 910 488 de-

183 504 274 534 bent.
304 505 345 534 ad
362 506 436 535 Div.
453 505 507 533 vii.
524 507 576 535 31.
609 510 744 545 propter
767 513 817 533 res
833 508 908 532 tuas

183 549 229 577 ita
245 555 447 585 contractas,
464 554 503 577 ut
527 558 586 577 nec
603 553 703 586 caput
721 557 781 576 nec
798 546 907 586 pedes.

182 592 327 621 *brevis
365 593 460 622 Brut.
485 595 537 622 31.
573 593 767 621 contractior
789 590 906 619 oratio.

181 638 401 674 ¹*susceptus‚
426 635 541 671 initus,
563 635 601 664 dc
627 635 781 672 negotiis,
805 634 908 673 inpri-

180 679 242 708 mis
268 679 478 718 pecuniariis.
508 678 580 708 Att.
607 678 661 707 vii.
689 682 718 711 ῖ.
753 677 833 716 quid
863 678 907 706 sit

177 723 356 761 optimum,
376 721 461 751 male
484 724 653 752 contractis
679 722 786 757 rebus,
807 721 905 760 plane

180 765 286 795 video.
315 765 396 795 Sull.
411 768 464 795 ⁴20.
492 767 618 795 ratione
635 774 756 803 magna
775 766 833 805 (sc.
850 774 906 803 pe-

178 810 339 846 cuniaria)
377 814 541 839 contracta
578 819 654 838 cum
693 808 904 837 Mauritaniae

179 862 266 891 rege.
306 853 370 883 Off.
399 853 421 883 i.
456 856 485 882 5.
517 862 626 882 rerum
662 856 904 881 contractarum

180 896 270 925 tides.
304 897 413 926 Rabir.
442 896 529 926 Post.
556 901 586 930 9.
618 896 678 925 hoc
704 895 808 924 semel
833 904 904 924 sus-

178 946 274 979 cepto
304 946 402 978 atque
432 944 603 970 contracto.
644 939 754 977 ¹¹“Leg.
786 939 818 968 ii.
851 939 903 968 ⁶22.

177 993 316 1021 quzeque
347 984 381 1012 in
409 993 508 1023 porca
532 987 699 1012 contracta
724 983 803 1020 jura
825 983 902 1011 sint.

177 1026 280 1055 Porea
303 1031 467 1056 contracta
491 1037 561 1056 esse
584 1027 720 1063 dicitur,
741 1035 818 1055 cum
843 1025 902 1054 ali-

175 1069 257 1108 quid
284 1070 521 1107 committitur,
546 1069 634 1108 quod
662 1079 760 1109 porca
783 1070 902 1098 immo-

175 1112 275 1142 landa
294 1113 495 1153 expiandum
519 1120 582 1151 est,
599 1123 672 1152 quae
697 1113 903 1152 praecidanea

174 1156 307 1186 dicitur.
353 1157 507 1187 Davisius
524 1157 637 1187 laudat
654 1156 739 1186 Gell.
756 1157 797 1186 iv.
814 1158 844 1186 6.
861 1155 903 1185 ad

175 1209 206 1238 q.
226 1200 245 1230 l.
267 1210 295 1229 v.
320 1199 401 1230 Intt.
448 1200 536 1230 Nam
559 1201 707 1230 contrahi
731 1200 902 1235 dicuntur,

173 1252 247 1281 quae
264 1243 357 1273 nobis
374 1243 473 1283 culpa
487 1250 600 1274 nostra
615 1249 649 1274 et
664 1247 800 1283 peccato
818 1244 902 1273 acci-

173 1287 259 1317 dunt
275 1292 309 1316 et
326 1287 543 1327 perpetienda
558 1292 646 1318 suut.
673 1298 700 1316 v.
718 1291 752 1316 et
767 1287 808 1317 ad
823 1287 900 1318 Div.

173 1340 202 1359 x.
224 1332 272 1360 18.
297 1340 364 1360 non
380 1331 447 1360 suis
463 1333 646 1368 contractis,
660 1332 680 1361 i.
699 1342 727 1361 e.
744 1331 900 1371 peccatis.

222 1374 426 1411 Gmtralzere,
458 1375 497 1404 de
534 1375 587 1412 iis,
619 1375 672 1414 qui
705 1375 900 1404 societatem

172 1417 207 1447 in
239 1418 373 1456 negotio
405 1417 516 1457 aliquo
546 1419 738 1458 pecuniario
770 1419 900 1448 ineunt.

171 1461 288 1500 Quint.
311 1464 358 1491 11.
383 1462 438 1500 qui
457 1472 534 1491 cum
548 1463 757 1492 contrat-isset
776 1462 832 1496 (sc.
849 1471 901 1491 so-

171 1506 343 1542 cietatem)
369 1505 469 1535 Tusc.
494 1516 524 1536 v.
547 1507 599 1536 36.
631 1507 686 1544 qui
712 1500 794 1535 nihil
821 1515 898 1535 cum

170 1548 293 1587 populo
322 1550 528 1586 contrahunt,
555 1549 575 1578 i.
605 1560 633 1579 e.
666 1549 749 1579 nihil
779 1556 898 1587 agunt,

172 1600 237 1620 non
255 1599 376 1630 petunt
392 1602 437 1622 sc.
454 1592 605 1623 honores.
627 1596 645 1614 ὓ
658 1594 774 1632 Quint.
793 1595 823 1622 ²2.
847 1602 897 1622 res

168 1635 451 1672 quemadmodum
476 1641 568 1675 gesta
597 1642 630 1666 et
653 1640 818 1666 contracta
842 1637 898 1673 sit,

169 1678 288 1708 videte.
307 1689 335 1707 V.
351 1680 385 1708 in
402 1684 586 1710 contractus
602 1690 634 1709 n.
651 1684 681 1710 3.
713 1683 731 1698 ²*
745 1680 898 1710 Contrahi

169 1722 268 1752 verba
290 1721 462 1760 dicuntur,
484 1733 561 1753 cum
586 1724 619 1753 in
643 1723 897 1763 pronunciando

168 1764 291 1794 ultima
313 1765 435 1796 vocalis
458 1766 555 1797 litera
577 1767 712 1797 alterius
734 1767 822 1796 verbi
839 1767 897 1796 eli-

168 1808 270 1845 ditur,
286 1813 472 1848 propterea,
490 1810 577 1850 quod
602 1820 740 1849 sequens
758 1811 894 1840 verbum

168 1861 188 1880 a
213 1852 315 1881 vocali
347 1853 476 1892 incipit.
510 1855 565 1884 Or.
591 1857 644 1885 45.
680 1855 895 1890 ²’‘continet-e,

166 1897 348 1944 opponitur
378 1898 419 1936 τῷ
450 1898 619 1937 dissipare.
653 1897 733 1927 Lael.
758 1901 787 1931 7,
821 1907 895 1936 quae

165 1948 199 1968 1n
220 1949 331 1969 rerum
356 1948 488 1978 natura,
506 1947 644 1979 totoque
668 1941 794 1971 mundo
818 1951 896 1971 cun-

166 1987 307 2020 starent,
324 1993 363 2012 ea
378 1986 568 2015 contrahere
588 1986 784 2021 amicitiam,
803 1985 896 2015 dissi-

166 2035 244 2064 pare
269 2026 479 2057 discordiam.
512 2032 530 2049 ⁷*
545 2029 744 2065 diminuere,
763 2029 896 2068 frange-

166 2078 211 2098 re.
244 2069 356 2099 Divin.
377 2071 410 2100 ii.
436 2075 486 2102 58.
517 2074 663 2102 contrahi
686 2078 800 2101 autem
823 2073 894 2102 ani-

168 2121 261 2161 mum
286 2113 390 2147 Zeno,
408 2120 441 2143 et
466 2117 558 2154 quasi
583 2116 648 2145 labi
671 2121 769 2155 putat
793 2123 893 2155 atque

166 2155 352 2192 concidere,
377 2164 410 2187 et
435 2158 468 2188 id
499 2159 608 2199 ipsum
639 2169 709 2189 esse
739 2159 894 2189 dormire.

163 2198 228 2238 Qu.
248 2199 297 2228 Fr.
315 2200 335 2229 i.
358 2203 382 2229 1.
401 2211 427 2231 c.
450 2204 474 2231 1.
499 2208 533 2232 te
556 2212 647 2241 rogo,
665 2213 706 2232 nc
721 2204 894 2233 contrahas

164 2248 223 2272 aut
241 2242 396 2273 demittas
419 2246 582 2276 animum.
609 2246 702 2276 offic.
720 2246 740 2275 i.
759 2249 810 2280 29.
836 2256 894 2286 ap-

163 2286 289 2324 petitus
304 2290 533 2319 contrahendos
549 2289 787 2328 sedandosque.

210 2328 385 2360 Qntrarz'e.
418 2333 475 2363 Or.
500 2334 519 2363 i.
544 2337 596 2365 31.
628 2336 790 2363 eontrarie
812 2333 893 2362 scri-

162 2376 270 2411 ptum,
302 2381 353 2404 est
389 2376 423 2405 in
455 2387 518 2415 quo
550 2378 772 2417 repugnantia
802 2382 893 2407 sunt.

161 2422 196 2446 at
214 2416 302 2446 Part.
320 2421 372 2448 31.
400 2426 450 2449 est
468 2420 557 2449 :iliud
574 2421 612 2450 de
630 2421 745 2449 eadem
764 2430 797 2450 re
813 2421 893 2449 seri-

160 2465 270 2508 ptum.
302 2461 359 2491 Or.
384 2462 416 2492 ii.
435 2463 487 2493 65.
518 2464 616 2494 verba
638 2463 744 2493 relata
763 2469 890 2493 contra-

158 2513 206 2532 rze
222 2507 273 2532 est
296 2514 400 2543 genus
426 2506 569 2545 ridiculi,
587 2517 663 2536 curn
687 2508 731 2544 ei,
751 2508 805 2546 qui
831 2516 890 2537 nos

162 2545 308 2584 lacessit,
325 2549 441 2578 eodem
458 2551 555 2581 modo
579 2551 807 2590 respondetur.
836 2561 892 2580 ex-

161 2590 310 2629 emplum
329 2592 393 2621 vid.
411 2593 433 2622 1.
451 2603 479 2623 c.

209 2634 408 2682 {onir-arius.
441 2636 510 2666 [nr.
535 2637 556 2667 i.
580 2638 632 2667 28.
668 2637 890 2675 (brumham,

161 2676 323 2725 quidsit?
348 2679 448 2709 Tusc.
466 2681 499 2710 ii.
516 2683 546 2711 3.
571 2681 607 2710 in
622 2682 804 2712 contrarias
817 2691 892 2721 par-

158 2723 208 2749 tes
225 2719 397 2760 disserere,
415 2728 464 2753 est
488 2725 523 2754 in
548 2732 724 2763 utramque
748 2729 891 2765 partem.

160 2763 250 2813 Part.
268 2767 320 2795 31.
350 2769 516 2797 contraria
539 2769 666 2809 scripta
682 2768 745 2798 vid.
762 2769 796 2798 in
821 2778 891 2797 con-

158 2811 276 2837 trane.

209 2850 424 2884 Contrectare.
444 2853 544 2884 Tusc.
560 2855 606 2885 iii.
622 2858 670 2885 15.
693 2858 803 2885 mente
821 2865 892 2885 con-

158 2897 300 2925 trectare
329 2896 529 2939 voluptates.
566 2900 661 2929 Orat.
692 2899 738 2929 iii.
772 2900 803 2929 6.
835 2907 893 2939 op-

1613 96 1693 133 245

959 198 1062 238 pressi
1078 205 1193 227 sumus
1217 190 1591 235 opinionibus—leviter
1613 203 1689 222 eru-

957 242 1103 271 ditorum
1121 240 1309 275 hominum,
1327 239 1395 277 qui,
1412 246 1486 276 quae
1506 236 1687 276 complecti

953 291 1026 315 tota
1050 288 1233 322 nequeunt,
1253 282 1322 312 haec
1346 281 1475 310 facilius
1500 279 1628 309 divulsa
1650 284 1685 308 et

955 330 1046 368 quasi
1066 328 1233 367 discerpta
1247 329 1453 356 contrectant.

1003 373 1218 402 contribuere.
1247 370 1318 399 Att.
1340 369 1402 398 xiv.
1419 371 1470 401 39.
1501 373 1681 405 quaestores

954 416 1043 445 urbis
1060 414 1101 444 ad
1116 424 1188 444 eain
1214 423 1283 442 rem
1308 412 1485 451 pecuniam
1503 411 1593 447 dare,
1610 419 1682 440 con—

954 459 1106 494 tribuere,
1123 458 1247 487 solvere
1257 456 1412 495 jubeant.

1002 502 1171 533 Gonu-itus.
1201 500 1258 529 Or.
1277 500 1298 529 i.
1315 502 1366 529 31.
1398 502 1568 538 praecepta
1590 505 1679 526 com-

954 546 1070 575 munia
1085 549 1118 575 et
1133 545 1282 574 contrita.
1306 542 1348 571 cf.
1364 542 1405 571 ad
1426 541 1494 571 Att.
1512 540 1567 569 xii.
1583 541 1634 573 ⁶27.

1002 588 1254 620 Contubmzalis.
1287 585 1396 625 Ligar.
1429 588 1459 618 7.
1491 584 1581 613 domi
1613 593 1681 612 una

952 633 1087 669 eruditi,
1103 631 1342 662 contubernales
1359 629 1499 665 militiae,
1517 631 1607 663 sunt,
1624 628 1678 665 qui

951 676 1051 706 simul
1067 675 1233 716 stipendia
1247 674 1389 708 faciunt,
1405 677 1440 702 et
1460 673 1493 701 in
1511 671 1626 700 castris
1644 671 1678 700 in

951 720 1067 749 eodem
1084 719 1231 749 tentorio
1251 717 1311 746 sub
1335 716 1449 745 eodem
1474 715 1599 744 decano
1623 714 1680 743 de-

951 767 1046 803 gunt.
1079 774 1108 793 v.
1124 763 1240 801 Veget.
1257 761 1290 790 ii.
1310 763 1360 790 13.
1390 759 1503 789 Plane.
1522 761 1570 787 ll.
1605 757 1680 787 Fuit

951 808 984 837 in
1004 808 1104 837 Creta
1120 812 1236 846 postea
1250 804 1488 834 contubernalis
1504 801 1677 831 Saturnini

950 851 1125 890 propinqui
1150 849 1213 885 sui,
1231 848 1323 878 miles
1348 847 1445 885 hujus
1469 846 1508 885 Ω.
1533 845 1676 876 Metelli.

950 894 992 924 cf.
1009 894 1090 924 Sull.
1113 897 1161 923 15.
1188 895 1206 912 ²¹*
1218 892 1461 931 Imperatorum
1478 894 1591 918 autem
1607 898 1678 918 con-

949 939 1143 973 tahernoles,
1170 940 1249 966 sunt
1278 934 1505 964 adolescentes
1537 931 1678 969 nobiles,

951 982 1006 1020 qui
1033 982 1067 1011 in
1094 981 1228 1010 cohorte
1256 978 1415 1008 Praetoria
1439 976 1600 1013 militant,
1626 981 1676 1012 ut,

949 1026 1106 1063 quoniam
1123 1034 1162 1053 ea
1178 1030 1227 1053 est
1244 1023 1332 1052 cirea
1352 1022 1599 1061 imperatorem,
1614 1020 1676 1049 sub

948 1070 1018 1106 ejus
1035 1068 1138 1098 oculis
1154 1068 1235 1103 sint,
1250 1076 1325 1096 cum
1343 1075 1381 1094 eo
1398 1074 1481 1101 esse,
1494 1064 1534 1093 ab
1551 1073 1589 1092 eo
1601 1072 1677 1092 eru-

947 1112 1009 1141 diri
1027 1113 1059 1141 in
1078 1122 1112 1141 re
1130 1110 1264 1141 militari
1286 1109 1426 1149 possint,
1444 1109 1514 1146 ejus
1529 1106 1675 1136 consiliis

946 1156 1114 1186 intersint.
1147 1154 1226 1185 (Joel.
1251 1157 1302 1184 30.
1332 1162 1409 1182 cum
1433 1157 1548 1181 autem
1581 1149 1676 1190 paul-

948 1198 1018 1228 lum
1043 1199 1164 1229 roboris
1189 1198 1382 1228 accessisset
1405 1196 1511 1231 aetati,
1531 1195 1566 1224 in
1589 1193 1676 1223 Afri-

947 1253 1021 1272 cam
1038 1243 1204 1282 profectus
1227 1245 1290 1278 est,
1306 1241 1346 1280 Q.
1365 1239 1522 1278 Pompeio
1537 1246 1678 1278 procon-

947 1286 1010 1316 suli
1025 1287 1269 1317 contubernali&
1301 1284 1319 1302 *
1332 1283 1381 1313 Ab
1405 1283 1455 1312 his
1475 1282 1603 1311 duobus
1620 1290 1677 1320 ge-

948 1330 1080 1360 neribus
1112 1330 1184 1359 aliae
1217 1327 1347 1359 dicendi
1378 1327 1522 1356 rationes
1553 1324 1676 1355 ductae.

946 1373 1000 1403 Sic
1022 1374 1116 1404 Brut.
1133 1376 1185 1407 ⁶27.
1215 1373 1254 1403 L.
1271 1370 1397 1402 Gellius
1421 1369 1580 1399 Carbonis
1603 1377 1677 1398 con-

945 1418 1126 1447 tubernalis
1153 1418 1187 1446 in
1217 1414 1407 1450 consulatu,
1435 1413 1571 1450 dicitur,
1598 1412 1677 1450 quia

946 1471 1023 1491 eum
1047 1465 1193 1490 sectatus
1221 1464 1274 1489 est
1303 1459 1338 1488 in
1369 1456 1559 1492 consulatu,
1584 1464 1676 1485 more

946 1505 1210 1541 adolescentum,
1227 1504 1281 1542 qui
1303 1512 1337 1532 se
1360 1501 1402 1532 ad
1425 1500 1592 1538 insignem
1616 1498 1676 1528 ali-

946 1558 1045 1587 quem
1062 1549 1169 1578 virum
1186 1546 1411 1587 applicabant,
1430 1549 1468 1573 ut
1483 1544 1523 1572 ab
1547 1552 1586 1572 eo
1610 1542 1676 1572 dis-

946 1598 1073 1629 cerent,
1090 1593 1161 1631 ejus
1177 1590 1324 1621 consiliis
1345 1589 1384 1618 de
1410 1598 1443 1617 re
1467 1585 1601 1626 publica
1623 1586 1675 1615 in-

944 1640 1119 1665 teressent.
1160 1635 1201 1665 cf.
1223 1633 1306 1664 Sull.
1334 1634 1383 1663 12.
1422 1631 1493 1660 Att.
1520 1630 1590 1659 xiii.
1622 1631 1674 1659 28.

949 1678 1191 1709 Contubernalis
1226 1676 1359 1717 Quirini
1391 1674 1514 1705 dicitur
1551 1673 1675 1709 Caesar,

944 1732 1043 1760 quem
1061 1723 1116 1752 xii.
1134 1725 1187 1753 45.
1206 1719 1316 1751 σύννοιαν
1331 1719 1402 1758 ejus
1413 1723 1522 1753 vocat,
1542 1717 1585 1757 (v.
1602 1715 1674 1745 Ind.

944 1766 999 1795 Gr.
1024 1767 1059 1795 in
1082 1763 1206 1803 σύνναος)
1237 1765 1304 1801 cui,
1328 1767 1368 1793 ut
1390 1760 1547 1797 Romulo,
1571 1759 1676 1789 divini

943 1809 1084 1839 honores
1107 1808 1351 1839 tribuebantur.
1388 1805 1495 1835 Flacc.
1524 1806 1572 1837 17.
1604 1813 1676 1832 con-

943 1855 1124 1883 tubernales
1162 1851 1271 1888 Laelii,
1300 1853 1409 1886 vocat,
1446 1857 1526 1887 quos
1562 1846 1676 1886 paullo

943 1901 1018 1936 post
1033 1897 1177 1936 hospites
1194 1895 1286 1925 dicit.
1311 1894 1370 1923 ἂρ.

991 1940 1250 1971 contubernium.
1281 1937 1394 1967 Plane.
1421 1938 1469 1965 11.
1499 1937 1539 1964 ut
1561 1937 1675 1963 contu-

942 1985 1044 2014 bernii
1061 1981 1284 2019 necessitudo,
1301 1986 1336 2010 et
1352 1977 1592 2010 adolescentuli
1610 1986 1674 2016 pu-

941 2028 1000 2057 dor
1023 2027 1225 2067 postulabat.
1244 2035 1274 2054 v.
1304 2022 1556 2055 Contubernalis.
1582 2029 1615 2050 n.
1638 2021 1671 2050 2.

942 2079 977 2101 et
1000 2071 1083 2101 Intt.
1108 2071 1149 2100 ad
1172 2071 1310 2100 Sueton.
1328 2067 1412 2097 Caes.
1430 2068 1460 2097 2.
1487 2065 1624 2104 Vespas.
1641 2066 1674 2093 3.

942 2114 1009 2145 *de
1027 2116 1095 2144 vita
1110 2113 1281 2153 impudica
1297 2111 1398 2141 maris
1415 2114 1450 2139 et
1465 2108 1600 2138 femmae
1618 2116 1673 2136 ex-

939 2166 994 2188 tra
1016 2158 1221 2197 conjug-ium.
1251 2155 1345 2184 Verr.
1369 2163 1400 2183 V.
1423 2156 1476 2183 40.
1507 2152 1565 2181 ubi
1589 2149 1674 2182 illud

938 2202 1183 2232 contubernium
1200 2198 1373 2229 muliebris
1397 2196 1530 2226 militiae
1554 2195 1589 2224 in
1613 2193 1671 2225 illo

940 2245 1176 2276 delicatissimo
1192 2244 1300 2273 litore.

988 2289 1208 2319 Contumacia.
1233 2286 1334 2317 Tusc.
1350 2285 1372 2313 i.
1389 2286 1442 2314 30.
1466 2281 1672 2312 contumacia

941 2333 1058 2370 libera,
1075 2332 1115 2362 de
1132 2332 1280 2361 Socrate.

988 2376 1199 2407 Contumelia.
1222 2371 1422 2403 convicium.
1447 2368 1530 2399 Sull.
1548 2371 1579 2401 7.
1599 2376 1671 2396 con-

940 2421 1112 2450 tumeliam
1137 2419 1262 2456 jacere.
1300 2416 1496 2453 *stuprum
1526 2411 1672 2449 Harusp.

938 2463 976 2494 R.
1009 2465 1062 2494 20.
1095 2461 1309 2492 contumelias
1340 2458 1523 2498 piratarum
1555 2463 1671 2494 passus

937 2511 998 2537 est.

985 2549 1158 2580 Cantando.
1194 2548 1226 2576 vi
1257 2545 1388 2583 frango.
1425 2543 1497 2572 Art.
1529 2542 1585 2571 xii.
1616 2542 1671 2571 44.

937 2594 1066 2624 contadi
1083 2592 1234 2621 animum
1252 2596 1286 2618 et
1301 2588 1439 2618 fortasse
1456 2586 1531 2615 vici.

986 2637 1195 2667 Conturbare.
1230 2633 1426 2670 decoquere,
1451 2638 1495 2659 aes
1520 2627 1670 2659 alienum

939 2679 1146 2710 contrahere.
1176 2677 1289 2708 Plane.
1314 2678 1366 2705 ⁶23.
1401 2674 1452 2703 fac
1477 2681 1530 2702 me
1555 2670 1672 2700 multis

938 2725 1070 2760 debere,
1087 2723 1171 2752 etin
1195 2722 1244 2750 his
1270 2718 1415 2749 Plancio.
1461 2715 1585 2745 Utrum
1610 2713 1672 2752 igi-

937 2773 993 2797 tur
1016 2776 1069 2796 me
1092 2766 1284 2795 conturbare
1310 2763 1443 2801 oportet
1469 2760 1546 2799 (int.
1570 2757 1672 2786 ratio·

938 2810 1009 2849 nes)
1028 2810 1069 2850 Ω.
1088 2809 1137 2838 Fr.
1155 2809 1189 2838 ii.
1210 2809 1257 2837 12.
1274 2805 1358 2835 nihil
1378 2812 1461 2839 esse,
1477 2800 1564 2840 quod
1582 2804 1671 2840 post-

938 2855 1000 2885 hac
1017 2862 1101 2884 arcae
1120 2857 1241 2882 nostrae
1258 2848 1382 2880 fiducia
1392 2846 1608 2878 conturbaret.
1625 2841 1667 2872 cf.

940 2898 981 2928 ad
998 2897 1069 2927 Att.
1086 2896 1127 2925 iv.
1146 2898 1177 2928 7.

990 2945 1012 2971 R
1029 2943 1048 2972 3
