1920 3196
214 109 297 148 466
767 118 910 148 iNDEx
943 121 1239 152 LAriNrrATis.

224 209 338 237 timor.
370 216 398 236 v.
423 204 561 244 tumor.)
599 205 716 246 Itaque
741 210 882 248 majores
907 218 966 238 no-

225 250 286 281 stri
311 252 492 280 tumultum
519 250 688 289 Italicum,
705 252 793 291 quod
815 257 888 282 erat
911 252 968 282 do·

227 296 407 331 mesticus3
445 295 622 331 Gallicum,
646 295 735 334 quod
765 300 838 325 erat
861 295 970 326 ltaliae

227 339 406 375 finitimus,
435 342 596 378 praeterca
626 338 758 368 nullum
786 341 969 369 tumultum

230 380 461 412 nominabant.
522 381 662 412 Gravius
700 387 815 412 autem
845 384 969 413 tumul-

229 429 303 456 tum
334 435 403 455 esse
431 434 531 464 quarn
557 424 696 462 bellum,
720 425 797 455 binc
825 426 969 465 intelligi

230 468 325 506 licet,
341 468 429 508 quod
454 468 539 498 bello
563 470 753 499 vacationes
778 469 903 507 valent,
919 475 970 500 tu-

232 514 342 542 multu
360 521 425 542 non
443 511 566 542 valent.
596 512 680 543 Phil.
697 522 727 542 v.
748 515 797 547 19.
826 514 970 543 vacatio-

232 565 309 586 nem
326 555 455 585 militiae
471 556 563 595 ipsis,
577 555 752 595 liberisque
768 566 883 587 eorum
900 566 970 586 esse

230 599 380 639 placere:
406 602 499 629 extra
515 601 697 630 tumultum
720 599 884 630 Gallicum
903 599 971 630 Ita-

229 641 411 681 licnmque.
435 642 618 673 Rosc.Am.
633 644 663 673 6.
686 645 850 674 tumultus
861 644 970 683 proxi-

231 696 320 723 mus,
347 686 471 716 dicitur
502 686 625 716 bellum
657 686 753 716 civile
782 686 970 717 Sullanum.

230 730 269 759 ln
294 729 381 760 bello
406 734 517 760 autem
544 730 661 760 Italico
677 730 843 760 Gallicove
860 731 971 760 subito

229 774 315 803 edici
338 773 465 804 solebat
487 775 659 810 tumultus,
676 774 764 813 quod
786 780 859 804 erat
881 783 971 804 sum-

233 818 279 847 mi
304 816 441 857 periculi
458 821 492 847 et
514 817 686 847 celerrime
711 817 897 857 depellendi
921 818 971 848 in-

231 861 371 898 dicium,
396 865 431 890 et
453 861 538 890 hane
562 861 704 891 habebat
726 862 807 899 vim,
830 866 869 891 ut
893 871 972 900 saga

231 908 458 942 sumerentur,
472 904 645 942 justitium
671 908 770 941 esset,
787 906 857 935 sine
882 904 970 935 dele—

232 952 291 978 ctu
315 949 439 978 milites
464 949 583 978 fierent
611 948 795 985 interdum,
818 952 852 978 et
877 958 972 978 vaca·

230 992 340 1022 tiones
358 992 458 1022 nullae
476 996 598 1022 essent.
622 992 705 1022 Sull.
722 995 771 1022 11.
796 991 877 1022 meis
893 1001 972 1022 con-

228 1035 326 1073 siliis,
357 1035 439 1065 meis
475 1035 780 1073 laboribus‚-—sirne
810 1037 972 1073 tumultu,

230 1080 302 1109 sine
325 1080 464 1117 dilectu,
480 1080 551 1110 sine
575 1080 688 1117 armis,
712 1080 783 1109 sine
807 1079 970 1117 exercitu,

230 1123 378 1162 quinque
395 1123 587 1153 hominibus
604 1123 853 1163 comprehensis
869 1128 970 1162 atque

230 1166 392 1196 confossis
409 1167 468 1196 ἃς.
496 1166 580 1197 Phil.
597 1177 627 1196 v.
646 1169 695 1198 1²2.
718 1168 899 1197 tumultum
915 1167 971 1196 de-

229 1210 335 1247 cerni,
352 1211 526 1249 justitium
553 1210 652 1248 edici,
675 1220 755 1250 saga
784 1211 871 1241 sumi
898 1210 972 1241 dico

229 1259 397 1294 oportere,
415 1253 576 1284 dilectum
599 1254 712 1284 baberi
735 1255 806 1284 sine
827 1255 971 1284 vacatio·

232 1298 331 1328 nibus
348 1298 381 1327 in
400 1298 479 1328 urbe
504 1301 538 1327 et
561 1298 594 1328 in
619 1297 731 1335 Italia,
749 1302 871 1338 praeter
893 1297 970 1328 Gal-

232 1341 326 1380 liam,
341 1345 426 1372 tota.
459 1341 594 1372 Muren.
615 1345 665 1373 10.
691 1341 893 1380 simulatque
921 1342 971 1371 in-

231 1386 363 1425 crepuit
393 1385 538 1426 suspicio
567 1387 741 1424 tumultus,
767 1390 855 1415 artes
881 1384 971 1415 illico

230 1432 352 1459 nostrae
382 1429 452 1469 (np.
479 1429 672 1468 eloquentia
696 1433 730 1459 et
751 1429 837 1468 juris
865 1429 971 1459 scien<

228 1471 290 1511 tia)
315 1473 556 1503 conticescunt.
588 1484 616 1503 ν.
635 1474 725 1504 Serv.
742 1473 785 1503 ad
806 1473 884 1503 AEn.
901 1473 969 1503 viii.

232 1520 260 1547 1.
289 1516 331 1547 cs.
347 1516 512 1547 Budaeum
529 1516 569 1546 ad
586 1517 744 1547 pandect.
762 1527 793 1557 p.
811 1525 856 1546 m.
878 1519 948 1551 194.

277 1559 467 1591 Tmzicatus.
496 1559 575 1600 Agr.
591 1561 624 1591 ii.
642 1563 695 1591 34.
723 1561 779 1599 qui
802 1566 913 1590 metus
937 1570 970 1590 e-

231 1608 283 1634 rat
306 1605 527 1634 tunicatorum
551 1604 704 1635 illorum:
730 1604 762 1635 h.
782 1613 810 1633 e.
832 1603 872 1634 de
896 1604 971 1634 infi-

229 1657 288 1678 ma
317 1647 412 1688 plebe
444 1647 634 1686 hominum,
665 1648 722 1687 qui
754 1647 872 1678 tunica
899 1648 970 1678 sine

228 1695 311 1731 toga
333 1692 539 1730 utebantur3
567 1692 656 1722 unde
680 1693 782 1722 etiam
807 1693 972 1722 tunicatus

229 1735 382 1775 popellus
414 1745 467 1775 ap.
496 1736 688 1767 Horatium.
744 1735 809 1765 Sed
839 1735 879 1765 de
908 1735 970 1766 hac

228 1789 264 1809 re
290 1783 325 1808 et
347 1779 466 1809 tunica
489 1780 522 1809 in
547 1789 668 1819 genere
689 1780 876 1810 necessaria
890 1779 972 1810 tiro-

228 1822 327 1852 nibus
343 1822 466 1853 tradita
481 1828 563 1854 sunt
585 1824 620 1854 in
643 1823 769 1854 Lexico
791 1822 904 1853 Fabri:
937 1828 971 1854 et

229 1866 300 1896 noti
330 1870 410 1896 sunt
439 1866 479 1896 de
516 1877 549 1896 re
579 1867 747 1897 Vestiaria
781 1867 970 1907 scriptores.

227 1910 246 1927 *
257 1909 298 1939 In
315 1911 609 1941 exercitationibus
634 1910 890 1952 campestribus,
906 1912 970 1949 uti,

229 1958 353 1994 praeter
381 1960 582 1994 campestre,
613 1955 715 1985 etiam
744 1954 874 1992 tunica,
902 1965 972 1985 lno-

229 1997 346 2028 destiae
374 1998 509 2037 signum
540 1999 573 2028 in
598 1998 791 2038 juvenibus.
830 1998 909 2029 Coel.
940 2002 971 2030 5.

228 2046 406 2072 uteremur
428 2041 505 2071 ludo
529 2043 707 2082 campestri
735 2043 885 2073 tunicati.
916 2043 971 2073 ubi

229 2094 258 2115 v.
275 2085 382 2116 Graev.

274 2128 436 2166 Tin-bare,
453 2128 578 2159 bellum
596 2139 737 2160 movere.
765 2129 847 2160 Suu.
867 2131 919 2160 530.
944 2131 971 2160 si

227 2172 264 2201 in
289 2172 451 2212 Hispania
473 2174 643 2204 turbatum
667 2179 763 2204 esset.
793 2173 970 2203 *corrum-

228 2226 319 2255 pere.
362 2216 456 2246 Verr.
487 2217 533 2247 iii.
566 2219 619 2251 94.
667 2218 800 2247 turbare
828 2217 970 2256 reliquas

228 2269 315 2299 spes.
354 2259 597 2291 *tumultuarh
635 2260 705 2291 Fin.
733 2262 753 2291 i.
786 2264 834 2292 lO.
869 2261 902 2291 id
930 2271 970 2291 ne

228 2302 307 2333 ferae
324 2303 459 2342 quidem
476 2303 620 2342 faciunt,
635 2311 673 2334 ut
689 2305 738 2334 ita
754 2310 854 2335 ruant
870 2309 970 2344 atque

227 2347 371 2384 turbent,
395 2352 446 2384 ut,
463 2357 579 2378 earum
605 2353 716 2378 motus
741 2353 841 2387 atque
865 2348 970 2388 impe-

225 2394 281 2420 tus
320 2400 384 2429 quo
416 2391 623 2430 pertineant,
652 2401 719 2421 non
749 2391 969 2431 intelligatur.

223 2433 442 2464 *molestiam
467 2435 566 2465 alicui
592 2434 680 2465 maia
701 2435 767 2464 fide
791 2435 970 2466 fallaciter-

224 2485 290 2516 que
308 2477 436 2516 agendo
454 2487 576 2508 creare.
598 2479 639 2519 Ω.
653 2478 704 2509 Fr.
717 2479 764 2508 iii.
782 2482 809 2509 1.
826 2490 854 2509 c.
871 2483 903 2514 7.
928 2489 969 2510 ne

225 2520 305 2559 quid
322 2520 379 2550 ille
396 2522 514 2551 turbet.

268 2562 388 2595 Turbo.
417 2566 508 2595 Sext.
529 2568 576 2595 ll.
609 2565 656 2596 illi
683 2565 748 2596 duo
766 2567 847 2606 reip.
865 2568 969 2597 turbi-

222 2618 287 2638 nes.
326 2608 366 2638 de
390 2608 534 2638 Gabinio
559 2614 593 2639 et
619 2610 750 2639 Pisone.
789 2610 889 2641 Dom.
915 2614 968 2641 53.

220 2656 274 2688 tu,
292 2651 439 2691 procella
456 2653 587 2692 patriae‚
605 2654 698 2684 turbo
721 2663 759 2683 ac
784 2657 967 2694 tempestas

222 2695 313 2735 pacis
329 2699 429 2734 atque
448 2696 522 2726 otii.

268 2738 479 2776 Turbulente‚
497 2739 610 2769 animo
627 2740 833 2779 perturbato.
864 2739 966 2771 Tusc.

219 2781 261 2811 iv.
279 2784 332 2813 98.
356 2783 540 2813 turbulente
556 2782 704 2814 humana
720 2785 800 2824 pati.

266 2826 475 2865 Turgenew,
493 2826 727 2866 perturbatum
750 2837 833 2857 esse.
864 2826 965 2858 Tusc.

214 2869 307 2903 13129.
332 2870 463 2900 animus
481 2870 640 2910 sapientis
659 2879 834 2910 nunquam·
849 2875 965 2909 turge-

213 2914 284 2951 seit,
310 2922 484 2954 nunquam
519 2920 642 2945 tumet.
688 2914 843 2947 Ductum
875 2914 964 2945 vide-

1010 216 1068 242 tur
1083 222 1101 242 e
1118 212 1249 248 Plauto,
1267 209 1355 251 apud
1370 220 1470 250 quem
1485 213 1621 250 turgere
1637 209 1684 241 sic
1699 209 1750 240 di-

1013 257 1112 292 citur,
1127 255 1237 285 Casin.
1255 255 1288 284 ii.
1307 258 1337 284 5.
1358 257 1407 289 17.

1057 299 1239 329 Tui-malis.
1278 298 1336 328 Or.
1360 298 1394 328 ii.
1418 298 1471 328 65.
1501 298 1660 328 turmales
1681 301 1749 327 sta-

1011 346 1091 372 tute.
1141 341 1191 371 lta
1220 342 1328 371 facete
1356 341 1534 372 Africanus
1559 342 1664 380 major
1687 340 1751 370 Co-

1013 385 1158 422 rinthiis,
1182 390 1330 415 statuam
1354 385 1600 424 pollicentibus,
1617 383 1751 414 dicebat

1012 434 1180 467 equestres
1196 432 1337 466 statuas,
1353 428 1441 467 quod
1457 438 1530 458 eam
1548 437 1671 467 ponere
1695 436 1752 456 vo-

1012 472 1139 509 lebant,
1155 471 1211 502 ubi
1228 472 1300 510 jam
1318 472 1432 502 inultae
1448 471 1589 502 aliorum
1606 471 1751 511 impera-

1013 521 1124 545 torum
1141 520 1263 545 essent.

1057 559 1290 598 Turpg'ficatus.
1316 559 1412 590 offic.
1430 558 1477 588 iii.
1493 561 1546 593 29.
1569 557 1752 598 turpificati

1014 603 1118 633 animi
1136 602 1276 633 foeditas.

1058 646 1187 685 Turpis.
1216 646 1370 676 insuavis.
1401 647 1458 676 Or.
1474 648 1527 679 47.
1555 644 1633 684 quid
1651 644 1678 674 si
1701 649 1751 673 et-

1013 691 1079 720 iarn
1102 689 1231 729 abfugit
1252 690 1322 731 (np.
1340 699 1398 729 pro
1421 687 1566 728 aufugit)
1586 693 1681 728 turpe
1704 688 1751 716 vi-

1014 743 1087 763 sum
1106 734 1176 763 est?

1059 776 1186 807 Tutela.
1231 776 1337 806 Flacc.
1369 778 1422 807 34.
1460 777 1563 805 tutela
1588 773 1751 813 legitima.

1013 821 1109 850 Rosc.
1137 821 1232 851 Corn.
1259 821 1289 851 6.
1321 819 1376 850 Or.
1401 820 1423 850 i.
1446 820 1500 850 36.
1532 820 1642 848 tuteloe
1660 818 1753 855 judi-

1013 865 1124 901 cium;
1150 874 1214 903 quo
1238 863 1312 903 quis
1335 868 1525 899 accusatur,
1542 862 1636 901 quasi
1659 867 1751 890 tuto-

1013 908 1056 937 ris
1080 908 1226 938 officium
1250 906 1337 937 male
1362 906 1566 947 praestiterit,
1586 909 1620 935 et
1643 905 1753 944 pupil-

1013 950 1083 981 lum
1105 951 1286 982 fraudarit:
1314 951 1417 980 etiam
1442 950 1520 980 alibi
1544 950 1648 979 tutela
1670 948 1752 978 dici-

1012 998 1082 1031 tur,
1108 999 1147 1025 ut
1177 996 1332 1034 majestas
1361 1004 1421 1035 pro
1452 993 1592 1024 crimine
1619 991 1751 1022 violatae

1011 1039 1140 1069 tutelae.
1164 1049 1194 1069 v.
1210 1049 1238 1069 e.
1255 1038 1320 1069 Off.
1336 1038 1381 1068 iii.
1402 1040 1450 1068 15.

1058 1082 1180 1122 Typus,
1207 1082 1345 1122 effigies,
1372 1087 1411 1111 ut
1442 1080 1587 1121 clypeus.
1626 1079 1698 1109 Att.
1728 1079 1750 1108 i.

1017 1129 1065 1156 10.
1095 1131 1257 1166 praeterea
1278 1130 1365 1165 typos
1380 1125 1440 1155 tibi
1459 1123 1594 1161 mando,
1610 1132 1692 1162 quos
1714 1122 1749 1152 in

1011 1171 1158 1200 tectorio-
1172 1169 1281 1200 atrioli
1297 1170 1420 1209 possim
1436 1167 1616 1204 includere.

1058 1213 1302 1253 Tyrotm-ichus.
1334 1212 1376 1242 ad
1390 1212 1466 1242 Div.
1482 1213 1526 1242 ix.
1547 1211 1594 1241 16.
1621 1209 1691 1241 Azt.
1708 1208 1751 1239 iv.

1013 1259 1044 1294 8,
1061 1258 1121 1287 &c.
1153 1267 1259 1297 genus
1275 1256 1339 1286 cibi
1358 1266 1376 1285 e
1393 1265 1489 1285 caseo
1511 1257 1546 1284 et
1569 1254 1751 1284 salsamen-

1012 1301 1068 1338 tis,
1085 1304 1124 1331 ut
1138 1301 1265 1331 notatio
1288 1299 1377 1330 verbi
1400 1299 1515 1329 docet:
1540 1297 1596 1328 sed
1616 1296 1754 1327 aceede-

1012 1345 1094 1374 bant
1116 1345 1218 1375 etiam
1242 1343 1315 1374 aliae
1339 1352 1403 1381 res,
1421 1347 1459 1373 ut
1481 1342 1615 1382 Apicius
1639 1340 1751 1377 docet,

1012 1388 1102 1428 apud
1128 1398 1227 1428 quem
1254 1393 1304 1417 cst
1331 1387 1414 1417 ratio
1439 1384 1571 1426 patellae
1597 1385 1751 1424 tyrotari-

1012 1433 1078 1462 choe
1108 1431 1338 1467 conficiendae'‚
1364 1431 1404 1460 de
1437 1431 1509 1460 Art.
1540 1429 1680 1467 Coquin.
1707 1428 1749 1457 iv.

1013 1478 1043 1507 2.
1075 1485 1149 1514 quae
1172 1475 1260 1515 apud
1283 1475 1481 1505 Ciceronem<
1501 1473 1616 1513 patina
1630 1475 1751 1512 tyrota-

1012 1520 1094 1549 richi
1110 1519 1244 1550 dicitur.

1363 1644 1403 1681 V.

1058 1736 1194 1768 Vacczre.
1223 1737 1324 1768 Tusc.
1348 1738 1382 1768 ii.
1407 1737 1460 1768 26.
1492 1733 1749 1775 amplitudinem

1013 1782 1314 1812 animi—omnium
1338 1791 1449 1811 rerum
1477 1779 1752 1821 pulcherrimam,

1013 1834 1117 1864 eoque
1141 1825 1380 1865 pulchriorem,
1395 1825 1422 1855 si
1437 1828 1528 1855 vacet
1551 1821 1691 1863 populo:
1717 1820 1751 1850 h.

1013 1878 1042 1899 e.
1062 1874 1100 1899 ut
1117 1875 1192 1909 post
1208 1869 1303 1905 dicit,
1318 1869 1345 1899 si
1360 1870 1432 1899 sine
1449 1866 1573 1909 populo
1591 1871 1678 1895 teste
1701 1874 1753 1894 re·

1013 1919 1066 1942 cte
1089 1912 1181 1950 facit,
1197 1921 1267 1943 non
1289 1913 1352 1943 hoe
1375 1913 1456 1952 agit,
1473 1919 1511 1941 ut
1535 1909 1658 1950 populo
1681 1907 1751 1948 pla-

1013 1962 1099 1986 ceat.

1058 1999 1192 2031 Vacatio
1207 2001 1278 2041 ejus
1295 2004 1358 2037 est,
1375 1999 1432 2038 qui
1456 2008 1475 2029 a
1491 2006 1702 2037 quacumque
1717 2005 1753 2024 re

1013 2043 1156 2074 molesta
1177 2050 1237 2074 aut
1260 2044 1425 2074 laboriosa
1449 2042 1530 2072 liber
1553 2046 1615 2071 est.
1644 2049 1709 2076 res,
1734 2049 1754 2068 a

1013 2097 1079 2126 qua
1108 2089 1180 2127 quis
1211 2087 1294 2118 liber
1316 2095 1380 2125 est,
1403 2086 1558 2126 adjicitur
1581 2083 1754 2114 interilum

1013 2132 1227 2169 nominatim,
1254 2131 1423 2162 interdum
1450 2129 1628 2159 omittitur.
1667 2125 1753 2156 Phil.

1013 2184 1042 2204 ν.
1062 2178 1109 2209 19.
1131 2176 1257 2206 vacatio
1273 2174 1414 2205 militiae.
1441 2173 1580 2204 Font.4.
1604 2169 1752 2212 pretium

1013 2218 1054 2248 ob
1084 2220 1284 2250 vacationem
1317 2219 1448 2255 datum,
1479 2226 1535 2256 np.
1565 2225 1585 2245 a
1614 2222 1754 2257 munere

1013 2262 1073 2292 viae
1097 2263 1238 2302 publicae
1262 2261 1465 2292 muniendae.
1496 2259 1538 2290 ad
1561 2259 1638 2290 Div.
1660 2258 1704 2287 ix.
1721 2257 1753 2287 6.

1013 2315 1086 2344 quae
1113 2307 1225 2337 studia
1251 2314 1448 2345 magnorum
1477 2303 1654 2334 hominum
1677 2309 1754 2331 sen-

1011 2350 1134 2388 tentia,
1157 2351 1356 2380 vacationem
1381 2348 1507 2378 habent
1531 2345 1654 2387 publici
1678 2353 1753 2374 mu·

1013 2393 1118 2424 neris:
1150 2393 1182 2425 h.
1206 2404 1235 2423 e.
1260 2396 1459 2433 potestatem
1492 2391 1621 2421 faciunt
1652 2398 1671 2418 a
1702 2396 1754 2417 re-

1013 2437 1103 2476 publ.
1120 2437 1266 2476 gerenda
1287 2435 1488 2467 abstinendi.
1534 2433 1599 2464 Sed
1618 2440 1686 2463 non
1701 2440 1755 2461 so-

1012 2479 1082 2510 lum
1100 2481 1266 2520 genitivus
1284 2481 1344 2518 rei,
1360 2490 1380 2510 a
1402 2488 1467 2518 qua
1489 2478 1562 2516 quis
1581 2476 1665 2507 liber
1685 2479 1752 2511 est,

1011 2523 1180 2563 adjicitur,
1204 2534 1319 2554 verum
1343 2524 1446 2553 etiam
1470 2530 1592 2558 causae,
1616 2523 1754 2559 propter

1011 2577 1092 2606 quas
1109 2567 1280 2598 liberatur.
1308 2566 1389 2597 Coel.
1410 2568 1457 2597 1²2.
1484 2564 1654 2595 severitati
1670 2567 1759 2597 tuaey

1010 2617 1049 2641 ut
1065 2615 1210 2649 oportet,
1228 2610 1426 2651 respondere
1445 2618 1511 2639 nou
1535 2607 1651 2638 audeo.
1681 2609 1754 2634 erat

1010 2655 1101 2684 enim
1123 2665 1250 2693 meum,
1268 2653 1438 2694 deprecari
1453 2653 1652 2683 vacationem
1674 2649 1754 2679 ado*

1009 2697 1193 2737 leat-entire,
1227 2699 1425 2736 veniamque
1457 2700 1582 2736 petere.
1622 2703 1653 2723 v.
1681 2695 1750 2741 not.

1009 2741 1092 2771 Sull.
1121 2743 1172 2773 526.
1210 2743 1337 2772 vac-atio
1368 2749 1480 2771 rerum
1519 2742 1702 2778 gestarum.
1730 2746 1753 2765 1.

1008 2794 1037 2815 e.
1065 2785 1106 2816 ob
1133 2795 1183 2816 res
1213 2790 1323 2825 gestas
1349 2784 1438 2814 data.
1478 2783 1558 2821 Leg.
1585 2783 1604 2811 i.
1630 2784 1661 2811 3.
1690 2788 1753 2818 ego

1007 2838 1085 2859 vero
1118 2830 1226 2860 aetatis
1264 2828 1376 2869 potius
1405 2826 1568 2858 vacationi
1606 2822 1755 2854 confide-

1009 2871 1099 2902 bam.

1055 2916 1229 2947 I'aeillare.
1269 2915 1311 2946 ad
1335 2915 1412 2945 Div.
1436 2914 1502 2945 xvi.
1532 2915 1580 2944 15.
1613 2908 1755 2951 epistola

1908 2770 1918 2813 ...»„
1911 2748 1915 2758 ⁴
1911 2659 1918 2729 „„..-..
