1985 3206
713 87 859 117 INDEX
888 87 1186 117 LATlNlTATIS.

194 178 239 209 tis
265 179 394 209 consilii
432 188 502 209 esse
530 178 691 209 decreras.
734 177 861 218 Quint.
892 180 923 209 2.

197 221 272 253 Uno
282 223 410 261 judicio
427 222 467 252 de
482 222 625 252 fortunis
641 222 796 252 omnibus
816 221 926 251 decer-

195 267 257 295 nit.
296 265 338 296 ad
367 265 436 296 Att.
467 276 500 295 x.
527 270 557 299 9.
591 275 652 295 suo
678 266 786 305 capite
818 265 927 294 decen·-

199 318 289 339 nere.

239 352 397 383 Decessio.
424 351 536 382 Rabir.
556 352 644 381 Post.
666 355 714 381 ll.
741 356 857 381 utrum
875 362 928 382 ac-

196 396 381 425 cessionem
408 396 559 434 pecuniae
587 404 630 424 an
657 396 862 426 decessionem
887 395 927 425 de

196 448 330 469 summa
360 438 490 475 fecerit,
521 439 563 468 ib.
595 439 803 469 decessionem
835 439 928 469 mille

194 481 364 512 talentum
383 492 452 512 esse
474 482 607 511 saa-tam.
637 481 737 511 Tusc.
755 483 776 512 i.
793 483 845 512 46.
875 483 928 512 de-

195 528 288 556 cessio
315 527 490 562 bonorum,
513 525 697 564 opponitur
720 526 868 563 cumulo,
892 526 926 556 h.

198 578 229 598 e.
247 570 436 599 accessioni.
461 569 596 598 *abitus
613 569 652 597 de
670 570 839 608 provincia
850 579 927 599 cuin

197 613 471 651 magistratuum,
483 617 554 641 tum
569 612 785 651 privatorum.
801 614 866 652 Qu.
878 613 927 643 Fr.

199 656 220 686 i.
238 658 263 685 l.
281 667 309 686 c.
327 659 352 685 l.
369 666 461 695 spem
481 660 618 685 maturae
636 657 816 686 decessioni.»-
835 656 928 686 affer-

198 709 244 729 re.
268 699 309 729 ad
326 700 401 730 Div.
416 700 457 729 iv.
476 702 524 730 10.
547 699 587 729 de
606 699 763 730 Marcello
780 701 926 739 privato:

198 743 389 779 subs-creor,
407 752 446 772 ne
468 748 502 772 te
519 743 662 772 delectet
678 743 773 772 tarda
788 745 926 774 decessio.

197 787 266 816 Att.
286 787 340 816 vii.
357 790 388 816 3.
421 787 455 816 in
480 787 550 826 ipsa
567 787 739 816 decessione
761 787 928 826 significa-

199 830 259 866 vit,
274 839 421 869 sperasse
438 840 472 867 se
489 829 625 869 aliquid.

243 874 412 909 Deeems,
443 874 551 903 abitus
583 873 622 903 de
659 875 839 913 provincia.
887 874 929 904 ad

200 916 277 948 Div.
303 917 369 946 viii.
392 920 438 947 10.
469 917 557 956 quod
579 916 621 946 ad
644 917 815 948 decessum
829 922 928 948 tuum

201 960 333 990 attinet.
401 960 457 990 hil.
488 961 521 990 ii.
551 964 602 991 38.
642 960 742 990 Creta
775 966 850 1001 post
880 962 927 992 M.

199 1004 297 1035 Bruti
314 1004 471 1034 decesmm
489 1005 598 1044 potuit
613 1004 755 1034 liberari.

245 1046 414 1077 Decidere.
451 1047 543 1077 Vei-r.
569 1048 611 1077 iv.
636 1051 689 1078 45.
727 1048 871 1079 decidere
894 1049 928 1078 in

199 1089 362 1120 fraudem.
385 1091 406 1120 i.
424 1102 452 1120 e.
469 1090 598 1121 facinus
614 1096 756 1130 patrare.

245 1133 417 1170 Decidere,
436 1135 570 1174 pacisci,
595 1135 788 1174 transigere.
811 1135 927 1175 Quint.

199 1179 231 1208 4.
262 1187 320 1217 per
332 1183 366 1207 te
383 1178 499 1208 decidit
516 1178 549 1208 P.
568 1178 738 1217 Quintius,
756 1180 844 1217 quod
864 1179 929 1209 ‹lis-

199 1219 352 1251 solveret.
391 1221 432 1251 cf.
463 1222 559 1251 Rosc.
599 1222 708 1251 Amer.
742 1225 794 1255 39.
832 1222 928 1252 Rcse.

200 1264 294 1294 Com.
314 1267 362 1294 ll.
392 1264 485 1296 Verr.
510 1265 543 1295 ii.
567 1267 620 1296 32.
645 1267 703 1296 δερ.
729 1265 831 1295 Gron.
850 1266 928 1296 Ohs.

200 1307 234 1337 ii.
252 1307 283 1337 6.

243 1350 410 1389 Decipere.
447 1351 543 1381 Rosc.
568 1351 644 1381 Am.
669 1355 721 1383 40.
757 1352 928 1388 inducere,

199 1394 354 1435 decipere,
373 1394 563 1425 destituere.
611 1395 692 1425 Haec
716 1396 781 1425 tria
804 1397 851 1425 ita
868 1396 929 1425 dif-

197 1437 331 1468 ferunt:
372 1438 528 1468 inducere
567 1443 616 1469 est
646 1439 760 1468 fallere
791 1440 929 1470 consilio

200 1481 309 1511 dando
338 1485 373 1511 et
401 1482 442 1512 ad
473 1492 542 1512 rem
569 1482 715 1521 aliquam
741 1482 928 1513 faciendam

201 1524 420 1564 impellendo:
448 1525 627 1556 destituere
644 1526 825 1556 deserendo
837 1537 928 1564 eum,

200 1569 270 1607 qui,
287 1569 365 1607 quia
381 1569 577 1608 promiseras
601 1574 660 1600 aut
682 1569 836 1607 debebas,
854 1581 872 1600 a
894 1576 928 1600 te

200 1612 325 1650 aliquid
346 1611 460 1642 auxilii
476 1614 691 1653 expectabat:
716 1614 858 1653 decipere
874 1614 930 1644 de-

200 1656 315 1694 nique,
345 1656 406 1686 sub
439 1656 594 1686 utilitatis
626 1657 734 1697 specie
766 1658 927 1688 nocendo.

199 1698 242 1728 ad
265 1698 342 1728 Div.
365 1709 396 1729 v.
416 1700 464 1729 16.
495 1710 535 1730 ea
557 1701 748 1740 impendere
773 1702 930 1741 reipubli-

200 1751 260 1779 cae,
278 1752 352 1781 quae
368 1743 423 1782 qui
441 1743 623 1782 reliquerit,
643 1744 734 1774 nullo
755 1745 851 1774 modo
869 1746 930 1775 mi-

200 1784 234 1816 hi
257 1785 390 1824 quidem
406 1787 554 1826 deceptus
569 1798 639 1817 esse
657 1788 824 1818 videatur:
850 1789 883 1818 h.
899 1799 928 1819 e.

201 1828 285 1861 nihil
301 1829 495 1860 detrimenti
511 1831 641 1869 secisse,
659 1832 719 1861 διο.

200 1904 201 1907 ,
243 1873 383 1910 Deci-sio,
407 1875 531 1914 pactio,
553 1876 748 1911 transactio,
772 1878 871 1914 atque
895 1886 929 1906 a-

199 1915 261 1946 deo
288 1917 435 1947 conditio
459 1919 678 1958 transigendi.
714 1919 810 1949 Rosc.
835 1920 928 1949 Com.

204 1961 253 1990 13.
279 1966 354 2000 post
368 1961 554 1992 decisionem
569 1966 724 1992 veterem.
754 1962 860 1992 Flacc.
876 1964 929 1993 36.

199 2003 360 2036 decisionis
375 2005 509 2034 arbiter.
535 2006 684 2036 Provinc.
704 2007 802 2036 Cons.
819 2010 850 2037 4.
874 2017 930 2046 pa-

199 2046 328 2079 ctiones
344 2049 562 2087 pecuniarum
579 2059 655 2079 cum
671 2050 833 2089 tyrannis,
848 2051 930 2081 deci-

199 2091 310 2120 simies.
328 2095 389 2121 ἃς.
417 2091 511 2121 Verr.
529 2093 549 2122 i.
566 2095 617 2123 54.
650 2099 752 2133 negat
775 2103 852 2123 eum
868 2094 930 2123 sibi

201 2132 259 2163 illa
274 2134 426 2164 decisione
439 2136 629 2165 satisfacere
646 2147 751 2176 posse.
783 2137 801 2155 ³*
814 2137 853 2167 de
877 2148 928 2175 e0,

199 2186 300 2216 super
326 2187 391 2216 quo
417 2181 573 2208 convenit
600 2180 640 2210 ab
667 2186 806 2219 utraque
837 2185 930 2220 parte

200 2221 303 2250 etiam
319 2221 354 2250 in
376 2221 587 2261 disputando.
634 2223 754 2254 Caecin.
771 2230 854 2255 extr.
872 2234 930 2254 no-

199 2269 270 2294 stra
284 2265 396 2295 decisio
411 2265 450 2294 de
467 2267 634 2304 aequitate.

243 2307 455 2346 Declamare,
479 2311 724 2340 exercitationis
756 2321 857 2341 causa
882 2310 931 2341 di-

201 2360 286 2381 cere.
317 2351 389 2382 Pin.
409 2362 438 2382 ν.
455 2355 485 2383 2.
516 2353 557 2383 ad
580 2354 734 2391 fluctum,
751 2355 860 2391 aiunt,
877 2355 930 2385 dc-

199 2396 346 2425 clamare
368 2395 507 2426 solitum
529 2398 804 2428 Demosthenem.
839 2399 931 2428 *eti-

201 2447 256 2468 am
273 2439 308 2468 in
323 2449 402 2469 vera
417 2449 526 2470 causa.
553 2441 646 2470 Verr.
664 2442 705 2470 iv.
722 2443 773 2472 (56.
799 2442 854 2480 qui
871 2452 930 2481 pro

198 2481 265 2515 ,isto
289 2489 407 2519 contra
431 2493 483 2513 me
511 2484 802 2515 vehementissime
826 2486 932 2516 decla-

199 2529 326 2555 masset.
350 2526 446 2557 Rosc.
466 2530 540 2557 Am.
562 2529 614 2561 99.
639 2537 712 2567 quae
738 2528 820 2558 mihi
843 2529 930 2558 visus

199 2573 306 2599 estex
323 2568 388 2599 alia
403 2571 552 2600 oratione
569 2572 765 2608 declamare,
782 2582 880 2610 quam
899 2573 931 2602 in

198 2611 305 2642 alium
320 2622 413 2643 reum
432 2620 728 2644 cornmentarctor.
761 2615 779 2633 *i
792 2616 834 2645 uti
855 2617 931 2646 niv.

199 2654 247 2686 iii.
269 2658 317 2686 ll.
345 2657 500 2695 majestas
516 2662 578 2694 est,
597 2668 637 2688 ne
655 2659 688 2688 in
706 2659 853 2697 quemvis
871 2660 932 2689 im-

199 2708 289 2740 pune
305 2700 488 2731 declamare
503 2701 627 2732 list-eret.

241 2741 468 2782 Declamatnr,
492 2745 617 2775 rhetor.
654 2746 712 2775 Or.
739 2748 788 2776 15.
827 2746 933 2776 decla-

198 2790 307 2816 mator
329 2786 369 2817 de
393 2787 483 2818 ludo.
519 2789 577 2818 Or.
600 2789 647 2818 iii.
671 2791 724 2819 34.
762 2798 828 2819 non
854 2800 932 2820 eum

197 2829 397 2861 declamator
412 2831 531 2872 aliquis
547 2832 590 2864 ad
608 2831 815 2872 clepsydram
832 2833 933 2865 latra-

197 2872 420 2918 rehdocuerat.

1622 82 1702 121 255

1012 177 1249 209 Declamitare.
1278 177 1378 210 Tusc.
1407 179 1430 209 i.
1454 182 1486 210 4.
1516 180 1707 214 declamita-

970 221 1044 251 bam
1069 231 1196 252 causas.
1226 222 1324 253 Brut.
1343 226 1396 257 90.
1420 228 1629 255 commentor
1650 227 1705 256 ‹Ie-

968 267 1157 302 clamitans,
1185 265 1232 295 sic
1263 268 1354 295 enim
1387 275 1477 296 nunc
1507 267 1706 307 loquuntur,

969 317 1056 348 saepe
1080 318 1159 338 cum
1183 309 1230 339 M.
1256 309 1386 347 Pisone,
1411 314 1470 340 aut
1492 321 1569 341 cum
1593 311 1706 352 aliquo

970 351 1130 390 quotidie.

1014 395 1211 432 Declarare,
1228 395 1270 426 ad
1292 395 1369 426 Div.
1394 396 1428 426 ii.
1444 400 1476 428 3.
1507 397 1613 438 Rupae
1637 408 1705 430 non

971 438 1078 468 defuit
1109 439 1259 468 studium
1287 439 1559 475 declarandorum
1587 451 1706 473 mune-

970 492 1059 519 rum,
1076 481 1108 511 h.
1126 492 1156 512 e.
1181 481 1304 522 populo
1326 483 1603 522 pollicendorum.
1627 486 1705 517 Mu·

970 534 1041 555 ren.
1060 528 1090 556 2.
1116 526 1149 555 in
1167 526 1296 564 judicio
1313 528 1459 557 consulis
1482 528 1660 567 designati,
1677 530 1704 560 is

971 569 1184 608 potissimum
1209 569 1347 607 Consul,
1372 572 1428 609 qui
1456 572 1627 602 consulem
1651 574 1704 604 de-

970 614 1123 649 claravit,
1148 612 1180 642 h.
1204 623 1233 643 e.
1258 617 1407 643 creatum
1432 624 1451 644 a
1481 616 1604 656 populo
1630 626 1705 656 pro-

971 657 1156 686 nunciavit.

1013 699 1386 739 Declinatio,degressio
1400 701 1433 730 in
1446 703 1608 734 oratione.
1626 703 1704 734 Par·

969 743 1022 772 tit.
1046 746 1093 773 15.
1117 744 1287 773 declinatio
1301 744 1343 774 asl
1361 745 1647 785 amplificandum.

1012 786 1217 816 Declinatus.
1251 787 1322 816 Fin.
1350 798 1380 818 v.
1413 792 1442 822 7.
1473 790 1619 829 primum
1649 791 1704 822 de-

969 830 1145 860 clinatum.-
1173 831 1194 860 i.
1211 840 1239 860 e.
1255 831 1342 869 quod
1366 831 1517 862 homines
1541 835 1611 864 nati
1635 836 1704 875 pri-

970 883 1063 903 mum
1079 879 1276 904 aversantur
1292 880 1325 904 et
1341 875 1490 914 fugiunt.

1013 916 1182 947 Decoetus.
1215 918 1272 948 Or.
1302 919 1348 948 iii.
1379 920 1432 950 26.
1467 921 1612 951 suavitas
1644 931 1703 952 au-

970 966 1070 998 stera,
1086 964 1121 990 et
1135 961 1251 998 solida,
1269 971 1335 991 non
1353 961 1458 992 duleis
1474 967 1509 993 et
1524 964 1663 1003 decocta,
1680 967 1703 997 i.

970 1014 999 1034 e.
1015 1004 1134 1041 fracta,
1153 1005 1321 1043 languida.

1012 1047 1227 1084 Decoloratio,
1251 1059 1310 1088 pro
1333 1049 1548 1081 coloratione.
1585 1051 1701 1083 Divin.

970 1091 1004 1120 ii.
1020 1093 1072 1125 27.
1104 1092 1289 1122 decoloratio
1312 1103 1352 1122 ex
1375 1093 1486 1132 aliqua
1501 1096 1701 1135 contagione

970 1139 1105 1164 terrena
1135 1141 1246 1175 potest
1276 1137 1448 1175 sanguinis
1476 1138 1594 1168 similis
1621 1149 1703 1170 esse.

970 1178 1025 1207 Sic
1064 1185 1144 1209 sunt
1182 1189 1302 1209 manus
1340 1180 1524 1211 decoloratae
1561 1183 1700 1215 Sueton.

970 1222 1055 1260 Aug.
1075 1225 1104 1252 5.

1015 1265 1211 1305 Decoquere,
1243 1275 1438 1297 consumere
1476 1268 1634 1309 impensis
1668 1274 1703 1300 et

970 1314 1085 1338 sumtu
1107 1309 1278 1339 ,faciendum
1308 1310 1379 1340 Att.
1406 1311 1449 1341 ix.
1476 1316 1507 1346 9.
1542 1313 1703 1352 sciebam,

971 1362 1047 1382 eum
1065 1362 1183 1392 agrum
1199 1353 1367 1393 decoquere
1382 1361 1484 1393 quoto
1499 1365 1599 1386 anno.
1616 1357 1701 1387 Phil.

971 1396 1004 1425 ii.
1032 1399 1081 1426 18.
1110 1402 1250 1426 tenesne
1273 1398 1447 1435 memoria,
1467 1403 1502 1428 te
1524 1405 1704 1439 praetexta-

970 1444 1043 1469 tum
1059 1441 1238 1470 decoxisse?

1013 1483 1178 1514 Decorum
1201 1487 1390 1524 poetarum,
1407 1485 1471 1516 Off.
1495 1487 1517 1516 i.
1539 1489 1592 1519 28.
1623 1488 1704 1528 quid

971 1527 1037 1556 sit?

1013 1570 1206 1607 Decretum,
1217 1572 1384 1602 sententia
1397 1573 1559 1604 senatoris
1571 1575 1613 1604 ad
1625 1576 1703 1608 Div.

972 1624 1023 1644 xv.
1041 1617 1070 1644 5.
1097 1616 1267 1645 sententia
1282 1626 1356 1645 mea
1371 1622 1406 1646 et
1421 1617 1545 1647 decreto
1560 1618 1703 1650 laudavi.

971 1657 989 1675 ᾖ
1004 1657 1189 1697 philosophi
1213 1659 1387 1698 placitum.
1418 1660 1520 1691 Acad.
1534 1662 1577 1691 iv.
1594 1666 1624 1696 9.
1642 1663 1704 1694 &c.

971 1701 1205 1740 *Responsum
1221 1701 1310 1733 JCti.
1340 1703 1473 1734 Muren.
1494 1708 1541 1736 13.
1568 1715 1704 1746 respon-

971 1754 1007 1774 sa
1023 1750 1123 1783 atque
1140 1746 1267 1776 dem-em
1289 1754 1397 1776 vestra
1419 1753 1620 1779 evertuntur
1641 1760 1703 1781 sae-

971 1798 1012 1828 pe
1043 1788 1198 1819 dicundo.
1235 1790 1505 1828 *jurisdictionis
1535 1794 1702 1831 praetoriae

972 1841 1058 1871 pars.
1087 1832 1180 1862 Verr.
1199 1833 1232 1862 ii.
1248 1836 1301 1864 43.
1331 1835 1411 1872 quin
1430 1836 1454 1865 is
1472 1836 1511 1865 ab
1527 1836 1645 1867 Siculis
1661 1838 1702 1868 ob

971 1876 1100 1906 decresci
1131 1877 1374 1916 interponenda
1404 1879 1581 1918 pecuniam
1608 1890 1703 1910 acce-

972 1920 1070 1958 perit,
1088 1920 1142 1958 qui
1159 1919 1206 1950 M.
1224 1922 1402 1951 Octavium
1418 1922 1577 1962 Ligurem
1593 1924 1634 1953 ob
1643 1925 1703 1964 jus

972 1962 1157 1992 dicundum
1174 1965 1371 2004 poposcerit.
1397 1976 1425 1995 v.
1443 1966 1646 1998 Jurisdictio.

1015 2006 1242 2045 Dccumanzcs,
1256 2007 1348 2038 Verr.
1359 2009 1404 2039 iii.
1414 2009 1444 2039 6.
1461 2020 1538 2049 ager
1549 2011 1703 2042 decuma-

971 2060 1050 2082 ηαδ,-
1068 2050 1101 2079 h.
1114 2060 1143 2079 e.
1156 2060 1173 2080 e
1191 2061 1256 2089 quo
1273 2051 1422 2083 decumae
1440 2053 1573 2084 dantur.
1590 2054 1703 2095 *pub-

972 2093 1113 2131 sicanus,
1140 2096 1197 2133 qui
1224 2095 1381 2125 decumas
1407 2107 1426 2126 a
1458 2098 1581 2137 populo
1608 2099 1703 2129 rede-

973 2138 1046 2167 mit.
1075 2137 1168 2167 Verr.
1191 2138 1225 2168 ii.
1255 2141 1302 2170 13.
1327 2143 1379 2172 71.
1406 2141 1452 2170 iii.
1477 2144 1506 2171 8.
1531 2144 1584 2172 43.
1607 2142 1703 2173 decu-

973 2182 1063 2211 mani
1086 2181 1251 2221 principes
1275 2188 1309 2212 et
1334 2184 1427 2222 quasi
1453 2191 1590 2215 senatus
1617 2187 1703 2226 pub—

973 2224 1170 2254 licanorum.
1187 2225 1335 2264 Scilicet,
1345 2227 1626 2265 quemadmodum
1644 2229 1704 2260 ho·

973 2268 1216 2306 nestissiuzum,
1233 2269 1273 2299 de
1297 2280 1388 2300 more
1411 2271 1576 2309 Romano,
1595 2282 1701 2312 genus

973 2312 1020 2341 rei
1045 2312 1231 2350 quaeremlre
1255 2320 1307 2343 est
1329 2314 1547 2353 agricultura,
1569 2317 1617 2346 sic
1640 2317 1705 2347 eti-

974 2365 1028 2385 ain
1052 2356 1140 2385 inter
1164 2356 1358 2395 publicanos
1383 2358 1622 2395 honestissimi,
1646 2362 1704 2400 qui

972 2399 1125 2429 decumas
1148 2399 1348 2431 conduxere.
1371 2401 1554 2441 *magr-us.
1584 2403 1653 2434 fin.
1670 2405 1705 2434 ii.

974 2445 1004 2473 8.
1032 2443 1222 2482 acipensere
1247 2454 1324 2474 cum
1349 2445 1537 2476 decumano.
1585 2446 1622 2477 In
1647 2457 1704 2478 ru-

974 2486 1065 2515 sticis
1090 2491 1171 2516 sunt
1194 2497 1266 2525 ova,
1284 2498 1383 2526 poma
1405 2489 1596 2520 decumana.
1621 2491 1704 2522 Noti

974 2530 1078 2559 etiam
1101 2536 1182 2559 sunt.
1204 2532 1359 2561 versiculi
1383 2532 1550 2569 O=·i‹¹.;ani‚
1575 2533 1614 2563 de
1642 2535 1705 2564 flu-

974 2578 1032 2602 ctu
1056 2574 1221 2603 nmximo:
1249 2575 1312 2604 Hic
1331 2576 1451 2605 fluctus
1476 2578 1709 2616 supereminet

974 2626 1103 2651 omnm,
1127 2618 1288 2656 posterior
1310 2628 1398 2648 nono
1422 2624 1486 2657 est,
1510 2621 1705 2652 undecimo-

974 2669 1039 2699 que
1058 2661 1154 2698 prior.

1018 2702 1234 2741 Deczmzberc,
1266 2705 1306 2735 de
1345 2706 1596 2745 gladiatoribUS,
1627 2718 1706 2740 cum

975 2746 1123 2785 gladium
1149 2749 1329 2788 recipiunt,
1347 2750 1563 2789 jugulat-ique
1591 2761 1626 2781 sc
1650 2763 1708 2792 pa-

973 2791 1116 2820 tiuntur.
1158 2791 1259 2822 Tusc.
1288 2793 1322 2822 ii.
1351 2796 1399 2827 17.
1431 2795 1575 2825 mittunt
1605 2797 1707 2827 etiam

974 2833 1170 2864 vulneribus
1205 2836 1349 2866 confecti
1381 2837 1423 2866 ad
1452 2837 1617 2875 dominos,
1642 2840 1724 2878 qui
1750 2860 1755 2865 .

976 2885 1142 2916 quaerant,
1171 2879 1252 2917 quid
1282 2879 1405 2910 velint:
1439 2881 1467 2911 si
1497 2882 1708 2914 satisfactum
