1920 3196
649 131 795 159 INDEX
826 130 960 159 LA'rlN
967 129 1122 158 ITATIS.

137 223 193 250 tus
210 219 243 250 in
257 219 464 250 decernendo
478 218 660 259 triumpho.
684 219 772 250 Nam
786 218 875 259 quod

142 264 290 294 Graevius
303 263 342 293 de
352 263 538 302 judiciariis
548 264 702 294 subselliis
715 264 878 304 interpre-

140 311 245 344 tatur,
257 311 363 336 errat:
379 316 455 336 cuin
470 307 509 337 dc
518 307 690 346 triumpho
701 316 810 337 sermo
821 308 876 343 sit,

141 360 240 389 quem
256 350 311 389 qui
330 350 685 389 merueritjudicatur‚
703 360 768 380 non
787 361 806 380 a
822 351 878 389 ju-

142 393 282 429 uicibus,
300 393 357 423 sed
374 404 393 423 a
408 398 537 424 senatu.
560 394 579 411 ³*
592 393 752 424 Subsellia
775 394 876 424 etiam

139 441 219 466 sunt
236 437 270 466 in
287 436 438 473 theatris,
457 437 552 467 circis
570 438 629 468 δερ.
646 438 696 467 Fr.
711 438 841 468 Cornel.
855 438 876 467 i.

140 490 172 519 p.
183 483 258 510 480.
273 480 308 509 P.
319 480 493 510 Africanus
507 480 562 510 ille
576 482 738 521 superior,
748 491 813 511 non
827 492 877 511 so-

142 522 211 553 lum
226 533 245 553 a
257 524 509 563 sapientissimis
522 524 725 561 hominibus,
736 525 878 564 quitum

139 572 248 604 erant,
265 577 380 597 verum
397 568 498 597 etiam
523 578 542 597 a
563 578 596 598 se
621 569 691 608 ipso
714 578 801 608 saepe
825 579 879 598 ac·

140 614 274 640 cusatus
306 616 367 648 est,
398 611 499 650 quod,
529 622 605 641 cum
638 612 763 642 Consul
793 614 880 641 esset

142 664 220 684 cum
243 653 295 684 Ti.
314 654 444 693 Longo,
460 665 575 694 passus
599 660 698 692 esset,
715 660 788 685 tuin
813 657 878 695 pri-

140 707 235 728 mum
253 708 272 727 a
288 697 438 737 populari
455 708 609 729 consessu
626 699 792 729 senatoria
805 699 880 729 sub-

140 743 231 772 sellia
248 742 406 781 separari.

186 785 356 825 Subsequi,
387 785 499 825 paullo
531 787 640 816 minus
671 790 735 823 est,
765 795 879 824 quam,

141 830 343 868 exprimere:
369 829 504 859 imitari.
533 830 575 859 ad
598 830 674 860 Div.
691 830 736 859 iii.
757 832 786 860 1.
819 829 882 859 lni-

141 872 234 901 rificc
261 873 329 912 ipse
357 882 509 903 sermone
535 883 594 903 suo
621 873 804 903 subsecutus
830 878 880 902 est

140 914 316 946 literarum
345 921 483 947 tuarum
518 916 777 947 humanitatem.
823 916 879 946 Or.

142 958 189 989 iii.
217 963 268 993 59.
309 969 428 989 manus
460 961 572 990 minus
603 965 735 999 arguta,
767 960 879 998 digitis

141 1003 329 1043 subsequens
354 1004 464 1040 verba,
481 1013 548 1033 non
573 1004 772 1044 exprimens.
804 1004 881 1033 Par-

141 1047 195 1076 tit.
220 1050 251 1080 7.
283 1047 370 1076 actio
392 1046 474 1076 facit
497 1051 530 1076 et
554 1047 735 1077 dilucidam
759 1048 881 1077 oratio—

142 1099 233 1126 nem,
263 1097 298 1119 et
327 1090 504 1127 illustrem,
535 1095 569 1120 et
598 1091 817 1130 probabilem,
847 1094 882 1120 et

141 1142 290 1170 suavem,
318 1143 384 1163 non
410 1134 528 1171 verbis,
557 1134 614 1164 scd
641 1135 798 1164 varietate
826 1144 881 1164 vo-

142 1182 233 1212 cum,
250 1181 345 1207 motu
369 1178 529 1217 corporis,
553 1177 661 1215 vultu,
681 1187 753 1217 quae
778 1177 881 1217 pluri-

142 1230 237 1250 mum
253 1220 424 1258 valebunt,
442 1221 468 1250 si
492 1231 568 1251 cum
586 1221 744 1251 orationis
760 1231 880 1261 genere

142 1265 366 1302 consentient,
383 1265 518 1304 ejusque
535 1265 603 1294 vim
627 1270 661 1295 et
683 1266 880 1295 varietatem

139 1308 383 1347 subsequentur.

187 1350 386 1382 Subsidium.
418 1351 517 1382 Catil.
542 1352 576 1382 ii.
602 1355 632 1383 5.
663 1353 806 1383 subsidia
830 1353 880 1382 in-

142 1393 292 1432 dustriae‚
329 1400 430 1435 atque
468 1397 695 1426 instrumenta
728 1397 878 1426 virtutis:

141 1438 182 1468 de
207 1439 371 1478 patientia
392 1439 426 1468 in
457 1439 592 1479 frigore,
615 1440 717 1474 fame.
740 1440 809 1477 siti,
836 1441 882 1469 vi-

141 1481 231 1521 giliis
265 1482 478 1521 perferendis.
525 1483 659 1514 Cluent.
696 1486 744 1514 11.
781 1484 881 1514 subsi-

141 1526 234 1556 dium
250 1526 400 1564 generis,
427 1526 465 1556 de
483 1526 562 1557 filio.

186 1569 400 1608 Subsignare,
416 1570 633 1601 subscribere.
651 1570 759 1601 Flacc.
773 1573 825 1602 32.
843 1571 882 1601 il-

142 1612 202 1643 lud
213 1623 339 1652 quaero,
348 1614 459 1644 sintne
472 1615 536 1644 ista
547 1613 672 1654 praedia
680 1615 792 1644 censui
805 1624 881 1644 cen-

142 1657 263 1686 sendo:
292 1656 437 1687 habeant
453 1658 511 1696 jus
536 1657 651 1687 civile:
676 1658 756 1695 sint,
775 1668 880 1688 necne

143 1701 212 1730 sint
230 1701 393 1741 mancipi:
410 1702 596 1739 subsigna-ri
611 1701 700 1741 apud
713 1703 880 1740 aerarium,

142 1743 231 1784 apud
255 1754 426 1775 censorem
445 1746 583 1784 possint.
627 1745 758 1785 Nempe
781 1747 881 1776 subsi-

141 1789 244 1827 gnari
259 1788 382 1828 praedia
402 1789 574 1826 dicuntur,
591 1799 668 1818 cum
692 1790 726 1818 in
743 1799 880 1819 censum

142 1831 357 1861 deferuntur:
386 1831 419 1862 h.
444 1842 472 1862 e.
496 1833 557 1862 sub
581 1833 715 1862 nomine
739 1833 818 1863 civis
842 1834 881 1864 R.

143 1876 178 1905 in
203 1875 326 1905 tabulis
357 1876 512 1905 censoriis
536 1876 738 1906 scribuntur.
784 1876 882 1907 Cete-

143 1928 218 1949 rum
242 1918 296 1948 hic
320 1919 411 1949 locus
434 1919 612 1949 confirmat
641 1919 792 1950 salmasii
817 1921 882 1950 dis-

145 1963 356 2002 putationem
379 1963 419 1992 de
436 1963 523 1992 mod.
542 1963 640 1993 Usur.
657 1973 685 1994 c.
706 1967 754 1994 11.
787 1965 880 2003 cujus

142 2005 214 2036 haec
241 2013 292 2036 est
317 2016 461 2043 summa,
487 2008 675 2046 subsignare
705 2016 775 2037 esse
805 2008 882 2038 sub—

141 2050 300 2087 scribere,
315 2055 349 2079 et
365 2050 495 2079 differre
511 2060 530 2080 a
545 2051 688 2089 signare.

189 2093 380 2131 Subsistem,
417 2093 596 2131 sustinere,
631 2094 787 2124 tolerare.
840 2094 882 2124 ad

144 2136 221 2167 Div.
238 2137 282 2167 xi.
303 2140 351 2168 10.
382 2146 462 2174 non,
477 2137 504 2167 si
528 2137 684 2168 Varronis
707 2137 880 2168 thesauros

144 2179 313 2218 haberem,
337 2181 504 2211 subsistere
525 2181 653 2211 sumtui
678 2191 820 2221 possem.
851 2192 881 2213 v.

142 2223 286 2254 Gronov.
304 2229 337 2254 et
352 2224 524 2254 Drakenb.
541 2225 582 2254 ad
596 2224 667 2255 Liv.
684 2225 782 2254 xxvii.
799 2229 830 2259 7.

189 2267 377 2298 Subsortiri.
407 2268 482 2298 Act.
506 2268 527 2297 i.
553 2269 588 2298 in
612 2269 703 2298 Verr.
732 2271 780 2298 lo.
809 2269 881 2299 sub-

140 2313 312 2342 sortiemur
340 2312 442 2342 etiam
469 2314 503 2341 in
530 2312 661 2342 Metelli
688 2312 810 2342 locum.
849 2322 879 2343 ν.

142 2355 348 2385 subsortitio.

187 2398 388 2436 Subsortitio‚
419 2405 469 2428 est
499 2398 605 2428 altera
634 2398 765 2428 sortitio
789 2398 881 2437 judi-

142 2452 234 2480 cum,
265 2453 329 2481 qua
359 2442 488 2472 scilicet
517 2441 719 2482 supplentur
748 2442 880 2481 judices

142 2492 218 2526 post
234 2487 375 2526 priorem
395 2487 544 2526 praetoris
569 2493 627 2516 aut
643 2486 768 2524 judicis
792 2496 882 2525 quae-

142 2530 257 2560 stionis
273 2530 481 2560 sortitionem
503 2530 617 2569 rejecti
633 2530 673 2558 ab
689 2536 881 2559 accusatore

141 2578 176 2603 et
197 2583 263 2603 reo.
292 2573 384 2603 Verr.
403 2574 424 2602 i.
442 2574 494 2603 61.
514 2582 592 2602 nam
610 2573 648 2602 de
663 2573 883 2603 subsortitione

142 2616 200 2646 illa
214 2616 362 2647 Juniana
374 2616 529 2654 judicum
547 2616 630 2646 nihil
646 2616 730 2646 dieo.
761 2618 779 2635 ’ἓ
791 2621 882 2647 cata-

142 2659 237 2699 logus
255 2660 408 2699 judicum
425 2661 648 2690 subsortitione
664 2659 881 2691 delectorum.

144 2703 278 2734 Cluent.
296 2707 348 2734 33.
378 2703 466 2742 quod
488 2704 606 2733 Verres
629 2704 882 2734 subsortitionem

142 2748 213 2785 ejus
231 2748 264 2776 in
281 2757 319 2777 eo
335 2747 448 2777 codice
472 2756 539 2777 non
563 2747 713 2784 haberet,
730 2747 785 2786 qui
807 2751 882 2777 tum

142 2790 313 2822 interlitus
330 2790 570 2830 proferebatur.

188 2833 364 2864 Substituo.
403 2834 479 2865 Div.
513 2834 547 2863 ii.
577 2835 609 2865 2.
637 2833 883 2874 philosophiam

144 2887 203 2916 pro
220 2878 299 2917 reip.
315 2878 550 2916 procuratione
566 2877 659 2908 nobis
676 2878 885 2909 substitutam

140 2921 353 2965 putabamus

1577 119 1660 158 443

964 217 1112 255 Subtih's,
1142 216 1336 248 Dialecticis
1367 216 1490 257 reg-ulis
1521 227 1661 249 consen-

916 262 1016 291 tiens.
1063 261 1253 301 Philosophi
1278 262 1383 300 igitur
1406 262 1536 301 proprie
1554 262 1660 292 subti-

918 304 978 342 les,
1010 310 1044 335 et
1074 306 1264 344 quicunque
1295 305 1374 335 artis
1403 314 1441 334 ac
1472 304 1659 345 disciplinae

918 354 1087 389 praeccpta
1101 349 1154 378 via
1174 351 1208 377 et
1223 348 1351 378 ratione
1369 347 1408 378 ad
1424 349 1658 388 praescriptum

919 391 1109 431 regularum
1134 391 1394 422 Dialecticarum
1419 391 1569 422 tradunt.
1599 393 1659 422 Or.

918 436 940 466 i.
965 438 1017 466 23.
1049 436 1074 465 si
1101 436 1212 465 miuus
1236 434 1294 464 illa
1314 435 1426 465 subtili
1450 434 1659 473 definitione,

919 484 954 509 at
970 478 1031 509 hac
1047 478 1175 517 vulgari
1191 479 1347 518 opinione
1364 488 1433 508 esse
1449 488 1500 508 ars
1519 479 1660 510 videtur.

919 525 989 553 Att.
1015 525 1110 553 v.14.
1140 523 1318 552 subtiliores
1341 521 1457 551 literae.
1487 521 1594 552 *hinc
1618 522 1659 552 de

920 566 1105 596 dicentibus
1122 571 1156 595 et
1171 565 1404 596 scribentibus.
1432 575 1460 595 ν.
1479 565 1659 596 subtilitas.

920 611 977 641 Or.
994 611 1014 640 i.
1031 614 1083 644 39.
1113 610 1238 639 subtilla·
1256 609 1417 639 oratione.
1448 609 1525 639 ibid.
1542 609 1589 638 iii.
1604 612 1659 641 45.

920 654 1050 684 subtiles
1064 663 1190 683 sumus.
1219 652 1315 682 Brut.
1332 656 1362 686 9.
1396 651 1508 692 Lysias
1525 653 1659 692 egregie

919 698 1045 728 subtilis
1067 697 1208 736 scriptor
1231 703 1331 735 atque
1355 695 1501 735 elegans.
1533 697 1571 726 de
1586 697 1661 727 sub-

921 742 971 771 tili
995 741 1143 771 oratione
1167 750 1196 770 ν.
1213 740 1270 769 Or.
1288 742 1340 771 23.
1358 741 1410 771 24.
1427 749 1452 769 s.
1469 741 1541 770 Att.
1557 750 1588 771 V.
1607 743 1657 772 14.

921 785 1026 815 literae
1052 784 1159 825 plenae
1186 783 1329 823 pulveris
1359 788 1393 813 et
1421 782 1660 822 festinationis,

922 829 1067 867 reliquae.
1087 829 1264 858 subtiliores
1301 830 1411 857 erunt.
1455 827 1543 858 *On
1576 828 1597 858 i.
1629 831 1660 859 5.

921 873 1045 903 subtilis
1056 876 1223 901 venustas.
1262 870 1322 901 Est
1337 881 1388 908 ea,
1403 879 1476 909 quae
1494 880 1561 901 non
1578 872 1661 901 emi-

923 921 982 946 net
1004 926 1072 946 uno
1098 915 1208 954 aliquo
1233 914 1317 951 loco,
1336 919 1372 944 ut
1394 913 1523 944 lumina
1546 915 1661 945 verbo·-

922 970 996 990 rum
1020 964 1053 989 et
1077 959 1334 995 sententiarum,
1351 957 1409 987 sed
1432 968 1505 997 quae
1528 968 1589 999 per
1610 965 1662 989 to-

921 1008 992 1033 tam
1020 1004 1206 1033 orationc-m
1237 1001 1445 1040 aequabiliter
1474 1001 1560 1040 fusa,
1591 1012 1660 1033 non

922 1048 985 1077 nisi
1010 1047 1050 1077 ab
1074 1046 1341 1085 intelligentibus
1366 1050 1400 1075 et
1424 1045 1537 1085 peritis
1562 1046 1660 1076 intel-

923 1091 1057 1130 ligitur:
1083 1089 1188 1129 qualis
1205 1094 1256 1119 est
1271 1089 1441 1118 Socratica
1455 1092 1608 1119 venustas
1626 1097 1661 1120 et

924 1135 1107 1170 urbanitas,
1131 1135 1164 1163 in
1191 1133 1370 1163 Platonicis
1398 1139 1433 1162 et
1457 1132 1662 1173 Xenophon-

922 1178 985 1208 tcis
1003 1177 1152 1217 dialogis.

969 1222 1151 1259 Subtiliter,
1169 1231 1208 1251 ex
1230 1220 1425 1260 praeseripto
1448 1219 1662 1251 Dialectices.

921 1265 1022 1296 Tusc.
1040 1276 1068 1295 v.
1085 1268 1136 1296 33.
1170 1274 1235 1294 non
1259 1265 1420 1294 subtiliter
1435 1264 1533 1294 nimis
1550 1263 1663 1294 divisit.

923 1318 1046 1348 genera
1069 1309 1128 1338 διο.
1160 1308 1240 1347 Leg.
1258 1308 1277 1337 i.
1295 1311 1326 1338 4.
1357 1307 1505 1337 subtilius
1525 1307 1564 1337 de
1582 1308 1660 1347 jure

923 1352 1010 1382 civili
1024 1352 1215 1389 conscribis,
1227 1361 1325 1390 quam
1343 1351 1457 1381 ceteri.
1480 1350 1588 1381 *hinc
1603 1361 1662 1391 pro

923 1400 1088 1426 accurate.
1114 1396 1158 1426 N.
1175 1395 1217 1425 D.
1234 1395 1267 1425 ii.
1285 1398 1337 1426 58.
1364 1394 1452 1424 oculi
1469 1394 1577 1425 multa
1593 1405 1664 1425 cer-

924 1445 1010 1470 nunt
1033 1441 1188 1470 subtilius.
1219 1439 1277 1469 Or.
1295 1439 1328 1468 ii.
1356 1441 1404 1469 10.
1435 1439 1501 1468 vim
1525 1439 1664 1469 oratoris

923 1485 1109 1524 exprimere
1137 1484 1300 1514 subtiliter
1329 1483 1417 1512 visus
1449 1492 1494 1512 es.
1524 1482 1606 1512 Lael.
1630 1484 1662 1514 2.

923 1528 979 1566 qui
1011 1528 1074 1558 ista
1100 1528 1249 1557 subtilius
1278 1529 1443 1565 quaerunt.
1480 1525 1536 1555 Or.
1565 1526 1585 1556 i.
1610 1528 1663 1557 21.

922 1572 1081 1602 subtiliter
1097 1571 1261 1610 persequi.
1282 1571 1352 1600 Att.
1370 1570 1391 1599 i.
1412 1573 1460 1600 13.
1485 1569 1556 1599 haec
1572 1569 1613 1600 ad
1628 1573 1662 1600 te

923 1616 1066 1645 scribam
1097 1614 1177 1644 alias
1207 1615 1365 1644 subtilius.
1405 1613 1506 1644 Acad.
1536 1614 1578 1643 ἰν.
1612 1617 1663 1644 11.

923 1659 1084 1699 impressa
1099 1658 1261 1688 subtiliter
1283 1667 1329 1687 sc.
1346 1657 1380 1686 iu
1405 1662 1516 1687 mente
1533 1661 1568 1687 et
1592 1658 1665 1688 ani-

923 1712 989 1732 mo.
1034 1703 1169 1733 Dicitur
1183 1706 1299 1731 tamen
1316 1706 1350 1730 et
1365 1701 1400 1730 in
1417 1706 1548 1740 partem
1572 1700 1664 1731 dete-

924 1747 1054 1776 riorem.
1086 1745 1210 1776 Caecin.
1226 1746 1278 1775 20.
1308 1744 1406 1773 verba
1423 1745 1584 1775 subtiliter
1607 1755 1664 1776 ex-

924 1791 1067 1829 quirere,
1085 1789 1105 1819 i.
1123 1799 1152 1818 e.
1170 1788 1211 1818 ad
1234 1788 1472 1828 proprietatem
1498 1797 1665 1827 gramma-

922 1834 1040 1871 ticam,
1057 1832 1294 1874 etymologiam
1314 1836 1349 1861 et
1365 1841 1404 1861 ea
1418 1832 1461 1862 ad
1477 1832 1588 1862 vivum
1612 1842 1665 1863 re-

923 1887 1047 1907 secare.

969 1921 1152 1958 Subtilitas,
1179 1924 1230 1950 est
1258 1919 1361 1949 virtus
1388 1919 1560 1956 orationis,
1589 1930 1663 1958 quae

923 1968 974 1995 est
990 1965 1098 2004 primo
1114 1964 1301 2004 perspicua,
1320 1969 1419 2002 atque
1444 1963 1526 1993 adeo
1542 1962 1584 1993 ad
1608 1964 1666 1994 do-

923 2009 1066 2039 cendum
1091 2011 1182 2048 apta,
1199 2006 1318 2036 deinde
1342 2007 1413 2036 sine
1434 2006 1514 2036 vitio
1530 2010 1669 2037 senten-

922 2052 1047 2082 tiarum
1065 2056 1100 2081 et
1117 2051 1311 2081 verborum:
1337 2060 1410 2089 quae
1431 2050 1545 2079 omnia
1560 2051 1614 2081 via
1630 2056 1665 2082 et

923 2096 1066 2132 ratione,
1083 2099 1122 2124 ut
1144 2094 1331 2125 Dialectica
1347 2094 1460 2133 jubet,
1481 2094 1596 2124 docet:
1630 2095 1665 2125 in

923 2149 989 2178 qua
1019 2138 1103 2169 nihil
1140 2138 1360 2178 superfluum,
1391 2136 1476 2167 nihil
1513 2145 1664 2176 curtum,

923 2182 1007 2212 nihil
1029 2182 1164 2219 falsum,
1181 2182 1295 2212 omnia
1317 2185 1420 2219 recta,
1437 2180 1494 2210 sed
1510 2190 1577 2211 non
1594 2192 1666 2212 ma-

922 2236 1067 2266 gnopere
1084 2229 1211 2255 ornata.
1234 2225 1299 2255 vid.
1317 2225 1410 2255 Orat.
1427 2226 1479 2255 23.
1497 2227 1549 2256 24.
1565 2235 1591 2255 s,
1606 2225 1666 2257 Or.

922 2270 943 2300 i.
964 2273 1013 2301 15.
1043 2270 1205 2300 subtilitas
1220 2268 1415 2305 disserendi,
1432 2274 1482 2298 est
1499 2268 1570 2308 ipsa
1584 2269 1666 2299 Dia-

923 2313 1054 2343 lectica.
1084 2314 1186 2344 Tusc.
1203 2313 1250 2342 iii.
1272 2314 1325 2344 23.
1357 2322 1376 2342 a
1397 2312 1577 2343 subtilitate
1600 2313 1667 2343 dis-

923 2356 1067 2396 putandi
1083 2357 1270 2387 orationem
1286 2356 1327 2386 ad
1343 2355 1498 2395 exempla
1520 2356 1668 2387 traduci-

924 2410 1010 2430 mus.
1042 2399 1084 2429 ad
1106 2401 1184 2430 Div.
1207 2401 1250 2430 iv.
1273 2402 1304 2430 4.
1335 2401 1495 2430 subtilitas
1525 2401 1668 2440 scripto-

923 2454 998 2474 rum
1023 2447 1171 2474 tuorum.
1202 2444 1260 2474 Or.
1277 2446 1329 2474 23.
1359 2444 1522 2474 subtilitas
1544 2445 1667 2474 oratio-

924 2489 986 2517 nis.
1019 2488 1076 2518 Or.
1101 2487 1135 2516 ii.
1159 2490 1190 2521 7.
1220 2488 1382 2517 subtilitas
1406 2486 1540 2526 linguae.
1571 2488 1668 2519 Brut.

925 2534 976 2561 84.
1009 2531 1174 2561 subtilitas
1197 2531 1342 2561 minuta.
1372 2530 1445 2561 *ad
1467 2530 1532 2570 Qu.
1556 2531 1609 2562 Fr.
1634 2531 1669 2562 ii.

928 2578 977 2605 10.
999 2575 1162 2605 subtilitas
1177 2575 1297 2604 veteris
1310 2574 1523 2605 urbanitatis.
1547 2584 1577 2605 v.
1590 2575 1668 2606 sub-

923 2618 992 2648 tilis
1011 2622 1177 2648 venustas.

970 2661 1158 2691 Succedere.
1181 2661 1222 2691 ad
1235 2661 1311 2691 Div.
1323 2661 1386 2692 xvi.
1397 2663 1450 2693 21.
1466 2671 1543 2692 cum
1555 2662 1671 2693 omnia

926 2705 1008 2734 mihi
1024 2704 1124 2734 velles
1140 2714 1294 2735 successa.

971 2748 1139 2785 Suc-cidini,
1172 2758 1248 2778 caro
1277 2747 1377 2779 suilla
1410 2748 1504 2779 fumo
1538 2749 1670 2780 durata.

927 2791 1011 2821 Cato
1044 2792 1094 2822 16.
1127 2791 1262 2822 hortum
1294 2792 1357 2832 ipsi
1386 2792 1541 2832 agricolae
1569 2795 1676 2824 succi·

927 2835 1017 2865 diam
1033 2834 1171 2865 alteram
1189 2834 1374 2875 appellant.

973 2878 1175 2909 Succinctus.
1203 2878 1320 2917 Agrar.
1349 2880 1384 2912 ii.
1413 2881 1467 2912 32.
1502 2879 1673 2922 Carthago

928 2923 1093 2954 succincta
1108 2922 1283 2964 portubus.
