1920 3196
647 83 809 113 tubex
845 79 1279 111 cumco-LAmNus.
1628 68 1713 111 507

219 168 306 200 hanc
323 167 431 201 ιιιυῖαν
451 168 592 209 respexit
611 169 754 207 Atticus,
769 179 845 199 cum
872 168 943 199 Cae-

221 212 300 242 saris
322 214 518 243 comitatum
541 210 650 242 νεκυίοιγ
672 216 813 242 vocaret.
857 211 945 242 Nam

221 254 498 293 quemadmodum
522 255 647 284 umbrae
671 254 710 284 ad
734 253 883 293 Ulyssem
911 252 944 282 in

222 296 318 336 »ιιιυῖᾳ
342 296 478 326 Homeri
493 297 665 326 confluunt
684 296 884 334 frequentes,
899 295 945 325 sic

221 338 370 370 homines
402 337 568 377 flagitiosi,
598 337 785 373 facinorosi,
815 342 849 366 et
882 346 945 367 aere

222 381 330 411 alieno
360 380 483 416 obruti,
520 379 561 410 ad
598 381 762 411 Caesarem
799 379 943 410 conflue-

222 422 315 453 bant.

264 465 407 500 ιιὸκτιςα,
420 474 525 504 nuper
535 464 676 494 condita.
694 462 733 492 ad
748 462 818 494 Att.
833 463 875 493 vi.
890 464 922 494 2.

263 507 454 551 ηυτεξισμδς,
469 517 519 537 res·
533 515 631 536 noz'a'.
648 505 687 536 ad
703 507 773 536 Att.
790 506 853 536 xiv.
871 508 901 536 5.

262 552 327 591 ’ἧφι
349 552 401 582 καὶ
425 549 548 590 μίμνοιί
572 550 696 586 ἄσης-εἶν,
724 549 822 590 ἄρθρα
844 548 944 578 ταῦτα

220 594 277 624 ez„
306 595 416 637 φρενᾶν.
464 593 596 623 Sobrius
623 594 677 628 sis,
705 595 735 621 et
758 592 943 621 memineris

219 637 398 677 nonfaeile
414 635 553 671 credere,
571 635 602 663 hi
618 637 694 663 sunt
710 634 801 663 nervi
815 634 942 672 sapien-

220 680 286 716 tioe,
316 679 355 710 ad
383 679 454 710 Att.
482 678 503 707 i.
530 679 577 710 19.
601 675 721 706 Versus
754 675 943 716 Epicharmi

218 721 332 752 Poeta:
347 720 460 752 Siculi.

263 764 371 798 ιῖκωνος
408 763 471 805 περ)
500 760 708 799 πολυφαγίας,
740 759 878 790 [vicanis
905 759 945 789 de

219 806 391 837 edacitate.
409 805 450 836 ad
465 805 540 835 Div.
557 803 612 833 vii.
628 808 679 833 20.
695 802 760 833 vid.
781 802 816 832 in
839 801 942 832 Indic-

220 848 309 880 Hist.

260 889 457 933 νομανανδρίαν
479 888 722 919 excusationem
748 896 789 917 ne
809 896 941 926 accepe-

219 933 274 964 ris.
291 935 332 964 ad
346 934 420 965 Att.
435 943 464 962 v.
489 934 535 961 ll.
562 931 627 962 Alii
642 930 765 960 habent
781 927 940 970 νομανδρῖα.

217 975 418 1015 Adjiciemus
441 974 612 1012 utriusque
633 971 718 1002 verbi
744 972 942 1011 interpreta-

217 1018 338 1056 tiones,
355 1028 375 1049 a
388 1017 492 1048 doctis
507 1016 584 1046 viris
599 1014 793 1055 propositas
827 1019 940 1053 Νομαν-

218 1058 296 1103 'elur
328 1060 565 1091 excusationem
592 1057 706 1087 dicunt
735 1066 802 1086 esse
831 1056 941 1096 legiti-

219 1112 322 1140 mam,
339 1113 376 1133 ac
398 1102 466 1132 viro
481 1100 621 1130 honesto
637 1099 785 1138 dignam,
801 1108 941 1140 occupa-

216 1146 345 1176 tionem
369 1143 531 1174 videlicet.
574 1141 662 1172 Nam
687 1141 829 1171 adversae
854 1142 941 1172 vale-

218 1187 343 1218 tudinis
379 1185 545 1217 excusatio
581 1183 713 1214 mollior
740 1186 800 1213 est.
845 1184 941 1214 Hanc

218 1230 321 1269 igitur
361 1225 551 1270 (νομανδςῖαν)
592 1226 835 1256 excusationem
873 1236 941 1257 non

217 1272 291 1303 vult
312 1272 428 1312 accipi,
444 1270 531 1310 quod
551 1268 645 1299 nulla
659 1268 831 1308 occupatio
844 1273 941 1300 tanta

217 1315 275 1353 sit,
297 1319 336 1344 ut
362 1323 395 1344 se
418 1313 520 1354 possit
543 1321 562 1341 a
585 1310 762 1340 scribendis
785 1310 826 1341 ad
850 1310 939 1342 Atti-

217 1366 293 1387 cum
307 1355 411 1387 literis
424 1365 572 1386 avocare.
592 1353 644 1383 Ita
658 1353 841 1384 Manutius.
856 1353 941 1394 Pop-

217 1409 274 1430 ma
287 1403 404 1429 contra
420 1396 583 1440 νομανδςίοιν
597 1395 676 1426 dicit
698 1404 766 1425 esse
783 1401 939 1426 constan-

216 1442 300 1472 tiam
317 1441 482 1471 Ciceronis
497 1442 531 1470 in
550 1438 752 1479 praefecturis
769 1438 939 1469 conferen-

216 1483 288 1521 dis;
312 1493 376 1523 qua
396 1487 582 1513 commotus
606 1490 672 1510 non
694 1480 874 1520 scripsisset
899 1480 940 1511 ad

217 1526 380 1562 Atticum,
407 1535 448 1555 ne
478 1535 572 1556 suam
601 1524 822 1553 constantiam
852 1522 939 1553 defe-

217 1568 325 1598 rendis
341 1568 502 1608 praefectis
518 1570 675 1597 tentaret.
699 1564 762 1595 Sed
775 1565 939 1604 quomodo

217 1610 288 1641 haee
313 1611 479 1640 excusatio
503 1609 564 1640 dici
597 1608 711 1647 possit,
739 1616 806 1637 non
833 1607 937 1639 video·

217 1653 324 1683 causa
339 1652 449 1692 potuit
461 1661 529 1683 esse
545 1651 738 1682 omissamm
754 1649 938 1687 literarum,

216 1695 273 1725 ned
289 1705 354 1734 qua
369 1703 435 1724 non
450 1694 545 1725 facile
567 1692 608 1723 ad
622 1691 843 1722 excusandum
864 1696 938 1722 ute—

216 1743 319 1768 retur.
364 1736 454 1767 Idem
471 1737 533 1767 dici
550 1738 659 1776 potest
680 1734 719 1764 de
741 1734 938 1774 interpreta-

215 1780 307 1811 tione
337 1777 546 1822 νομανωνδςῖας.
590 1774 801 1818 Νομανανδρῖοιν
822 1777 939 1808 Bosius

215 1822 467 1862 interpretatur,
486 1821 747 1852 detrectationem
762 1817 937 1859 proefectu-

215 1874 348 1900 rarum,
364 1875 390 1895 s.
406 1865 619 1894 vacationem.
663 1861 728 1892 Eas
751 1871 826 1892 cum
847 1862 938 1892 Atti-

216 1916 273 1937 cus
290 1917 310 1937 a
325 1907 482 1937 Cicerone
496 1903 687 1946 quibusdam
704 1904 864 1944 petiisset,
879 1913 938 1933 no-

215 1947 314 1979 luisse
330 1949 523 1980 Ciceronem
541 1946 747 1987 respondere.
791 1946 938 1987 Quomo-

216 1992 258 2021 do
281 1990 416 2022 tandem
442 2000 556 2030 rogare
581 1993 703 2030 potest,
731 1998 771 2018 ne
798 1988 939 2028 accipiat

215 2032 302 2064 hanc
321 2033 577 2064 excusationem.
621 2031 757 2062 Rustica
778 2036 863 2061 esset
882 2030 940 2061 illa

216 2076 395 2112 excusatio,
412 2085 509 2114 quam
526 2075 626 2106 etiam
647 2078 780 2112 rogatus
796 2083 863 2103 non
885 2083 938 2104 ac·

215 2118 339 2157 ciperet
361 2118 500 2150 Atticus.
544 2116 624 2147 Noli
647 2115 816 2156 suspicari,
839 2115 938 2145 debu—

214 2162 293 2191 isset
320 2160 472 2195 scribere,
499 2169 553 2190 me
580 2162 714 2200 propter
743 2156 941 2200 νομανανδρίαν

215 2202 392 2243 scripsisse.
437 2202 587 2233 Fortasse
623 2209 691 2231 non
722 2210 820 2232 sanus
849 2201 940 2232 locus

216 2249 277 2276 est.

259 2287 469 2328 νομοφύλακες,
487 2289 599 2326 legum
621 2286 775 2322 custodes,
797 2285 836 2316 de
861 2285 940 2326 Leg.

215 2329 262 2361 iii.
288 2334 339 2362 20.
383 2331 602 2370 Magistratus
629 2328 859 2366 Athenienses,
885 2329 941 2368 qui

214 2371 325 2412 legum
343 2383 454 2404 curam
478 2373 658 2407 habebant,
675 2375 709 2401 et
731 2370 819 2401 facta
835 2371 942 2401 homi-

215 2423 296 2445 num
313 2415 545 2451 observabant,
570 2413 612 2444 ad
633 2413 787 2452 legesque
810 2423 942 2444 revoca-

214 2456 309 2494 bant,
325 2458 413 2487 conf.
430 2457 584 2497 Xenoph.
603 2457 776 2486 OEconom.
794 2459 824 2489 9.
840 2458 889 2486 14.
903 2466 943 2485 ex

215 2509 280 2538 quo
296 2500 430 2539 repetiit
447 2498 626 2530 Columell.
644 2498 687 2529 R.
702 2498 744 2528 R.
761 2498 816 2527 xii.
832 2500 863 2528 3.
887 2498 943 2527 ubi

215 2541 288 2571 vide
304 2541 454 2582 Inter-pp.
471 2541 513 2571 cf.
532 2539 830 2571 Potter.Archaeol.
847 2540 904 2570 Gr.
921 2540 942 2570 i.

218 2586 268 2613 13.
311 2584 374 2613 Sed
399 2583 590 2622 adjiciemus
612 2583 722 2613 locum
742 2592 782 2612 ex
799 2583 942 2612 OEcono-

214 2627 302 2655 mico
332 2625 566 2666 Xenophontis
595 2623 721 2655 latine:
755 2623 946 2655 Civitatibus

207 2668 412 2708 primoribus
442 2671 538 2707 atque
560 2668 687 2706 optimis
708 2676 770 2697 non
799 2667 878 2697 satis
899 2670 946 2696 est

213 2711 322 2741 visum
347 2711 444 2740 bonas
461 2711 547 2748 leges
569 2709 698 2744 habere,
717 2709 781 2739 m'sz'
803 2708 946 2739 custodes

214 2761 332 2790 earum
367 2751 632 2791 diligentissimos
667 2754 840 2787 creassent,
870 2760 946 2790 quos

220 2794 341 2831 Graeci,
360 2794 567 2834 νομοφύλακας
591 2795 769 2834 appellant.
813 2792 946 2824 Horum

213 2841 289 2868 erat
303 2837 464 2879 officium,
479 2846 541 2877 εοε,
554 2837 611 2878 qui
633 2836 757 2877 legibus
772 2839 945 2878 parerent,

987 167 1138 198 laudibus
1146 167 1310 208 prosequi,
1326 174 1384 195 nec
1399 163 1506 194 minus
1522 163 1711 201 Ῐιοησνίὸαες

987 220 1036 240 eos
1064 214 1188 245 autem,
1216 210 1271 248 qui
1300 207 1424 246 legibus
1453 215 1517 236 non
1539 210 1712 246 parerent,

981 253 1085 292 poenis
1100 253 1262 282 mulctare
1278 251 1337 281 &a

1328 380 1369 407 Ε.

1028 463 1118 502 ξεςός,
1130 464 1263 504 politus.
1279 460 1320 492 ad
1334 460 1405 490 Att.
1421 459 1477 490 xii.
1496 460 1548 491 46.
1592 461 1654 492 Sed
1676 462 1711 494 id

987 508 1124 536 verbum
1139 516 1199 545 ego
1216 505 1329 535 delevi.

1027 549 1101 587 ξυνὸς
1118 549 1256 584 ἐνυάλιος,
1270 544 1450 576 communis
1464 544 1569 575 Mars.
1585 544 1625 575 ad
1637 545 1710 577 Att.

986 591 1042 623 vii.
1061 595 1094 624 8.
1110 602 1149 622 ex
1167 591 1268 622 Hom.
1286 587 1379 619 Iliad.
1396 590 1432 618 Σ.
1449 596 1479 616 v.
1494 590 1570 622 309.

1327 724 1362 749 Ο.

1027 801 1171 841 ὅξελῖζειν,
1191 810 1271 832 veru
1292 803 1417 830 notare.
1440 798 1482 828 ad
1504 799 1579 831 Div.
1596 800 1638 832 ix.
1658 804 1708 833 10.

985 851 1032 877 est
1044 852 1213 885 tamquam
1229 843 1379 882 spurium
1400 839 1544 879 rejicere.
1592 842 1709 875 Obelus

985 890 1072 920 enim
1082 888 1159 928 suit
1181 888 1313 924 siguum
1337 884 1541 921 criticorum,
1557 895 1616 924 quo
1631 896 1709 926 spn-

984 932 1038 961 ria
1064 941 1085 962 a
1112 929 1265 969 genuinis
1294 927 1520 957 discernerent.
1547 928 1609 957 vid.
1634 929 1708 959 Me-

985 984 1061 1014 nag.
1085 973 1126 1003 ad
1147 971 1262 1002 Laert.
1279 970 1324 999 iii.
1342 969 1394 999 66.
1412 979 1442 1008 p.
1465 970 1532 999 16⁴2.
1560 970 1707 1001 Eschen-

984 1017 1078 1047 bach.
1101 1016 1140 1046 de
1166 1013 1246 1044 Not.
1269 1011 1354 1043 Crit.
1376 1020 1449 1051 pag.
1479 1013 1552 1042 232.
1576 1022 1644 1052 sqq.
1672 1017 1708 1043 et

984 1058 1051 1090 alii.

1026 1102 1039 1131 ὅ
1055 1098 1179 1141 ’γναφεὺς
1195 1095 1466 1140 ἀνθρακεὺς,,ᾒιῖἶο
1481 1097 1707 1135 carbonarius,

983 1143 1024 1173 ad
1040 1147 1111 1174 Att.
1130 1153 1181 1172 xv.
1197 1144 1227 1172 5.
1245 1141 1386 1170 fullones
1402 1149 1419 1168 e
1436 1139 1580 1169 vestibus
1601 1140 1706 1171 sordi·

983 1186 1032 1216 dis
1047 1184 1199 1217 candidas
1214 1183 1362 1220 faciunt;
1387 1181 1568 1211 carbonarii
1591 1187 1705 1214 autern

984 1229 1069 1268 nigri
1097 1232 1133 1258 et
1156 1225 1275 1256 sordidi
1300 1228 1388 1254 sunt.
1433 1223 1465 1252 Si
1496 1224 1597 1262 igitur
1621 1224 1705 1255 fullo

982 1270 1069 1302 idern
1092 1271 1135 1300 sit
1159 1267 1382 1303 carbonarius,
1405 1266 1528 1296 frustra
1549 1267 1582 1297 in
1605 1268 1706 1298 vesti-

982 1313 1042 1344 bus
1078 1310 1256 1353 purgandis
1285 1308 1458 1339 laborabit.
1503 1307 1591 1339 Hinc
1627 1319 1705 1350 pro-

982 1355 1130 1386 verbium
1153 1359 1202 1384 est
1223 1351 1348 1392 γναφεὺς
1370 1350 1531 1394 obsecuti&
1556 1351 1591 1381 in
1613 1361 1705 1388 eum,

982 1399 1050 1437 qui,
1072 1396 1157 1437 quod
1179 1396 1295 1426 melius
1319 1394 1450 1425 reddere
1472 1398 1625 1431 conatur,
1648 1394 1705 1425 de-

981 1441 1083 1471 terius
1099 1439 1190 1470 facit.

1023 1481 1076 1513 ὂδὲ
1090 1481 1225 1521 μαίνεται
1240 1481 1277 1511 ἐκ
1299 1480 1342 1511 ’ἔτ’
1363 1478 1503 1516 «ἑνεκα-ὦς,
1519 1480 1571 1509 hic
1592 1483 1705 1510 autem

980 1525 1105 1556 insanit
1126 1525 1182 1561 sie,
1199 1528 1237 1554 ut
1246 1523 1341 1564 ferri
1359 1523 1501 1561 amplius
1516 1531 1579 1552 non
1588 1523 1704 1562 possit.

981 1567 1021 1598 ad
1051 1569 1115 1609 Qu.
1144 1567 1196 1597 Fr.
1223 1567 1270 1597 iii.
1295 1569 1326 1599 9.
1358 1574 1467 1595 versus
1496 1564 1635 1595 Homeri
1664 1564 1705 1595 de

982 1610 1123 1651 Cyclope
1141 1608 1340 1649 Polyphemo
1354 1607 1468 1647 Odyss.
1485 1613 1509 1637 1.
1524 1609 1598 1637 350.

1088 1653 1131 1683 Σὺ
1145 1650 1172 1682 δὲ
1187 1650 1302 1691 μαίνεαι
1316 1651 1352 1680 ἐκ
1366 1650 1410 1680 ’ἔτ’
1423 1649 1562 1683 ἀνεκτίἱς.

1023 1695 1036 1725 o‘
1056 1694 1082 1726 δὲ
1107 1696 1144 1726 ἐκ
1169 1694 1320 1734 ἐμπάζετο
1340 1693 1453 1732 μύθων,
1476 1693 1528 1723 hic
1547 1702 1622 1722 vero
1640 1702 1705 1724 non

980 1740 1131 1775 curabat,
1147 1747 1217 1778 quoe
1239 1737 1443 1773 dicebantur,
1466 1735 1508 1766 ad
1523 1737 1595 1766 Att.
1611 1735 1654 1765 iv.
1671 1738 1703 1769 7.

980 1791 1019 1812 ex
1037 1781 1173 1811 Homer.
1190 1779 1305 1820 Odyss.
1320 1784 1358 1809 A.
1371 1781 1443 1812 271.
1460 1780 1533 1808 305.

1022 1821 1070 1854 533
1090 1824 1246 1866 πάρεργον,
1263 1826 1387 1862 prater
1402 1821 1617 1861 propositum,
1640 1820 1705 1849 obi-

979 1870 1030 1896 ter
1059 1867 1195 1903 dictum,
1223 1865 1392 1903 digressio,
1420 1862 1461 1894 ad
1488 1863 1561 1893 Att.
1589 1872 1620 1892 v.
1650 1865 1703 1894 521.

980 1909 1035 1939 vii.
1057 1912 1084 1940 l.

1022 1950 1068 1981 οἵα
1084 1951 1116 1991 γ’
1131 1950 1147 1982 ἧ
1162 1948 1294 1980 δέσποινα
1308 1960 1316 1986 ;
1340 1948 1404 1978 hoc
1420 1946 1626 1987 proverbium
1651 1957 1703 1987 ap.

981 1993 1168 2029 Platonem,
1192 1992 1291 2022 Polit.
1309 1990 1374 2021 viii.
1395 2001 1428 2030 p.
1445 1992 1521 2023 723.
1545 1994 1594 2019 est
1619 1989 1705 2019 inte-

980 2045 1098 2075 grum:
1124 2035 1170 2066 οἵα
1193 2035 1224 2074 γ’
1249 2034 1266 2066 ἧ
1293 2033 1435 2068 δέσποινα,
1466 2031 1532 2062 *roa'oe
1561 2030 1587 2062 δί
1610 2031 1662 2061 καὶ
1686 2031 1706 2064 ἦ

980 2078 1069 2109 xiim:
1087 2078 1194 2118 qualis
1210 2078 1302 2115 hera,
1318 2077 1394 2107 talis
1408 2080 1438 2106 et
1453 2076 1556 2111 canis,
1574 2074 1615 2105 ad
1629 2076 1704 2106 Att.

980 2132 1010 2153 v.
1032 2125 1080 2153 ll.

1023 2165 1133 2201 οἰκεῖοι,
1153 2164 1337 2203 proprium,
1361 2159 1640 2192 accommodatum
1662 2157 1710 2188 ad

980 2212 1153 2242 naturam,
1170 2205 1210 2236 ad
1225 2206 1297 2236 Att.
1313 2204 1335 2235 i.
1357 2207 1404 2234 10.
1420 2203 1520 2234 Acad.
1536 2202 1569 2231 ii.
1590 2204 1642 2231 1⁶2.

1025 2248 1255 2283 οἶκοδεστοτικὰ,
1283 2247 1392 2287 patris
1416 2245 1576 2286 familias
1604 2242 1708 2284 qffi't’io

983 2293 1214 2326 convenientia,
1230 2289 1270 2320 ad
1284 2291 1357 2320 Att.
1372 2288 1428 2318 xii.
1446 2290 1496 2318 44.

1025 2335 1182 2375 οἰκονομίαι,
1207 2333 1376 2372 dispositio,
1399 2331 1487 2367 ordo,
1511 2328 1552 2360 ad
1573 2329 1647 2359 Att.
1664 2328 1708 2359 vi.

1027 2419 1100 2453 οἶκος
1136 2419 1238 2459 φίλοςι
1277 2415 1405 2456 supple,
1434 2414 1507 2448 οἶκος
1536 2415 1641 2456 ἄξιε-ος,
1669 2410 1711 2443 ad

984 2465 1057 2495 Att.
1074 2473 1125 2493 xv.
1146 2463 1194 2493 16.
1209 2459 1273 2491 vid.
1290 2468 1389 2498 supra
1403 2459 1443 2490 ad
1460 2459 1499 2490 εἴη
1513 2471 1547 2497 μ.
1565 2464 1598 2496 φ.
1614 2469 1649 2486 οι.

1029 2506 1053 2535 οἵ
1078 2506 1129 2544 μὶν
1153 2505 1222 2547 παρ’
1238 2501 1297 2533 ὗῖἑν
1323 2502 1399 2538 εἷο-υ,
1421 2500 1459 2535 οἷς
1482 2499 1510 2531 δὲ
1533 2499 1591 2531 ἐδὶν
1615 2497 1713 2538 pastu,

986 2549 1046 2579 alii
1060 2548 1190 2588 quidem
1210 2555 1311 2586 prope
1332 2545 1416 2574 m'lcil
1435 2548 1512 2574 sunt
1520 2557 1531 2576 ,-
1555 2542 1631 2573 aliis
1652 2550 1712 2570 au-

986 2595 1049 2621 tem
1066 2591 1150 2620 nihil
1163 2598 1252 2619 curce
1265 2591 1321 2622 est,
1338 2586 1377 2616 ad
1393 2587 1462 2617 Att.
1478 2587 1499 2616 i.
1518 2588 1569 2616 ⁶20.
1592 2584 1716 2615 Versus

987 2632 1180 2668 Rhintonis‚
1198 2630 1237 2661 de
1251 2640 1315 2669 quo
1331 2629 1364 2659 in
1381 2628 1493 2659 Indice
1509 2627 1638 2658 Histor.

1029 2675 1053 2706 οἱ
1078 2675 1141 2717 περὶ
1164 2673 1262 2707 αὐτὸν,
1284 2673 1340 2712 qui
1364 2672 1453 2701 circa
1475 2671 1583 2710 ipsum
1606 2669 1718 2704 erant,

986 2717 1088 2758 ipsius
1091 2716 1302 2757 familiares,
1318 2714 1358 2744 ad
1373 2715 1446 2744 Att.
1460 2713 1529 2743 xiii.
1546 2714 1598 2742 52.

1031 2759 1161 2800 οἴχωναι,
1178 2758 1265 2787 ratio
1285 2757 1415 2795 quidem
1437 2756 1545 2786 hercle
1566 2754 1718 2793 apparet.

989 2807 1169 2841 argentum
1183 2799 1312 2839 οἴχεται,
1325 2799 1480 2839 disparet,
1495 2796 1665 2831 evanescit.
1680 2792 1722 2824 ad

990 2845 1064 2877 Att.
1080 2845 1124 2876 vi.
1143 2846 1172 2877 1.
1188 2843 1224 2875 in
1240 2841 1304 2874 Pis.
1320 2842 1376 2873 25.
