1920 3196
225 64 307 101 344-

230 161 320 190 fiunt
336 158 481 200 privati.)
511 161 604 191 Verr.
624 160 656 190 ii.
684 164 736 192 31.
761 163 870 192 liberet
895 162 958 202 By-

228 204 371 234 zantios.
402 203 420 222 *
436 205 506 234 Att.
531 205 593 234 xvi.
617 206 648 234 6.
671 205 864 235 Buthrotios
881 215 956 235 cum

231 246 342 277 Caesar
374 248 581 284 liberavisset,
611 258 655 277 sc.
681 258 722 277 ne
749 249 818 287 agri
842 258 955 278 eornm

230 300 271 320 ex
289 289 362 329 lege
376 291 506 329 agraria
528 291 763 321 dividerentur.
788 292 806 309 *Ψ
820 291 899 322 Har.
918 293 956 322 R.

232 336 263 364 8.
288 335 425 364 liberare
453 334 608 363 domurn:
649 336 709 364 int.
740 345 760 364 a
787 334 955 374 religione.

229 377 330 407 *Offi
362 378 382 407 i.
422 380 470 407 10.
495 376 649 416 pleraque
686 379 847 418 promissa
881 379 957 416 jure

230 421 386 460 praetorio
414 421 608 457 liberantur,
626 423 775 459 quaedam
794 422 895 451 etiam
914 422 958 451 le-

229 464 343 502 gibus:
383 474 429 493 se.
454 474 495 493 ne
521 474 560 493 ea
581 474 710 494 servare
735 475 862 503 cogare.
894 466 958 494 *in

229 508 409 537 libertatem
427 507 604 537 vindicare.
633 508 743 538 Caecil.
765 512 811 542 17.
844 509 956 538 libera-

226 560 264 579 re
279 560 312 580 se
330 561 350 580 a
372 551 512 580 Venere.
536 561 565 580 v,
585 552 710 581 liberta.
745 552 957 581 *sect-ruere.

227 593 328 624 Tusc.
346 595 367 623 i.
393 596 445 624 ⁶2⁶3.
468 594 598 623 divinus
622 596 753 625 animus
770 596 923 625 liberatus
939 606 958 625 a

231 646 380 677 corpore.
403 637 480 667 Nat.
493 639 536 668 D.
554 638 587 667 ii.
611 641 640 668 3.
664 638 747 677 pulli
766 639 890 668 liberati
904 649 957 667 ca-

228 690 299 711 vea.
323 680 343 699 ²*
359 680 400 710 ad
415 682 491 711 Div.
509 681 555 710 iii.
569 685 599 714 7.
617 681 658 710 ad
671 682 865 711 facultatem
880 682 957 711 zedi-

230 724 352 754 ficandi
369 725 507 754 liberare
522 724 666 762 aliquem
681 736 686 752 :
714 726 775 754 int.
792 726 832 754 ab
854 726 957 754 inter-

229 767 331 798 dicto.
355 767 373 785 *²
390 768 524 797 absolvi.
548 768 620 797 Mil.
641 771 689 798 18.
714 769 872 798 liberatur
889 778 956 798 non

227 811 398 852 profectus
427 821 521 841 esse:
561 812 720 841 innocens
751 818 799 841 est
831 813 865 842 in
905 822 956 848 eo,

229 855 321 894 quod
349 855 474 885 dicitur
503 855 671 894 profectus
697 864 778 884 esse.
802 855 865 884 Sed
891 855 957 885 vid.

232 902 303 928 not.
327 898 347 916 *²
363 898 403 928 de
423 899 601 938 praedibus,
618 899 798 938 opponitur
820 900 861 937 τῷ
875 899 956 928 obli-

229 951 319 980 gare.
343 942 384 971 ad
411 942 486 972 Div.
511 952 540 971 ν.
568 944 618 972 (2.0.
646 942 771 972 Volusii
798 943 956 972 liberandi

229 994 342 1015 mcum
360 985 425 1015 fuit
440 985 627 1014 consilium.
641 986 659 1002 '¹‘
671 986 704 1014 in
721 986 876 1025 auspiciis
892 990 954 1023 est,

227 1027 309 1068 Leg.
327 1029 359 1058 ii.
378 1032 406 1059 8.
430 1029 558 1068 templa
572 1029 709 1058 liberata
735 1035 769 1058 et
785 1030 883 1058 effata
899 1029 955 1058 ha-

227 1071 340 1102 bento.
398 1072 554 1102 Liberata
571 1072 698 1112 templa
720 1079 812 1109 sunt,
828 1082 901 1111 quae
919 1072 956 1102 li-

230 1114 349 1146 berum
366 1115 405 1145 ab
429 1117 521 1145 omni
544 1121 638 1156 parte
662 1121 873 1156 prospectum
900 1116 957 1145 ha-

229 1158 323 1189 bent.
341 1159 429 1189 Nam
443 1169 584 1198 augures
598 1169 673 1189 cum
687 1158 797 1188 locum
812 1159 954 1197 aliquem

229 1203 384 1242 auspiciis
399 1206 606 1239 consecrant,
620 1203 707 1241 quod
723 1208 772 1232 est
785 1203 888 1239 effari,
901 1203 956 1241 jus

225 1244 352 1276 habent
376 1246 549 1276 amovendi
566 1257 617 1283 ea,
635 1256 707 1284 quae
728 1247 861 1276 liberum
884 1256 957 1285 pro-

227 1294 381 1328 spectum
398 1290 597 1329 impediunt.
614 1300 643 1319 V.
660 1290 753 1319 Offic.
770 1290 817 1319 iii.
840 1291 887 1320 16.

270 1332 446 1369 Liberalia,
461 1334 642 1373 opponitur
657 1333 875 1362 damnationi.
889 1333 908 1350 ²*
920 1333 958 1362 li-

222 1375 475 1407 bidinosissimae
492 1378 702 1407 liberationes.
726 1377 790 1406 Pis.
809 1377 861 1407 36.

269 1419 406 1450 Liber-ta
427 1421 576 1450 Veneris.
610 1420 721 1450 t'aecil.
750 1423 797 1454 17.
823 1429 896 1458 qnae
920 1429 953 1449 se

225 1472 245 1492 a
266 1462 395 1493 Venere
418 1464 588 1494 liberavit:
616 1463 646 1493 h.
664 1474 693 1494 e.
717 1473 790 1503 quae
815 1464 958 1502 pecunia

225 1506 369 1537 redemit
403 1518 486 1537 onus
510 1518 528 1536 a
562 1508 740 1543 majoribus
765 1512 954 1546 acceptum,

225 1555 358 1580 sumtus
371 1552 483 1581 -certis
515 1551 652 1580 Veneris
676 1550 776 1580 sacris
800 1551 955 1590 suppedi-

224 1594 331 1632 tandi,
356 1595 443 1633 quod
466 1595 520 1633 qui
545 1594 768 1631 sustinebant,
793 1594 875 1623 servi
892 1594 956 1623 Ve-

225 1638 327 1674 neris,
352 1637 500 1676 Venerii,
525 1638 733 1667 dicebantur.
758 1637 822 1667 vid.
846 1638 952 1667 Graev.

223 1680 266 1710 ad
279 1680 312 1710 h.
330 1679 352 1710 l.

270 1724 434 1761 Libertas,
456 1723 618 1754 fortitudo
644 1725 678 1754 in
703 1725 881 1754 sententiis
906 1724 955 1754 di-

225 1767 353 1804 cendis,
370 1768 403 1797 in
422 1769 557 1806 agendis
576 1769 684 1805 rebus,
702 1778 773 1807 quae
791 1768 862 1797 aliis
889 1768 954 1798 dis-

223 1810 361 1850 plicent.
388 1811 499 1841 Planc.
526 1815 578 1842 38.
611 1816 771 1841 tamenne
795 1817 833 1841 tu
858 1813 951 1841 liber-

224 1858 326 1884 tatem
342 1855 487 1893 requires
514 1856 648 1884 meam?
687 1855 762 1884 ibid.
780 1858 831 1889 39.
857 1856 952 1886 liber-

224 1901 326 1928 tatem
351 1898 531 1928 dimittere.
563 1898 627 1928 vid.
655 1899 747 1928 liber.
771 1898 952 1938 *potestas

223 1940 328 1971 libera
343 1941 498 1979 faciendi,
515 1942 602 1980 quod
618 1941 711 1979 velis,
727 1942 814 1981 quod
830 1941 950 1981 placet.

224 1984 267 2014 ad
279 1985 356 2015 Div.
369 1986 389 2015 i.
405 1989 435 2016 8.
459 1986 589 2015 libertas
606 1986 639 2014 in
652 1996 720 2025 rep.
737 1986 950 2025 capessenda.

221 2028 242 2047 ³¹²
255 2028 379 2058 Caecin.
408 2031 455 2058 12.
480 2029 659 2058 imminuta
678 2030 820 2066 libertas,
836 2033 887 2059 est
902 2030 952 2058 in-

215 2070 319 2111 juria.
351 2072 524 2103 *Tirones
558 2076 690 2109 notent,
717 2083 794 2102 cum
821 2074 952 2103 libertas

222 2114 452 2145 conditionem
476 2120 510 2145 et
532 2120 658 2145 statum
685 2116 866 2154 significat,
891 2116 951 2147 du-

221 2158 345 2199 plicem
361 2159 432 2198 ejus
448 2159 513 2188 vim
540 2169 622 2189 esse.
668 2159 755 2189 Nam
782 2160 902 2199 primo,
919 2160 953 2190 id

224 2202 313 2241 quod
330 2203 542 2232 notissimum
568 2206 630 2240 est,
647 2205 828 2242 opponitur
852 2205 952 2233 servi-

222 2246 304 2283 tuti,
319 2249 353 2275 et
372 2250 423 2276 est
445 2247 667 2276 libertinorum
686 2251 787 2285 atque
810 2248 952 2286 ingenu-

223 2298 344 2319 orum:
371 2290 502 2327 deinde,
527 2290 659 2328 quando
683 2290 721 2319 de
750 2291 828 2319 civis
853 2291 950 2320 Rom.

223 2332 372 2362 libertate
388 2343 496 2363 sermo
522 2339 586 2370 est,
610 2344 648 2362 eo
675 2343 743 2362 uno
758 2334 857 2362 verbo
874 2343 952 2363 con-

222 2377 380 2417 tinentur
395 2377 606 2416 omniajura‚
617 2386 690 2415 quae
706 2377 791 2405 cives
809 2377 950 2408 Romani

221 2418 360 2457 habent,
386 2420 619 2459 suffragiorum
641 2420 867 2456 ferendorum,
895 2421 953 2449 ho-

222 2471 343 2493 norum
360 2464 511 2493 omnium
525 2463 757 2502 petendorum,
774 2473 953 2503 provocan-

220 2506 254 2536 di
271 2510 305 2537 et
320 2507 478 2546 qiucquid
494 2507 550 2544 jus
576 2506 671 2536 civile
701 2507 890 2537 universum
917 2511 952 2537 et

220 2549 310 2588 leges
333 2550 520 2580 tribunitiae
546 2555 581 2580 et
608 2550 806 2580 Consulares
833 2559 951 2579 sanxe-

220 2598 315 2630 runt,
338 2603 397 2633 pro
427 2593 540 2633 populi
565 2593 761 2629 commodis,
777 2598 950 2632 tamquam

217 2636 372 2674 Valeriae,
391 2637 519 2673 Porcia,
544 2636 699 2673 Publilia,
723 2637 875 2672 Horatia,
898 2641 949 2666 ta-

217 2679 364 2710 bellarioe
395 2681 453 2711 &a
477 2681 530 2710 Sic
553 2690 612 2720 pro
640 2680 762 2709 Caecin.
789 2683 841 2710 313.
872 2690 948 2710 eum

216 2723 382 2754 Arretinae
410 2723 558 2755 mulieris
584 2723 765 2753 libertatem
791 2723 948 2752 defende-

215 2776 288 2797 rem
306 2768 367 2797 διο.
401 2767 590 2803 Decemviri
608 2770 857 2796 sacramentum
887 2775 947 2796 no—

212 2814 321 2842 strum
342 2811 474 2849 justum
492 2810 739 2850 judicaverunt.
784 2810 857 2841 Hoc
877 2814 946 2840 sta—

733 74 879 103 INDEx
910 61 1205 104 1¹.AT1N1TA'r1s.

997 163 1112 193 eadem
1130 173 1230 193 causa
1252 166 1343 199 sunt,
1364 163 1444 203 (qua
1459 162 1528 193 scil.
1544 161 1600 193 illa
1624 161 1725 193 muli-

1000 206 1061 243 er)
1081 212 1115 236 et
1139 206 1211 245 lege
1233 211 1347 245 agant,
1363 213 1398 236 et
1416 216 1514 236 suum
1531 207 1588 245 jus
1612 215 1722 245 perse-

1001 255 1158 288 quantur,
1175 255 1210 279 et
1235 259 1349 279 omnes
1369 251 1444 288 jure
1471 250 1558 280 civili
1582 254 1723 279 utantur

1000 295 1058 322 &tn
1107 293 1152 323 Ex
1178 303 1242 331 quo
1266 292 1478 332 intelligitur,
1505 293 1538 322 in
1565 292 1628 322 hoc
1651 291 1724 322 loco

1001 337 1180 365 libertatem
1210 337 1288 376 poni
1327 346 1385 375 pro
1419 337 1495 375 jure
1527 336 1723 376 Quiritium.

999 379 1096 418 Apud
1111 379 1242 409 Livium
1258 380 1293 408 in
1309 380 1372 409 illis
1388 379 1665 419 disputationibus
1682 377 1723 408 de

1001 423 1280 452 communicando
1293 433 1368 452 cuni
1388 423 1480 463 plebe
1498 422 1673 452 consulatu
1688 425 1723 451 et

999 465 1175 503 similibus,
1198 466 1324 496 tribuni
1353 476 1484 505 semper
1509 477 1543 496 se
1574 475 1724 505 pugnare

998 509 1115 538 dicunt
1132 519 1190 548 pro
1215 519 1310 547 aeqna
1336 511 1502 540 libertale:
1534 509 1621 548 quod
1649 519 1724 548 pro-

997 551 1087 581 fecto
1118 552 1245 582 nullam
1283 553 1381 582 aliam
1414 554 1479 582 vini
1510 553 1620 589 habet,
1661 552 1723 582 nisi

998 594 1096 631 hano,
1113 600 1151 625 ut
1167 606 1282 625 omnes
1296 596 1427 626 ordines
1443 596 1559 625 iisdem
1577 605 1724 625 commo-

1000 638 1049 667 dis
1066 639 1146 678 reip.
1164 639 1279 669 eodem
1298 639 1374 676 jure
1398 645 1550 669 utantur.
1596 639 1639 669 Et
1658 639 1723 670 xIV.

1002 685 1048 712 15.
1077 682 1190 712 civitas
1206 686 1240 712 et
1264 684 1393 713 libertas
1418 683 1500 722 eripi
1524 682 1647 712 dicitur
1670 692 1726 712 eo-

1000 725 1075 754 dem
1093 735 1202 755 sensu.
1247 726 1335 756 Nam
1358 727 1413 764 qui
1439 727 1607 756 civitatem
1625 727 1726 756 amit-

998 769 1054 805 tit,
1080 778 1146 798 non
1169 769 1290 799 desinit
1314 770 1396 799 liber
1418 780 1501 806 esse,
1518 770 1576 799 sed
1599 770 1727 800 amittit

991 812 1048 850 jus
1074 812 1269 851 Qniritium.
1294 813 1381 842 conf.
1405 813 1516 842 Noodt
1540 813 1676 843 Observ.
1692 813 1726 843 ii.

999 857 1050 886 91.
1075 862 1108 885 et
1125 856 1326 894 SigouAnt.
1339 856 1370 885 J.
1390 856 1426 885 C.
1443 856 1482 886 R.
1502 857 1521 885 i.
1539 857 1570 886 6.

1044 899 1212 929 Libertini.
1246 900 1339 929 Orat.
1372 900 1392 929 i.
1423 904 1454 933 9.
1490 899 1586 929 Rosc.
1618 899 1657 929 A.
1690 903 1722 934 7.

996 943 1087 972 Sext.
1104 945 1156 972 45.
1175 943 1234 972 &e.
1257 950 1337 973 sunt
1351 942 1502 972 homines
1527 952 1544 972 e
1563 943 1663 973 servis
1688 945 1727 974 li-

999 986 1065 1015 beri.
1080 986 1171 1022 facti,
1189 992 1223 1015 et
1239 992 1455 1026 opponuntur
1470 987 1634 1025 ingenuis.

1042 1029 1178 1066 Liberti,
1195 1030 1295 1059 iidem
1316 1036 1395 1059 sunt
1419 1030 1475 1068 qui
1498 1031 1650 1067 libertini,
1667 1030 1726 1061 sed

998 1073 1044 1102 ita
1061 1073 1219 1102 dicuntur
1241 1073 1275 1102 in
1291 1073 1452 1103 relatione
1475 1074 1516 1103 ad
1533 1079 1724 1113 patronum.

1000 1115 1105 1145 Locus
1120 1117 1153 1145 in
1166 1116 1301 1146 Sueton.
1317 1116 1434 1146 Claud.
1453 1119 1504 1147 24.
1516 1117 1648 1147 induxit
1664 1118 1726 1147 im-

997 1160 1134 1199 peritos,
1160 1167 1199 1189 ut
1223 1160 1466 1197 existimarent,
1491 1162 1650 1191 liberfz‘nos
1677 1161 1727 1190 di-

999 1207 1067 1232 ctos
1085 1213 1154 1233 esse
1173 1204 1358 1233 libertorum
1374 1203 1478 1242 filios;
1504 1205 1591 1244 quod
1602 1210 1653 1234 est
1664 1204 1728 1234 fal-

998 1247 1177 1276 sissimum.
1201 1248 1379 1277 Suetonius
1395 1257 1462 1276 non
1480 1248 1541 1277 hoc
1558 1248 1651 1285 dicit,
1668 1248 1726 1279 sed

999 1290 1097 1330 Appii
1122 1290 1208 1320 Caeci
1230 1291 1434 1330 temporibus
1459 1301 1578 1321 nomen
1605 1292 1726 1322 liberti-

997 1343 1112 1363 norum
1132 1335 1290 1363 mansisse
1304 1335 1406 1363 etiam
1423 1335 1456 1364 in
1473 1336 1611 1374 posteris
1631 1336 1727 1365 liber-

998 1379 1153 1414 tinorum,
1182 1378 1331 1416 quamvis
1352 1378 1423 1416 jani
1448 1379 1613 1418 ingenuis.
1658 1378 1726 1409 Ita-

996 1431 1059 1459 que
1076 1421 1200 1450 tirones
1216 1421 1255 1450 ab
1278 1421 1340 1450 hoc
1369 1431 1479 1451 errore
1497 1422 1557 1452 sibi
1575 1426 1725 1461 caveant,

998 1465 1053 1503 qui
1070 1465 1171 1493 etiam
1197 1474 1287 1494 nunc
1314 1465 1521 1502 quorundam
1548 1465 1723 1496 doctorum

997 1509 1141 1537 virorum
1170 1508 1268 1537 libros
1294 1508 1433 1546 obsidet,
1450 1519 1530 1548 quos
1551 1510 1724 1540 nominare

998 1561 1064 1581 non
1081 1556 1129 1580 est
1148 1561 1292 1581 necesse.

1042 1595 1166 1631 Libido,
1197 1596 1342 1634 partium
1380 1595 1529 1625 studium
1561 1599 1595 1625 et
1624 1606 1726 1636 prava

997 1638 1161 1677 cupiditas
1175 1639 1315 1668 nocendi
1328 1643 1362 1668 et
1372 1643 1487 1668 contra
1495 1640 1551 1675 jus
1568 1639 1724 1671 faciendi.

996 1682 1107 1711 Rabir.
1133 1682 1226 1711 Perd.
1251 1686 1281 1713 5.
1302 1682 1427 1712 tabella
1445 1682 1591 1712 occultat
1622 1684 1726 1714 cibidi-

997 1735 1069 1755 uem
1089 1725 1257 1763 judicum.
1281 1725 1414 1756 Cluent.
1442 1727 1493 1756 522.
1518 1727 1609 1756 libido
1632 1727 1724 1764 judi-

998 1779 1086 1798 cum.
1112 1769 1203 1799 Verr.
1228 1770 1249 1798 i.
1272 1770 1325 1800 46.
1349 1769 1441 1799 libido
1456 1770 1489 1799 in
1508 1770 1585 1809 jure
1607 1770 1724 1800 dicun-

997 1812 1049 1842 do.
1084 1812 1298 1852 *opponitur
1332 1813 1465 1850 rationi,
1490 1819 1524 1843 et
1553 1814 1723 1852 significat

996 1856 1228 1895 cupiditatem.
1276 1857 1394 1896 Quint.
1411 1859 1443 1886 4.
1472 1856 1578 1886 multa
1595 1858 1725 1888 libidine

995 1908 1061 1929 non
1086 1900 1213 1929 ratione
1237 1901 1400 1939 gessisset.
1425 1900 1495 1930 Fin.
1523 1901 1544 1929 i.
1570 1901 1600 1930 6.
1625 1900 1725 1931 decli-

995 1944 1087 1973 natio
1112 1943 1152 1972 ad
1175 1945 1338 1973 libidinem
1363 1944 1525 1982 fingitur:
1555 1944 1576 1974 i.
1602 1954 1630 1974 e.
1652 1945 1722 1974 sine

996 1986 1116 2016 idonea
1147 1988 1286 2016 ratione.
1319 1987 1430 2016 *cuni
1462 1987 1566 2026 genit.
1598 1988 1643 2017 rei
1671 1993 1722 2019 est

995 2030 1171 2069 cupiditas.
1197 2030 1322 2060 Heren.
1347 2032 1392 2060 iii.
1416 2033 1446 2061 3.
1470 2031 1589 2062 nimias
1618 2032 1722 2062 libidi-

992 2083 1048 2103 nes
1063 2073 1209 2110 honoris,
1225 2075 1375 2113 peeuniae
1393 2074 1451 2104 ἃς.

1039 2117 1228 2147 Libidinose.
1252 2117 1344 2148 verr.
1362 2118 1407 2147 iii.
1421 2118 1472 2152 69.
1495 2127 1555 2157 pro
1570 2117 1720 2157 libidine,

994 2165 1033 2190 ut
1049 2161 1181 2190 lihitum
1199 2165 1260 2191 est.

1040 2204 1303 2241 Libramentmn,
1328 2207 1378 2233 est
1399 2204 1588 2244 superficies
1614 2215 1722 2245 aquae,

995 2249 1207 2278 continenter
1223 2247 1405 2284 declinans,
1416 2253 1453 2277 ut
1469 2247 1534 2277 labi
1550 2258 1636 2287 aqua
1649 2259 1725 2289 pos-

995 2292 1061 2329 sit,
1086 2292 1152 2320 sive
1177 2291 1304 2321 diversa
1325 2301 1419 2329 aquae
1442 2291 1600 2329 altitudo,
1627 2293 1722 2331 eujus

995 2335 1189 2364 extremitas
1224 2339 1349 2374 puncto
1383 2334 1518 2372 finitur3
1558 2335 1646 2374 qnod
1670 2341 1722 2366 ta-

996 2388 1073 2407 nien
1090 2377 1291 2416 intelligitur
1311 2377 1422 2414 modu,
1439 2384 1476 2408 ut
1497 2384 1626 2418 puncta
1652 2389 1722 2409 ma-

994 2422 1269 2458 thematicorum,
1297 2426 1335 2451 ut
1361 2427 1526 2460 punctum
1550 2423 1583 2451 in
1612 2423 1722 2452 medio

993 2465 1074 2504 jugo
1092 2464 1195 2502 librae,
1215 2464 1302 2504 quod
1317 2468 1350 2494 et
1366 2465 1473 2503 ipsum
1492 2466 1721 2496 libramentum

996 2508 1143 2538 vocatur.
1166 2508 1267 2538 Acad.
1283 2509 1325 2538 iv.
1342 2509 1394 2538 36.
1418 2514 1580 2548 punctum
1597 2514 1647 2539 est
1664 2520 1722 2539 ex-

994 2552 1160 2588 tremitas,
1189 2557 1223 2582 et
1253 2552 1345 2590 quasi
1374 2553 1615 2583 libramentum.
1645 2553 1721 2583 add.

995 2595 1160 2625 Harduin.
1208 2595 1250 2625 ad
1292 2594 1376 2625 Plin.
1414 2597 1501 2626 xxxi.
1538 2600 1618 2627 sect.
1666 2599 1720 2628 31.

995 2639 1116 2667 xxxvii.
1135 2648 1160 2668 s.
1174 2643 1205 2672 9.
1224 2642 1277 2669 43.

1038 2679 1244 2719 Librarium,
1267 2691 1366 2722 capsa
1392 2681 1565 2719 librorum,
1590 2681 1721 2712 charta-

994 2734 1079 2754 rum.
1098 2725 1170 2755 Mil.
1191 2728 1240 2757 12.
1263 2726 1436 2756 librarium
1457 2725 1570 2765 legum
1593 2730 1719 2755 vestra-

991 2777 1079 2797 rum.

1033 2810 1219 2851 Librarius,
1243 2822 1355 2849 servus
1378 2811 1497 2844 scriba.
1519 2811 1599 2852 Agr.
1623 2811 1658 2843 ii.
1684 2813 1715 2843 5.
1756 2800 1759 2801 ⁷

211 2854 275 2885 tim
285 2855 333 2886 sic
351 2855 613 2896 interpretatur:
637 2857 676 2885 ut
691 2863 820 2893 omnes,
833 2854 890 2895 qui
908 2854 942 2885 in
987 2853 1044 2885 Or.
1061 2855 1107 2886 iii.
1122 2858 1176 2888 44.
