1920 3196
3 2138 9 2172 2..-
0 1994 8 2130 2³²<aess-
0 1937 6 1985 -r

635 126 780 155 INDEX
811 125 1107 154 LATINJTA'rts.

118 216 210 247 onim
237 216 393 246 stomachi
423 215 503 253 mci,
534 215 628 254 cujus
645 217 683 245 tu
709 214 853 245 similem

119 259 288 299 quondam
302 259 456 296 habebas,
472 259 505 288 in
521 257 698 288 hominum
711 258 856 288 insolen-

121 303 209 332 tium
227 302 427 341 indignitate
444 302 628 332 fastidium.
653 302 693 331 ad
708 302 785 332 Diva
802 301 856 332 vii.

123 349 152 377 1.
177 346 245 376 ludi
270 346 526 385 apparatissimi,
543 345 600 375 sed
628 355 694 375 non
717 345 768 375 tui
795 349 857 375 sto-

119 390 238 419 machi.
264 389 342 419 ibid.
360 390 427 419 viii.
447 392 494 420 13.
518 390 676 419 stomacho
692 392 742 418 cst
760 389 855 418 Pom-

121 433 214 473 peius
241 433 289 463 M.
323 443 413 463 nunc
444 433 493 463 ita
520 432 707 471 languenti,
726 437 763 462 ut
791 432 856 469 vix,

121 475 210 515 quod
226 477 287 506 sibi
305 476 448 516 placeat,
467 477 620 516 reperiat.
647 475 725 505 ibid.
754 476 798 506 ix.
824 478 855 507 2.

118 520 326 550 consuetudo
364 520 524 550 diuturna
560 519 682 549 callum
699 520 771 559 jam
797 519 854 549 ob-

117 563 215 594 duxit
228 565 388 594 stomacho
405 574 488 594 meo.

165 606 331 645 Stragula
357 608 456 637 vestis
483 607 579 637 Rosc.
607 606 682 637 Am.
714 607 768 637 46.
792 609 855 645 est,

120 660 186 689 qua
204 650 280 680 lecti
297 658 507 688 sternuntur,
525 651 734 690 peristroma.

165 694 380 733 Stragulwit,
400 695 499 725 idem.
516 695 617 724 Tusc.
632 705 662 724 v.
679 696 731 725 21.
757 693 858 724 eollo-

120 738 185 768 cari
197 738 300 777 jussit
313 739 480 768 hominem
493 739 526 767 in
544 748 644 767 aureo
659 737 758 775 lecto,
775 743 859 767 stra-

119 786 156 811 to
172 781 408 821 pulcherrimo,
426 782 534 811 textili
552 783 714 820 stragulo,
730 782 859 820 magni-

121 825 193 855 ficis
221 826 373 866 operibus
400 826 500 865 picto.
534 825 705 862 Ceterum,
729 829 768 854 ut
795 825 858 854 hoc

122 869 228 899 obiter
252 879 420 906 moneam,
437 870 471 900 in
497 869 528 899 h.
546 868 567 898 l.
585 869 763 908 legendum
781 878 859 898 cen-

120 922 198 942 seo:
225 913 458 952 pulcherrime.
501 912 622 943 Lectus
639 922 758 942 aureus
775 919 859 942 stra-

120 960 177 986 tus
199 962 271 986 erat
299 956 534 996 pulcherrime,
562 966 681 996 nempe
708 955 856 995 stragulo

122 1000 231 1029 textili
267 1010 371 1038 eoque
402 1001 502 1039 picto.
537 1000 590 1029 Sic
624 1000 707 1029 Phil.
740 1000 773 1030 ii.
805 1002 857 1033 27.

121 1043 228 1073 lectus
255 1047 381 1073 stratus
408 1043 617 1083 conchyliato
647 1043 859 1084 peristroma-

119 1090 166 1117 te.

167 1130 385 1168 Strangvriu,
403 1129 577 1160 difficultas
591 1134 625 1160 et
637 1129 732 1161 dolor
743 1130 777 1160 in
792 1131 859 1160 uri-

125 1184 170 1205 na
187 1174 361 1204 mittenda.
384 1173 521 1204 Tuscul.
538 1174 571 1204 ii.
593 1178 640 1208 19.

166 1218 333 1253 Stratum,
353 1217 509 1248 laudatur
525 1228 541 1248 e
558 1218 659 1248 Tusc.
676 1227 706 1247 v.
722 1219 775 1250 21.
799 1217 857 1248 sed

121 1261 186 1291 vid.
204 1261 402 1300 stragulum.

167 1305 339 1336 Strenuus.
363 1304 446 1335 Phil.
465 1305 564 1336 ii.3⁶2.
587 1305 739 1335 celeriter
753 1305 808 1336 isti
825 1308 859 1335 et

122 1349 250 1385 redisti,
274 1354 311 1378 ut
327 1354 541 1388 cognosceret
556 1355 603 1386 te,
620 1350 646 1379 si
665 1349 775 1379 minus
792 1349 858 1380 for-

120 1397 206 1427 tem,
223 1398 373 1422 attamen
387 1397 566 1423 strenuum.

168 1436 330 1473 Strictim,
356 1437 475 1474 obiter,
498 1437 652 1467 breviter.
676 1437 733 1467 Or.
757 1437 777 1466 i.
803 1438 856 1468 35.

123 1481 260 1510 strictim
279 1480 459 1519 adspicere.
486 1479 566 1510 Coel.
592 1484 623 1514 7.
645 1481 783 1511 strictim
801 1490 857 1520 po-

123 1533 212 1554 nere.
247 1524 315 1554 Att.
345 1524 380 1554 ii.
414 1527 441 1554 l.
463 1525 602 1555 strictim
628 1525 793 1564 attingere
821 1523 859 1554 li-

124 1567 233 1597 bruni.

166 1610 309 1641 Stridor.
343 1610 420 1650 Agr.
451 1611 485 1641 ii.
517 1612 568 1642 26.
594 1612 661 1642 veri
688 1614 723 1641 et
759 1611 855 1642 fortis

119 1654 249 1685 tribuni
277 1654 321 1695 pl.
344 1654 513 1685 stridorem
544 1665 649 1685 unum
677 1655 762 1685 ferre
791 1665 858 1686 uon

125 1699 238 1739 possit.

168 1741 327 1780 Strigih'S,
351 1741 615 1773 instrumentum
642 1742 798 1772 balneare
825 1746 859 1772 et

121 1786 329 1822 tinctorium,
345 1796 408 1825 quo
424 1786 464 1816 ad
481 1787 664 1817 radendum
682 1787 855 1826 detergen-

124 1829 270 1868 dumquc
290 1839 407 1869 corpus
425 1831 608 1860 utebantur
623 1831 656 1860 in
674 1830 858 1860 sudationi—

124 1873 197 1910 bus,
214 1873 392 1903 lotionibus
416 1879 450 1903 et
472 1875 700 1904 unctionibus.
717 1875 756 1904 de
773 1884 812 1903 ea
829 1884 858 1903 v.

123 1916 353 1950 Eschenbach.
369 1917 458 1947 Diss.
475 1917 514 1947 de
538 1918 762 1948 Unctionibus
780 1928 807 1947 c.
827 1920 858 1947 3.

122 1970 155 2000 p.
171 1963 247 1994 473.
269 1970 295 1990 5.
312 1961 367 1999 qui
385 1968 419 1990 et
435 1972 465 2001 p.
484 1964 557 1992 483.
583 1962 705 2001 figuras
721 1960 858 2000 strigilis

123 2003 270 2040 exhibet,
288 2014 368 2043 quas
386 2010 420 2034 et
449 2005 558 2035 videre
575 2005 653 2035 licet
670 2015 723 2045 ap.
738 2005 858 2043 Pigno—

123 2047 211 2077 rium
235 2047 274 2077 de
292 2048 404 2084 servis,
422 2048 578 2088 aliosque.
604 2049 674 2078 Fiu.
693 2049 735 2081 iv.
756 2051 804 2081 1'2.
832 2048 858 2078 si

126 2090 167 2120 ad
186 2090 277 2120 illam
295 2091 445 2131 ampulla
460 2099 518 2122 aut
535 2094 674 2131 strigilis
690 2093 837 2122 accedat.

169 2134 348 2173 strigosus,
380 2135 420 2165 de
445 2141 588 2169 oratore.
610 2136 704 2167 Brut.
737 2137 784 2166 16.
809 2138 860 2165 est

122 2181 196 2209 toto
227 2188 347 2217 genere
376 2181 563 2219 strigosior:
589 2180 620 2210 h.
653 2190 682 2210 e.
712 2180 859 2216 tenuior,

117 2222 276 2261 jejunior.
308 2222 432 2254 (licitur
455 2224 543 2254 euim
562 2224 692 2263 proprie
710 2224 749 2253 de
767 2223 859 2262 equis

124 2266 231 2295 macie
258 2266 431 2303 confectis,
454 2266 510 2297 Gr.
528 2267 670 2309 ὢτςόφως.
689 2278 717 2297 v.
736 2267 859 2299 Victor.

126 2308 202 2338 Var.
222 2309 312 2339 Lect.
331 2309 369 2339 iv.
388 2312 440 2341 ⁴2⁶2.

167 2352 368 2392 Strophium.
395 2353 474 2384 Har.
490 2353 530 2384 R.
548 2356 600 2384 c21.
626 2354 659 2385 P.
684 2354 817 2385 Clodius
845 2363 865 2384 a

125 2402 274 2434 erm-uta,
301 2407 319 2426 a
336 2398 449 2433 mitra,
475 2407 494 2427 a
511 2397 727 2428 muliebribus
751 2397 861 2434 soleis,

122 2441 365 2480 purpureisque
395 2440 547 2478 fasciolis,
573 2452 592 2471 a
613 2443 863 2481 strquhio—re-

124 2491 226 2523 pente
253 2484 361 2513 factus
388 2489 439 2514 est
467 2484 646 2524 popularis.
674 2486 862 2525 Strophium

123 2526 157 2557 h.
177 2527 197 2557 l.
215 2528 481 2567 interpretantur
496 2528 536 2558 de
553 2528 701 2566 fasciola,
718 2539 784 2568 qua
806 2538 863 2568 pa-

126 2570 223 2610 pillas
256 2570 388 2601 femina»
427 2572 636 2602 coercebant.
668 2573 732 2602 vid.
756 2571 864 2602 Inter-

127 2618 210 2653 prct.
237 2615 276 2644 ad
304 2615 427 2645 Catull.
460 2616 564 2655 epigr.
593 2616 644 2647 65.
670 2616 794 2646 Ferrar.
825 2615 863 2645 R.

125 2656 166 2686 V.
195 2668 224 2693 ir.
256 2659 276 2687 i.
302 2657 323 2687 l.
357 2659 403 2689 iii.
431 2669 458 2690 c.
483 2660 535 2690 2⁷1.
560 2659 684 2689 Graecis
713 2658 808 2689 ταινία
831 2666 865 2688 et

126 2699 271 2739 «παίδων,
290 2706 328 2731 ut
344 2709 460 2734 auctor
476 2708 525 2732 est
544 2703 660 2733 Pollux
677 2703 730 2733 vii.
749 2706 800 2733 54.
823 2701 866 2733 cf.

129 2744 252 2784 (ἴῃ-μετ.
270 2745 347 2775 Obs.
367 2747 387 2775 i.
406 2746 437 2775 6.
462 2746 549 2784 quod
568 2747 648 2777 mihi
666 2756 759 2776 secus
777 2745 866 2776 vide-

125 2790 191 2817 tur.
215 2788 303 2818 Nam
322 2790 347 2818 si
364 2789 426 2819 hoc
454 2789 594 2829 strophii
618 2800 722 2829 genus
751 2789 867 2820 Clodio

127 2830 258 2869 damus,
285 2833 385 2862 etiam
406 2833 542 2872 papillas
568 2833 589 2863 f<
603 2835 770 2863 minarum
798 2841 868 2862 tur-

129 2874 222 2913 gidas
239 2876 270 2905 ci
297 2875 414 2906 demus
448 2886 582 2906 necesse
608 2884 684 2915 est;
709 2877 796 2916 quod
820 2880 871 2906 est

127 2917 321 2953 ridiculum.
355 2920 562 2952 Putabamus
578 2920 772 2963 aliquandO,
788 2926 870 2952 scro-

1554 109 1638 146 439

892 216 1012 254 phium
1029 224 1099 245 esse
1114 212 1149 244 h.
1165 211 1187 242 l.
1205 219 1361 241 coronam
1378 218 1396 238 e
1422 206 1573 248 pluribus
1601 209 1637 236 et

899 258 1184 288 diversicoloribus
1220 255 1330 285 fasciis
1368 256 1507 290 tortam,
1548 249 1637 290 quod

898 311 1004 340 genus
1028 303 1062 331 in
1089 301 1234 331 femineo
1262 302 1382 328 ornatu
1399 295 1476 325 fuit.
1503 294 1567 324 vid.
1595 293 1635 323 de

897 344 960 375 hoc
976 355 1097 384 genere
1113 343 1254 383 strophii
1267 342 1401 372 Festum
1419 339 1452 368 in
1463 344 1634 378 stroppus.

898 393 931 418 et
947 389 1086 418 Salmas.
1109 388 1149 418 ad
1172 387 1275 416 Solin.
1301 393 1376 425 pag.
1393 382 1468 413 263.
1502 381 1559 411 sed
1576 380 1634 410 ad-

899 438 1049 462 versatur
1073 431 1302 470 fragmentum
1319 426 1479 457 orationis
1506 426 1541 454 in
1559 423 1635 454 Clo-

898 475 1005 513 dium,
1023 475 1110 514 quod
1126 475 1221 504 affert
1235 472 1366 504 Nonius
1382 470 1415 500 in
1432 469 1611 508 strophium
1624 479 1635 496 .-

899 530 975 549 cum
993 520 1132 559 strophio
1149 520 1305 548 accurate
1323 514 1538 555 praecingere.
1585 511 1635 541 Ex

896 573 961 602 quo
976 563 1190 602 intelligitur,
1204 560 1396 599 strophium,
1414 556 1503 595 quod
1519 554 1636 586 Clodio

896 607 1064 646 objicitur,
1094 615 1164 635 esse
1195 613 1315 634 zonam
1347 611 1372 631 s.
1403 606 1534 630 cestum
1570 608 1633 628 acu

897 651 1039 690 pictum,
1054 660 1118 689 quo
1134 649 1269 679 feminae
1279 646 1381 676 etiam
1397 644 1518 674 nostris
1536 642 1637 672 mori-

898 695 957 724 bus
976 694 1238 734 praecinguntur.
1284 689 1470 720 Confirmat
1482 686 1570 717 hanc
1585 687 1636 715 in-

895 738 1172 778 terpretationem
1197 736 1288 765 locus
1317 733 1357 762 ab
1387 730 1504 761 eodem
1521 730 1633 760 Nonio

899 786 1180 811 commemoratus
1197 790 1237 809 ex
1256 776 1401 817 Turpilii
1419 774 1611 814 Philopatro
1627 785 1634 802 z

898 826 954 856 Me
982 825 1156 858 miseram!
1182 822 1263 862 quid
1287 820 1410 860 agam?
1447 819 1536 848 inter
1566 817 1634 846 vias

899 869 1040 909 epistola
1054 868 1177 898 excidit
1195 866 1295 897 milii:
1332 863 1447 894 infelix
1470 863 1559 893 inter
1580 865 1635 890 tu-

899 913 1044 943 niculam
1063 917 1096 942 et
1124 911 1303 951 strophium
1326 917 1426 946 quam
1455 904 1636 936 collocave-

898 967 980 987 ram.
1005 956 1122 995 ltaque
1138 962 1227 985 recte
1241 954 1411 984 Mercerus
1429 949 1471 980 ad
1486 949 1519 979 h.
1535 948 1557 978 l.
1573 947 1636 978 fal-

898 1000 979 1030 litur
995 1000 1048 1030 hic
1064 1000 1209 1035 Nonius,
1227 998 1283 1036 qui
1307 995 1487 1035 strophium
1511 1003 1556 1022 sc.
1584 992 1636 1021 in-

898 1049 1106 1084 terpretatur
1117 1043 1266 1079 fasciam,
1284 1049 1357 1079 quae
1374 1036 1568 1077 virginalem
1582 1045 1638 1065 co-

900 1088 992 1118 hibet
1009 1094 1176 1118 tumorem
1194 1084 1406 1126 papillarum.
1453 1081 1542 1111 Nam
1555 1084 1638 1109 stro-

894 1133 1013 1172 phium
1030 1137 1079 1161 est
1092 1140 1178 1161 zona
1192 1136 1290 1159 teres.

944 1175 1106 1213 Structor,
1122 1179 1173 1204 est
1192 1174 1248 1212 qui
1265 1179 1399 1212 operam
1416 1169 1450 1199 in
1468 1167 1637 1198 aedifican-

899 1219 939 1249 do
963 1225 1112 1259 praestat,
1138 1217 1326 1251 materiam,
1351 1213 1492 1249 calcem,
1515 1211 1638 1241 lateres

896 1268 1021 1293 tractat
1035 1264 1094 1292 ἃς.
1118 1261 1183 1301 Ωιι.
1203 1261 1252 1290 Fr.
1266 1260 1300 1289 ii.
1315 1258 1345 1288 G.
1369 1258 1403 1287 in
1417 1265 1527 1286 aream
1539 1259 1637 1284 tuam

899 1308 988 1344 veni,
1013 1316 1063 1337 res
1090 1305 1253 1345 agebatur
1276 1301 1392 1333 multis
1415 1299 1638 1331 structoribus.

899 1350 941 1380 cf.
962 1351 1034 1381 Att.
1050 1350 1113 1380 xiv.
1129 1352 1159 1380 3.

945 1394 1128 1424 Structura
1167 1391 1355 1427 verborum,
1385 1388 1539 1419 continet
1569 1390 1636 1416 tres

897 1442 1028 1479 partes:
1065 1438 1172 1478 primo
1203 1435 1459 1466 collocationem
1488 1429 1638 1469 singulo-

899 1493 972 1512 rum
996 1482 1185 1517 verborum,
1201 1485 1241 1509 ut
1260 1479 1381 1508 lenitas
1398 1474 1550 1515 quaedam
1567 1474 1637 1503 effi-

898 1527 1027 1563 ciatur,
1049 1524 1166 1555 deiude
1184 1522 1450 1553 concinnitatem
1467 1517 1636 1557 quandam

897 1570 1098 1607 verborum;
1132 1572 1166 1598 et
1191 1567 1292 1597 tertio
1322 1572 1513 1598 numerum,
1537 1570 1638 1600 quem

897 1617 1013 1643 tamen
1045 1620 1079 1642 ct
1108 1613 1179 1653 ipsa
1208 1610 1266 1640 illa
1295 1607 1504 1639 concinnitas
1536 1605 1640 1635 efficit

898 1666 958 1687 sua
981 1662 1111 1697 sponte.
1139 1666 1169 1685 ν.
1190 1654 1283 1684 Orat.
1308 1655 1362 1683 44.
1385 1651 1460 1681 init.
1485 1648 1560 1679 coll.
1582 1650 1638 1679 43.

900 1701 973 1731 init.
997 1711 1026 1730 ν.
1043 1705 1202 1730 structus.
1230 1697 1326 1727 Brut.
1351 1699 1381 1726 8.
1411 1699 1490 1724 ante
1512 1691 1640 1722 Isocra-

898 1748 968 1774 tem
993 1745 1168 1774 verborum
1193 1742 1286 1781 quasi
1308 1742 1477 1770 structura
1499 1741 1533 1766 et
1550 1745 1640 1774 quae-

900 1789 976 1818 dam
994 1787 1035 1817 ad
1052 1796 1229 1817 numerum
1256 1783 1424 1814 conclusio
1449 1780 1543 1810 nulla
1556 1785 1640 1809 erat.

900 1833 978 1872 Opt.
1007 1841 1037 1870 g.
1067 1831 1098 1861 d.
1127 1833 1156 1861 ⁶2.
1187 1829 1362 1859 verborum
1390 1829 1441 1855 est
1466 1827 1638 1854 structura

900 1875 1066 1915 quaedam,
1091 1874 1172 1904 duas
1201 1882 1251 1903 res
1275 1871 1434 1906 efficiens,
1458 1877 1638 1898 numerum

901 1926 935 1950 et
961 1919 1148 1949 lenitatem.
1180 1916 1268 1946 *sed
1295 1920 1333 1945 ut
1365 1911 1541 1942 collocatio
1570 1920 1638 1940 non

902 1963 999 1993 modo
1023 1962 1062 1992 de
1087 1961 1241 1992 omnibus
1266 1959 1329 1989 illis
1351 1957 1456 1987 tribus
1474 1954 1637 1995 partibus,

901 2007 957 2036 sed
974 2006 1078 2036 etiam
1095 2005 1134 2035 de
1148 2005 1256 2044 prima
1267 2008 1417 2038 tantum,
1431 2009 1503 2038 quae
1521 1999 1642 2029 lenita-

901 2055 970 2081 tem
988 2051 1103 2086 efficit,
1122 2049 1263 2085 dicitur3
1288 2046 1334 2075 sic
1352 2045 1453 2074 etiam
1469 2046 1640 2074 structura

901 2094 1076 2124 verborum
1102 2093 1225 2122 dicitur
1251 2091 1291 2120 de
1318 2089 1424 2129 prima
1450 2086 1506 2118 illa
1531 2094 1640 2126 parte,

902 2148 969 2177 qua
991 2138 1038 2167 sic
1061 2137 1160 2166 verba
1186 2134 1395 2169 ordinantur,
1421 2140 1462 2161 ne
1489 2136 1642 2159 extrema

902 2186 936 2211 et
961 2181 1068 2221 prima
1091 2180 1238 2219 asperius
1263 2180 1476 2206 concurrant.
1507 2174 1564 2204 Or.
1588 2175 1642 2204 44.

903 2230 1003 2263 atque
1021 2224 1103 2254 illud
1123 2224 1267 2263 primum
1286 2219 1457 2250 videamus
1473 2217 1569 2257 quale
1586 2217 1642 2254 sit,

903 2271 990 2308 quod
1008 2267 1058 2297 vel
1071 2268 1215 2297 maxime
1233 2264 1398 2295 desiderat
1418 2262 1643 2301 diligentiam,

906 2316 943 2344 ut
961 2313 1020 2341 fiat
1036 2311 1128 2350 quasi
1145 2314 1314 2341 structura
1331 2306 1495 2346 quaedam.

951 2355 1115 2386 Structos.
1141 2354 1246 2383 oratio
1262 2358 1393 2382 structa
1403 2350 1511 2389 primo
1526 2352 1577 2379 est
1589 2358 1642 2388 ea,

906 2400 940 2431 in
954 2409 1019 2438 qua
1035 2402 1084 2428 est
1098 2408 1163 2428 non
1181 2396 1288 2427 solum
1307 2394 1482 2424 collocatio
1495 2392 1644 2431 singulo-

907 2453 981 2473 rum
1017 2442 1190 2472 verborum
1224 2439 1326 2475 laevis,
1355 2439 1425 2468 sine
1461 2445 1643 2467 concursus

906 2490 1132 2516 extremarum
1165 2494 1241 2514 cum
1273 2482 1388 2522 primis
1419 2480 1522 2510 literis
1550 2490 1645 2520 asper-

907 2531 1020 2565 ritate.
1037 2529 1094 2559 sed
1110 2529 1212 2558 etiam
1228 2525 1438 2556 concinnitas
1455 2524 1643 2561 verborum,

906 2578 939 2603 et
963 2582 1135 2602 numerus,
1166 2571 1222 2601 Or.
1246 2573 1299 2601 41.
1331 2568 1389 2600 sed
1411 2568 1482 2598 haee
1498 2568 1561 2598 nisi
1577 2566 1644 2596 col-

907 2617 1029 2653 locata,
1045 2624 1079 2645 et
1103 2616 1195 2654 quasi
1218 2617 1358 2649 structa,
1377 2616 1411 2642 et
1436 2621 1521 2642 nexa
1537 2611 1645 2641 verbis

908 2661 968 2690 ἃς.
992 2659 1112 2690 deinde
1130 2668 1204 2688 vcro
1222 2661 1272 2687 est
1286 2658 1387 2686 etiam
1403 2655 1510 2685 oratio
1527 2663 1647 2684 nume-

907 2714 991 2734 rosa.
1016 2703 1094 2733 ibid.
1107 2706 1160 2737 70.
1185 2699 1548 2740 sicompositioratoris
1559 2699 1646 2728 bene

906 2752 1070 2777 structam
1103 2745 1356 2776 collocationem
1387 2740 1647 2782 dissolvas'per-

910 2792 1099 2822 mutatione
1116 2790 1303 2820 verborum.

952 2833 1100 2865 struere.
1131 2834 1189 2864 Or.
1218 2832 1264 2861 iii.
1289 2833 1342 2861 31.
1379 2833 1506 2860 struere
1535 2828 1645 2861 verba.

906 2887 937 2908 v.
968 2883 1152 2913 structura,
1183 2880 1342 2906 structus.
1376 2873 1536 2913 *parare
1573 2873 1645 2904 Ait.

908 2922 953 2953 ix.
981 2924 1030 2951 10.
1056 2920 1181 2951 bellum
1206 2919 1293 2950 strui
1315 2917 1480 2948 existimo.
1512 2915 1591 2947 ibid.
1615 2925 1644 2948 v.

954 2964 1005 2997 εἰ
1027 2966 1048 2998 4
