1920 3196
635 74 781 104 INDEX
810 73 946 102 LATIN
953 73 1110 103 ITATIS.

165 168 295 206 Factus,
312 167 500 198 elaboratus
517 170 600 197 arte.
621 165 716 196 Verr.
735 166 775 195 iv.
801 167 854 196 ΞΟ.

110 218 359 253 ,argumentum
400 211 484 240 bene
507 209 659 250 ficetum.
694 208 791 239 Brut.
824 211 855 238 8.

123 255 367 297 quodammodo
384 255 491 284 oratio
495 253 608 293 ,siu-la.

167 300 352 331 Falcarius.
376 297 457 327 Sull.
481 301 530 328 18.
556 296 655 327 Catil.
673 297 694 326 i.
710 298 741 326 4.
766 295 857 325 inter

109 341 283 385 falcarios.
311 342 402 371 locus
418 341 533 371 Romae
550 341 625 378 fuit,
643 341 675 370 in
692 349 756 379 quo
773 339 857 369 Lec-

122 398 161 417 ca
179 387 317 416 domum
334 385 488 415 habebat.
514 384 628 414 Simile
645 388 697 413 est
713 384 801 413 iuter
817 382 857 412 li-

121 431 254 470 gnarios
278 439 330 469 ap.
357 429 428 459 Liv.
448 437 545 458 xxxv.
576 429 629 458 4⁶2.
655 427 741 465 quod
766 432 857 456 recte

121 474 161 504 de
179 474 250 503 loco
267 473 355 512 capit
374 471 560 502 Crevierius
577 481 606 500 v.
622 481 651 500 c.
664 469 857 509 intelligens

121 517 257 557 opifices
286 516 455 555 lignarios.
482 514 597 545 malim
630 514 858 553 negotiatores

123 560 322 600 intelligere.

168 604 306 635 Fallere.
330 603 420 633 Sext.
447 605 498 634 50.
525 602 588 632 nisi
613 599 794 640 incfitllit,
812 610 858 630 sc.

126 657 177 679 res
196 648 317 686 aliqua.
363 647 417 676 Sic
434 652 469 676 et
496 646 536 676 ad
550 645 628 676 Div.
647 646 693 674 iii.
709 647 740 675 ⁶2.

168 690 293 722 Fames.
318 690 418 721 Tusc.
436 691 469 720 ii.
491 693 516 720 1.
541 689 724 729 opponitur
741 687 859 727 copiae,

125 735 161 766 in
174 735 324 765 dicendo.

170 779 324 815 Familia,
342 779 437 808 servi.
452 777 494 807 ad
509 777 585 808 Div.
603 777 666 806 xiv.
683 773 863 814 4.fmnilia

129 822 281 854 liberata.
310 822 351 852 cf.
379 822 457 853 ibid.
486 822 507 852 i.
535 825 565 852 3.
603 820 700 850 Brut.
732 820 783 850 ΞΩ.
802 819 862 848 ἃς.

131 866 210 896 hinc
234 865 368 896 (fluent.
398 869 446 897 15,
459 865 602 905 familia
620 863 753 899 Martis,
771 862 805 892 h.
834 872 862 892 e.

127 911 212 940 servi
227 910 358 945 Martis,
376 910 430 948 qui
449 908 619 939 Martiales
633 907 804 944 dicuntur,
820 906 864 935 si-

129 953 224 984 miles
242 953 388 983 Veneriis
413 953 448 982 in
469 952 591 983 Sicilia.
615 951 634 969 ²*
651 950 863 990 gladiatores,

131 998 211 1037 quia
225 1001 260 1027 et
283 997 344 1037 ipsi
368 997 465 1026 servi.
490 995 572 1025 Sull.
596 998 645 1029 19.
670 1003 863 1034 comparare

117 1041 305 1081 ‚s'cnnilianu
323 1041 405 1070 item
420 1052 426 1069 τ
445 1038 749 1080 praeessefamilioe.
775 1037 863 1067 conf.

132 1086 222 1114 Sext.
250 1086 301 1115 60.
337 1084 354 1101 ³*
379 1094 429 1114 res
462 1083 645 1113 familiaris.
681 1081 804 1112 Caecin.
833 1084 863 1115 7.

118 1128 262 1168 samz'lia
288 1127 517 1158 herciscunda.
545 1128 588 1167 (v.
610 1125 782 1163 hercisco.)
801 1124 866 1154 Ve-

132 1170 600 1211 teresjungebantfamiliam
619 1174 652 1199 et
670 1169 863 1210 pecuniam,

132 1220 171 1245 ut
196 1215 294 1245 docet
320 1215 457 1245 Salmas.
492 1214 531 1244 ad
552 1213 656 1244 Solin.
688 1223 763 1253 pag.
791 1214 865 1246 8952.

132 1260 219 1289 conf.
243 1259 404 1290 Burman.
418 1258 459 1288 ad
474 1258 611 1288 Sueton.
627 1257 707 1287 Ner.
725 1259 755 1287 5.
802 1255 866 1286 Sed

132 1309 220 1344 post,
238 1303 316 1342 quia
331 1302 459 1332 domini
486 1301 601 1332 eadem
620 1302 654 1331 in
672 1303 797 1330 ceteras
816 1309 866 1329 res

131 1356 221 1384 mas,
246 1356 318 1386 quae
346 1347 379 1376 in
406 1355 529 1382 servos,
547 1349 705 1384 potestas,
722 1342 867 1383 familia

134 1391 174 1420 de
189 1391 280 1420 omni
302 1400 336 1419 re
359 1390 514 1420 familiari
537 1389 627 1418 dicta
643 1395 705 1418 est.
731 1388 866 1427 Ulpian.

131 1432 154 1465 l.
175 1435 245 1469 195.
272 1435 301 1470 ξ.
324 1437 350 1464 l.
374 1434 414 1464 de
440 1433 536 1464 Verb.
561 1432 679 1471 Signis.
702 1431 721 1449 *
742 1431 869 1461 dicitur

132 1479 236 1508 etiam
255 1477 294 1507 de
311 1483 402 1507 secta
423 1476 710 1517 philosophorum.
733 1476 828 1505 Orat.
845 1475 866 1504 i.

138 1525 186 1553 10.
211 1522 288 1552 Div.
306 1521 338 1551 ii.
361 1523 386 1551 1.
413 1521 711 1561 Peripateticorum
725 1518 868 1558 familia

137 1567 199 1596 &c.
216 1565 305 1596 unde
332 1564 415 1595 illud
441 1565 539 1594 fluxit
559 1565 661 1594 etiam
680 1563 719 1593 de
743 1563 868 1593 Treba-

134 1610 205 1640 tio:
233 1608 410 1648 ιῙὶιηιὶἰὲαιη
428 1608 520 1638 ducit
538 1609 571 1637 in
594 1607 671 1646 jure
701 1606 801 1636 civili.
827 1606 869 1636 ad

135 1653 212 1685 Div.
230 1653 284 1683 vii.
297 1656 326 1683 5.
336 1659 370 1683 et
382 1653 551 1682 sententia
563 1650 869 1691 diciturshmz'liam

137 1697 271 1733 ducere,
288 1706 361 1735 quae
376 1697 520 1726 maxime
534 1695 622 1725 valet
640 1701 671 1725 et
686 1695 869 1724 auctorita-

134 1745 206 1771 tem
218 1740 332 1770 habet.

182 1784 385 1815 Familiaris.
408 1783 525 1824 Quint.
556 1784 610 1816 27.
645 1792 767 1812 manus
789 1780 870 1812 alla-

138 1833 189 1860 tas
205 1837 275 1857 esse
299 1832 378 1857 ante
401 1827 486 1857 lares
498 1826 708 1867 familiares,
732 1826 763 1856 h.
781 1836 811 1855 e.
835 1826 870 1855 in

138 1873 235 1902 atrio.
252 1882 282 1902 v.
299 1871 411 1902 Lares.
436 1871 454 1889 ²*
471 1871 505 1901 in
526 1872 611 1901 extis
629 1870 709 1910 quid
724 1872 769 1900 sit
794 1879 869 1909 pars

126 1916 330 1957 familiaris,
350 1915 465 1945 fissum
477 1913 671 1954 familiare,
689 1925 717 1944 v,
743 1914 870 1944 fissum.

137 1960 187 1991 Ad
213 1969 312 1998 quem
338 1959 475 1989 modum
500 1959 604 1988 etiam
634 1959 705 1989 Liv.
730 1957 815 1987 xxvi.
840 1957 871 1987 6.

126 2003 308 2044 familiare
324 2006 510 2040 ostentum,
540 1999 625 2032 PIin.
644 2002 677 2033 ii.
695 2004 746 2033 5⁶2.
760 2000 872 2040 sami-

140 2049 222 2078 liare
248 2046 389 2083 fulmen,
408 2046 531 2076 dixere.
555 2046 638 2076 Sull.
666 2046 719 2076 ⁶26.
745 2044 873 2084 &hfil-

139 2092 278 2122 wiliaris
294 2090 452 2129 dignitas,
470 2090 491 2120 i.
507 2100 536 2120 e.
552 2099 626 2129 quae
646 2096 697 2119 est
714 2100 733 2119 a
748 2088 873 2119 ‘'amili-

139 2135 262 2166 arz'bus.
286 2134 368 2164 Rab.
386 2133 482 2163 Perd.
499 2137 528 2164 3.
544 2133 839 2173 funusfitmiliare.

185 2178 351 2210 Famosus.
385 2177 425 2206 de
453 2177 586 2207 feminis
624 2177 801 2217 impudicis
840 2180 874 2207 et

141 2222 238 2253 malae
259 2221 368 2251 samae.
391 2222 486 2251 Orat.
503 2221 537 2252 ii.
553 2222 606 2252 68.
632 2230 715 2251 extr.
733 2231 787 2250 me
806 2231 876 2250 ma-

139 2273 194 2296 ter
209 2266 315 2295 vetuit
328 2263 525 2304 adfamosas
542 2265 600 2295 ire.
617 2264 668 2295 Fr.
686 2265 725 2294 de
743 2265 826 2303 Rep.
843 2267 874 2294 4.

141 2310 169 2341 ei
186 2319 252 2349 qua
267 2313 339 2339 erat
350 2308 500 2348 famosa,
517 2310 547 2339 ei
565 2309 699 2348 cognati
720 2308 874 2338 osculum

144 2363 212 2384 non
229 2353 393 2383 ferebant.
413 2353 478 2383 vid.
494 2353 612 2383 Heius.
631 2353 672 2383 ad
691 2352 788 2383 Ovid.
806 2352 875 2382 He—

141 2396 264 2431 roid.9.
282 2399 335 2431 78.

186 2441 378 2477 Γαηαιὶευε,
396 2440 494 2470 nimis
509 2439 772 2480 superstitiosus.
799 2438 877 2470 Div.

144 2485 179 2515 ii.
205 2487 256 2518 57.
281 2483 469 2525 philosophi
490 2485 765 2524 superstitiosiet
781 2493 877 2523 paene

129 2528 292 2570 fanatici,
309 2528 349 2557 de
372 2528 504 2565 Stoicis,
522 2529 577 2567 qui
596 2528 695 2558 nimis
720 2526 877 2564 oraculis,

144 2578 179 2602 et
206 2573 299 2602 omni
322 2571 520 2601 divinationi
545 2572 751 2602 tribuebant.
777 2571 878 2601 Dum.

142 2619 196 2647 40.
212 2615 504 2656 homosanatiezcs.

193 2659 335 2690 Fanum.
353 2658 433 2688 Nat.
446 2659 490 2689 D.
505 2659 551 2690 iii.
572 2661 623 2689 18.
649 2658 878 2689 Eumenidum

131 2702 274 2747 sanum.
293 2713 322 2732 v.
340 2702 384 2732 ibi
403 2708 472 2732 not.

190 2747 314 2778 Fasces.
337 2745 472 2776 Brute.
498 2756 576 2776 cum
593 2746 654 2777 tibi
671 2750 752 2776 aetas
768 2749 882 2776 nostra

140 2792 214 2831 jam
231 2790 378 2827 cederet,
383 2789 557 2830 fascesque
574 2790 814 2821 summitteret.

190 2834 319 2871 Fascia,
346 2834 386 2864 de
413 2834 598 2863 cruralibus
627 2834 785 2863 virorum.
808 2834 881 2865 Att.

147 2879 230 2910 1123.
254 2878 381 2909 etenim
403 2877 487 2908 mihi
515 2878 586 2917 ejus
603 2877 733 2917 caligae,
751 2881 788 2908 ut
804 2877 882 2918 sas-

1552 63 1632 100 301

898 165 956 194 οἱα)
967 167 1118 202 cretatae,
1129 172 1197 193 non
1211 162 1399 203 placebant.
1412 161 1451 191 de
1462 161 1637 200 Pompeio,

899 218 999 246 quem
1031 208 1119 237 notis
1149 212 1326 247 propterea
1357 205 1528 235 versiculis
1565 205 1641 234 risit

899 251 1024 281 Varro:
1052 250 1200 281 Fasciola
1215 251 1270 289 qui
1294 259 1392 279 crura
1415 249 1512 287 tegit,
1530 248 1637 287 digito

900 298 1001 334 caput
1016 304 1084 324 uno
1099 294 1238 334 Scalpit,
1262 293 1342 332 quid
1359 293 1474 322 credas
1490 292 1579 321 hunc
1597 292 1640 320 si-

900 339 932 368 bi
950 338 1031 367 velle
1048 339 1156 368 virum
1171 339 1182 367 ?
1211 337 1262 367 Fr.
1281 338 1314 367 in
1332 336 1425 366 Clod.
1442 345 1519 365 cum
1534 335 1641 364 vinci-

901 386 1020 412 rentur
1035 380 1271 422 pedessctscc'is.
1296 382 1383 411 Sunt
1399 383 1512 409 autom
1531 378 1639 408 homi-

902 435 983 455 num
1001 425 1194 455 molliorum
1215 435 1244 455 ν.
1262 423 1411 454 l'ascioli.
1435 423 1454 441 ¹*
1472 424 1558 452 Sunt
1575 422 1639 451 eti-

901 479 954 499 am
972 475 1187 508 aegrotorum.
1210 468 1306 499 Brut.
1320 469 1372 498 60.
1397 468 1459 497 Cn.
1476 467 1638 496 Octavius

902 513 1077 542 devinctus
1105 518 1177 542 erat
1194 511 1330 552 fuschs,
1347 515 1380 540 et
1398 510 1514 540 multi?v
1535 509 1641 539 medi-

903 558 1079 594 camentis,
1095 561 1232 596 propter
1248 554 1396 585 dolorem
1414 558 1564 592 artuum,
1583 553 1640 583 de-

904 600 1042 630 libutus.

948 644 1110 674 Fstscioloe.
1146 642 1227 673 Har.
1255 642 1356 682 Resp.
1383 644 1435 673 91.
1460 640 1576 671 Clodio
1594 641 1643 670 in·

903 693 956 718 ter
983 687 1049 717 alia
1077 688 1254 718 muliebria
1277 690 1489 722 ornamenta,
1521 685 1644 724 quibus

905 732 1078 769 utebatur,
1108 731 1315 769 objiciuntur
1341 739 1518 769 purpureae
1533 728 1644 768 fasci-

904 778 971 806 olae.
1018 776 1116 815 Apud
1145 776 1283 804 Sueton.
1310 773 1415 813 Calig.
1442 777 1490 806 17.
1515 782 1644 812 purpu-

905 830 950 850 rae
977 830 1016 849 ac
1043 819 1207 859 conchylii
1226 817 1347 857 fascioe
1377 817 1642 853 distribuuntur,

906 863 963 894 sed
993 863 1127 893 fenfinis
1159 867 1193 892 et
1223 862 1350 901 pueris.
1385 861 1449 890 vid.
1489 860 1642 900 inprimis

907 907 1046 938 Salmas.
1063 907 1105 937 ad
1123 905 1292 945 Lamprid.
1316 905 1412 935 Alex.
1429 905 1504 935 sev.
1524 914 1553 934 c.
1568 907 1623 934 40.

951 952 1135 982 Fastidiose.
1159 951 1216 980 Or.
1243 950 1262 979 i.
1292 950 1344 979 61.
1373 948 1461 987 quod
1489 957 1550 987 ego
1576 957 1644 977 non

906 999 974 1026 tani
989 995 1164 1035 j'aslc'diose
1188 994 1221 1023 in
1238 993 1345 1029 nobis,
1363 1003 1464 1031 quam
1482 993 1514 1021 in
1533 991 1647 1022 histri-

908 1040 1027 1070 onibus
1044 1038 1185 1079 spectari
1203 1043 1298 1077 putu,
1317 1037 1349 1066 h.
1366 1047 1394 1065 e.
1413 1036 1445 1065 iu
1459 1046 1497 1065 eo
1515 1035 1646 1065 facilius

908 1083 1101 1114 hominibus
1127 1081 1366 1118 satisfacimus,
1383 1090 1484 1119 quam
1512 1079 1647 1109 histrio-

909 1137 981 1164 nes,
998 1137 1016 1156 a
1031 1127 1150 1165 quihus
1168 1126 1242 1165 plus
1260 1125 1293 1154 in
1312 1124 1372 1154 hoc
1391 1133 1512 1163 genere
1531 1127 1647 1163 postu-

906 1171 1009 1201 latur.
1026 1170 1104 1200 ibid.
1130 1170 1182 1200 ⁶26.
1195 1168 1370 1208 fastidiose
1386 1168 1551 1206 judicare.
1588 1168 1646 1198 Or.

909 1216 945 1245 ii.
962 1219 1013 1249 89.
1031 1214 1227 1253 pudentius,
1244 1212 1296 1242 vel
1314 1212 1463 1248 invidus,
1481 1210 1647 1242 veietianl

897 1258 1109 1299 fastidiosius
1135 1257 1244 1286 facere
1271 1255 1408 1295 aliquid.
1437 1255 1516 1285 ibid.
1543 1255 1563 1284 i.
1593 1256 1646 1287 ⁶26.

910 1312 1010 1341 quam
1035 1301 1215 1341 diligenter
1231 1305 1265 1331 et
1292 1310 1394 1341 prope
1406 1298 1649 1339 fastidioseju-

909 1346 1072 1376 dicamus.

954 1389 1166 1427 Fastidiosus,
1194 1389 1248 1419 cui
1274 1397 1341 1417 non
1368 1385 1466 1417 facile
1493 1386 1653 1417 satisfieri

910 1438 1032 1474 potest.
1049 1434 1130 1464 Her.
1148 1434 1189 1463 iv.
1207 1435 1260 1463 523.
1276 1431 1408 1461 aurium
1422 1429 1651 1470 sensussasti-

910 1479 1116 1508 dimissimus.
1144 1478 1163 1498 ¹*
1181 1480 1380 1506 contemtor.
1406 1475 1501 1505 Brut.
1519 1474 1650 1515 Tufa-

911 1523 1056 1553 sttdiosus
1072 1521 1252 1551 latinarum
1266 1519 1452 1549 literarum.

958 1565 1134 1602 Fastidire,
1150 1563 1290 1603 aliquid,
1317 1563 1419 1593 etiam
1440 1566 1583 1599 rectum,
1600 1572 1652 1592 re·

911 1609 1132 1651 prehendere,
1165 1607 1249 1638 nihil
1275 1606 1372 1636 facile
1398 1607 1549 1646 probare.
1575 1606 1650 1636 Mil.

916 1655 965 1685 16.
982 1654 1084 1684 etiam
1101 1653 1136 1682 in
1151 1656 1240 1682 recte
1254 1648 1558 1690 factissastidizmt.
1584 1650 1649 1681 vid.

913 1699 1015 1729 Gron.
1029 1697 1106 1727 Obs.
1125 1697 1166 1725 iv.
1190 1699 1237 1725 10.

957 1742 1062 1778 Fasti,
1077 1738 1334 1776 Kalendarium,
1347 1739 1380 1768 in
1396 1748 1460 1778 quo
1474 1738 1563 1768 inter
1574 1738 1654 1776 alia,

914 1786 970 1825 qui
988 1785 1059 1816 dies
1077 1784 1168 1820 fasti,
1186 1786 1245 1813 aut
1261 1782 1396 1820 nefasti,
1413 1783 1494 1819 sint,
1522 1783 1655 1821 consig-

914 1836 1032 1860 natum
1049 1832 1111 1858 est.
1137 1827 1271 1857 Muren.
1301 1829 1348 1856 11.
1374 1833 1485 1866 posset
1509 1826 1561 1865 agi
1580 1825 1653 1865 lege

915 1883 1021 1904 necne
1039 1872 1137 1912 pauci
1155 1870 1322 1910 quondam
1347 1870 1498 1900 sciebant
1514 1881 1523 1908 3
1540 1868 1654 1908 fastos

915 1918 1007 1947 enim
1033 1915 1133 1954 vulgo
1164 1924 1231 1944 non
1258 1914 1438 1944 habebant.
1462 1913 1480 1932 ¹*
1503 1913 1653 1944 annales.

916 1961 982 1992 Pis.
1008 1963 1057 1991 13.
1071 1959 1130 1989 bos
1153 1957 1319 1995 consules,
1338 1968 1406 1987 non
1423 1957 1532 1988 dicam
1551 1957 1655 1987 animi

915 2005 1109 2041 hominum,
1124 2003 1182 2033 scd
1194 2001 1254 2032 ulli
1268 2000 1360 2042 flzsti
1380 2001 1466 2032 ferre
1483 2006 1625 2041 possunt
1640 2001 1652 2031 ?

961 2048 1164 2087 Plzstigium,
1196 2047 1328 2086 proprie
1355 2049 1407 2075 est
1434 2045 1655 2085 templorum.

916 2093 984 2123 vid.
1013 2091 1167 2131 inprimis
1192 2091 1249 2120 Or.
1276 2089 1322 2119 iii.
1354 2090 1408 2120 46.
1432 2088 1534 2126 unde,
1568 2088 1658 2119 inter

917 2141 1028 2167 cetera
1044 2134 1208 2165 invidiosa
1221 2143 1240 2163 a
1257 2133 1387 2163 Caesare
1401 2137 1577 2172 usurpata,
1595 2133 1658 2162 eti-

917 2191 971 2210 am
988 2179 1172 2218 ‚fastigium
1190 2182 1409 2207 memoratur.
1435 2176 1520 2206 Phil.
1551 2177 1585 2206 ii.
1602 2179 1656 2207 43.

918 2224 960 2255 cf.
985 2225 1079 2254 Suet.
1097 2223 1181 2252 Caes.
1200 2224 1252 2253 81.
1276 2225 1312 2251 et
1339 2221 1384 2250 ibi
1405 2219 1490 2251 Intt.
1515 2220 1579 2251 Sed
1607 2221 1660 2250 in-

918 2268 1035 2309 primis
1060 2266 1200 2296 Salmas.
1234 2265 1276 2296 ad
1301 2264 1468 2305 Spartian.
1493 2264 1659 2294 Pescenn.

919 2322 992 2352 cap.
1023 2313 1072 2342 12.
1100 2310 1155 2349 qui
1187 2308 1520 2349 Caesarisfastigium
1547 2308 1659 2345 docet,

920 2365 987 2386 non
1004 2354 1043 2384 de
1059 2358 1152 2384 tecto
1177 2352 1396 2393 capiendum,
1420 2352 1478 2382 sed
1496 2352 1535 2382 de
1562 2361 1661 2381 orna-

919 2404 1036 2430 mento
1052 2398 1150 2434 tecti,
1171 2397 1269 2436 quale
1287 2397 1387 2435 vulgo
1399 2397 1503 2427 etiam
1519 2397 1554 2425 in
1570 2401 1662 2425 tem·

920 2443 982 2484 plis
1007 2443 1120 2472 fuerit.
1147 2437 1346 2471 Plutarchus
1362 2439 1536 2482 ἀκρωτήριον
1552 2444 1662 2476 vocat,

921 2485 1010 2526 quod
1025 2486 1073 2516 ita
1085 2485 1260 2525 accipitur.
1276 2483 1342 2514 vid.
1360 2483 1433 2513 Ind.
1449 2484 1505 2513 Gr.
1524 2483 1566 2513 cf.
1578 2493 1663 2513 eun-

922 2531 997 2560 dem
1014 2530 1055 2559 ad
1072 2528 1177 2559 Solin.
1196 2538 1228 2568 p.
1247 2530 1320 2558 853.
1335 2525 1662 2567 Nempefastigium

922 2580 956 2604 et
980 2578 1111 2604 tectum
1132 2571 1253 2612 templi
1272 2576 1340 2601 est:
1376 2572 1466 2600 unde
1487 2581 1539 2611 ap.
1559 2571 1664 2601 Plini-

921 2628 994 2655 um,
1022 2627 1052 2648 v.
1077 2627 1106 2647 c.
1134 2625 1230 2646 xxxv.
1262 2616 1310 2645 12.
1335 2615 1437 2654 Signa
1452 2614 1613 2645 dicuntur
1630 2616 1665 2644 in

911 2661 1069 2702 fastigiis
1091 2664 1202 2690 stare:
1235 2664 1270 2688 et
1293 2659 1428 2698 signum
1452 2659 1593 2689 intecto
1615 2658 1665 2698 ip-

923 2716 1011 2736 sum.
1058 2704 1123 2733 Sed
1139 2708 1190 2733 est
1206 2710 1322 2733 tamen
1340 2703 1442 2732 etiam
1458 2701 1498 2732 dc
1516 2702 1664 2742 privatis.

925 2749 966 2778 ad
981 2749 1022 2788 Q.
1041 2747 1091 2778 Fr.
1109 2748 1155 2778 iii.
1178 2750 1205 2777 l.
1219 2749 1252 2777 4.
1276 2746 1295 2764 ³*
1311 2746 1375 2776 Off.
1392 2746 1481 2780 iii.7.
1505 2745 1665 2786 operifiz-

924 2794 1065 2832 stigium
1082 2791 1300 2830 imponimus.

971 2835 1108 2867 Fatalis.
1135 2834 1235 2866 Catil.
1253 2835 1342 2865 iii.4.
1367 2830 1607 2871 annusfatalis
1623 2832 1666 2863 ad

930 2881 1111 2912 interitum
1130 2881 1190 2910 &ea
