1985 3206
293 96 375 133 240

295 192 342 222 iii.
359 195 406 222 13.
419 192 460 222 iv.
474 193 533 229 ⁶223
555 190 624 228 sed,
638 194 675 222 ut
692 191 817 229 omnia,
833 202 952 232 parum
968 204 1022 224 ac-

299 239 427 273 curate,
445 235 724 275 quemadmodum
749 245 788 265 ex
808 235 871 273 his,
887 247 960 275 quae
977 237 1025 267 di-

298 289 386 316 cam,
403 279 584 319 apparebit.
609 278 717 309 Locus
732 278 886 309 classicus
900 281 939 310 dc
954 290 1026 311 con-

296 324 472 353 secratione
494 326 527 352 et
549 322 757 352 dedicatione
776 326 827 352 est
842 333 901 363 pro
918 325 1026 354 Domo

299 376 319 396 a
334 376 362 396 c.
379 367 519 397 45—515.
551 376 590 395 ex
607 375 671 405 quo
687 365 758 395 haec
775 367 922 397 notanda
937 372 1025 398 sunt.

300 420 330 440 c.
347 411 400 440 46.
423 411 449 439 si
467 409 719 448 quis—domum
736 410 806 448 ejus
820 420 877 449 per
892 412 1026 450 pontifi-

298 463 354 483 ces
366 452 654 483 dedicarit—mles
668 453 832 492 Caepionis
848 458 959 484 essent
971 455 1026 484 de-

299 496 496 526 dicatve—et
519 506 609 526 arani
634 501 668 526 et
691 496 920 547 simulacrum,
938 503 1025 528 tem-

299 540 394 590 plum
411 540 572 570 dedicare.
606 550 634 569 c.
648 543 701 573 47.
725 540 751 569 si
769 540 855 570 bona
874 541 952 571 civis
970 552 1026 571 cu-

293 584 442 624 juspiam
465 585 668 613 consecrarit.
698 594 726 613 c,
743 586 796 617 49.
828 593 869 613 an
893 592 931 614 tu
955 584 1026 614 haec

297 628 346 657 ita
362 628 498 668 perturb
501 637 548 664 ις,
566 630 604 656 ut
626 628 814 665 quicunque
831 627 923 664 velit,
939 628 1026 667 quod

299 671 391 707 velit,
415 671 579 710 quomodo
610 670 702 707 velit,
729 671 833 710 possit
863 651 1025 701 dedicare

297 714 402 745 Video
418 715 508 743 enim
524 723 594 743 esse
614 713 720 753 legem
745 719 905 751 veterem,
920 715 1026 744 tribu-

299 759 432 796 nitiam,
449 767 521 796 quae
539 762 629 787 vetat
644 757 771 795 injussu
791 756 909 797 plebis,
925 759 1024 794 aedes,

297 807 436 838 terram,
453 811 543 830 aram
567 811 760 831 consecrare.
805 801 918 838 Vides,
939 802 1027 841 quod

299 850 378 875 ante
396 845 546 875 dedicare
562 845 746 882 dicebatur,
762 844 793 874 id
816 845 930 875 statim
953 855 1026 875 con-

298 899 426 919 secrare
442 889 519 924 dici,
533 888 572 918 dc
590 889 610 918 i
603 888 703 918 sdem
720 888 817 918 rebus
831 891 1024 928 utrumque,

299 934 397 963 aliter
413 943 450 962 ac
467 934 494 961 G
499 933 594 962 raevio
609 932 716 961 risum
735 935 796 962 est.
826 942 855 961 c.
873 935 912 962 522
917 933 1025 963 ,ades

298 976 423 1007 —dum
456 976 570 1005 dclico
601 975 738 1004 domum
775 955 956 1013 Cioemnis,
986 981 1025 1006 ut

299 1020 382 1050 mihi
406 1019 572 1059 praeeatis,
595 1022 791 1058 postemque
814 1021 966 1049 teneatis.
997 1030 1025 1050 c.

269 1068 272 1071 ’
300 1067 353 1095 55.
386 1073 476 1093 aram
500 1072 693 1093 consecrare.
739 1062 778 1092 In
805 1063 1025 1100 dedicatione,

301 1108 349 1138 ait
364 1107 525 1144 Graevius,
542 1107 645 1146 postis
666 1106 854 1136 tenebatur.
900 1106 1027 1137 Etiam-

300 1161 356 1189 ne,
381 1161 458 1181 cum
489 1160 558 1187 ara,
581 1149 797 1180 simulacrum
826 1150 1023 1180 dedicatur?

300 1195 378 1225 ‹Jam
403 1193 489 1224 aedes
515 1193 682 1224 Ciceronis
705 1199 894 1224 consecrata?
916 1201 1025 1231 erant,

301 1248 368 1268 non
384 1242 492 1278 potest
509 1238 634 1276 negari.
665 1237 788 1266 diserte
811 1239 900 1267 enim
924 1238 1028 1267 tradi-

299 1286 378 1319 tur3
403 1285 437 1311 et
461 1281 514 1310 hic
537 1281 638 1320 postis
661 1281 849 1310 tenebatur.
880 1291 909 1311 v.
928 1292 955 1310 c.
973 1284 1025 1312 5⁶2.

299 1325 477 1357 Dedicatio
501 1325 602 1354 fiebat
627 1324 741 1364 populi
761 1325 879 1361 jussu;
912 1325 969 1355 sed
993 1329 1028 1355 et

299 1369 502 1400 consecratio.
533 1378 561 1397 c.
577 1370 630 1402 49.
663 1367 745 1397 Plin.
762 1368 850 1398 Hist.
874 1368 952 1398 Nat.
971 1369 1026 1398 vii.

300 1416 354 1444 35.
386 1412 650 1451 Sulpicia—quae
681 1412 896 1441 simulacrum
919 1411 1028 1442 Venc-

300 1457 344 1487 ris
366 1457 540 1486 dedicaret.
569 1454 678 1487 Valer.
703 1455 793 1485 Max.
816 1456 883 1485 viii.
910 1458 959 1486 15.
978 1459 1026 1487 12.

301 1501 349 1531 Ut
383 1499 522 1529 Veneris
559 1499 771 1529 Verticordiae
808 1498 1025 1529 simulacrum

300 1547 551 1575 consecraretur.
597 1542 661 1571 Sed
676 1552 743 1572 non
759 1552 841 1582 opus
859 1543 892 1571 in
911 1553 944 1572 re
958 1553 1026 1573 ma-

301 1587 423 1618 nifesta
451 1586 599 1626 pluribus
635 1586 806 1625 exemplis.
853 1586 917 1616 Sed
948 1596 1027 1625 quo-

303 1633 393 1661 niam
411 1630 577 1660 Graev'ium
600 1629 768 1669 decepisse
790 1629 921 1659 videtur
936 1629 1026 1660 locus

302 1686 322 1705 a
345 1675 438 1704 nobis
460 1675 568 1713 primo
591 1672 662 1702 loco
685 1673 885 1712 propositus,
906 1674 939 1703 in
963 1683 1027 1712 quo

301 1719 492 1749 consecratio
507 1720 539 1746 et
555 1716 719 1746 dedicatio
740 1716 898 1756 distingui
915 1717 1028 1747 viden-

302 1766 370 1799 tur,
401 1771 461 1800 age
491 1770 568 1790 eum
600 1760 849 1800 explicabimus.
905 1760 1027 1791 Sensus

303 1809 416 1836 autem
433 1805 503 1842 ejus
519 1803 573 1833 hic
589 1807 655 1833 est:
682 1813 722 1833 an
739 1806 928 1834 consecratio
950 1804 1028 1834 aedi-

301 1859 374 1885 um,
390 1849 566 1883 bonorum,
584 1847 714 1877 nullum
732 1846 833 1877 habet
848 1848 918 1885 jus,
934 1848 961 1877 si
978 1848 1027 1877 in-

295 1895 394 1931 jussu
409 1890 524 1932 populi
539 1890 627 1920 facta
649 1894 711 1927 est,
728 1891 892 1921 dedicatio
916 1894 1028 1921 autem

302 1947 328 1967 s.
341 1936 530 1966 consecracio
540 1934 707 1964 simulacri
724 1934 884 1965 libertatis
898 1938 1026 1964 tantam

302 1980 497 2019 religionem
536 1978 642 2015 affert,
670 1982 831 2016 tantaque
869 1978 1028 2017 religione

301 2023 428 2063 obligat
443 2023 577 2052 aream?
611 2021 744 2051 Scilicet
761 2022 876 2051 Cicero
897 2031 963 2051 non
980 2022 1029 2051 di-

303 2067 448 2106 stinguit
458 2066 720 2096 consecrationem
735 2075 755 2094 a
771 2064 977 2095 dedicatione
993 2066 1028 2095 in

303 2120 437 2151 genere,
461 2110 518 2139 sed
541 2108 721 2139 absurdum
745 2118 815 2138 esse
839 2109 920 2138 dicit
942 2109 1028 2146 eius-

302 2155 379 2184 dem
403 2154 462 2190 rei,
479 2153 511 2183 h.
536 2163 564 2182 e.
585 2153 827 2182 consecrationis
849 2162 874 2183 ε.
899 2152 1030 2182 dedica-

301 2198 402 2228 tionis
419 2197 580 2227 ‹liversam
597 2196 662 2225 vim
687 2197 789 2230 statui
813 2206 872 2235 pro
895 2196 1028 2226 diversis

302 2242 413 2279 rebus,
429 2250 504 2270 cum
528 2241 561 2270 in
585 2239 647 2269 hac
670 2240 852 2269 cerimonia
874 2246 941 2270 non·
964 2249 1028 2277 res,

302 2286 337 2314 in
353 2294 420 2324 qua
432 2284 642 2320 adhibeatur,
658 2283 715 2312 sed
738 2283 809 2322 ipsa
827 2284 1030 2313 eo›z.=.·eeramli

303 2327 544 2366 ‹ledit-audique
581 2327 763 2356 cerimonia
799 2329 832 2356 et
870 2327 1028 2357 sanctitas

302 2376 482 2411 spectetur.
528 2371 580 2401 De
603 2371 835 2400 conscerase'one
851 2373 885 2399 et
900 2370 1030 2400 dedica-

300 2417 393 2446 tione
410 2414 516 2445 multa
532 2415 679 2453 disputat
693 2414 885 2444 ruhzzochius
899 2414 937 2443 de
951 2413 1030 2443 Am-

302 2458 410 2500 phith.
429 2459 544 2497 Camp.
559 2468 591 2497 p.
609 2461 660 2492 79.
676 2467 746 2496 sqq.

351 2502 540 2533 Consectari.
566 2501 690 2531 Caecin.
708 2504 755 2534 19.
774 2502 948 2531 consectari·
960 2510 1031 2530 ver-

300 2546 355 2583 ba,
369 2549 419 2576 est
435 2545 533 2575 nimis
547 2554 666 2583 urgere
679 2544 823 2581 literam,
838 2553 944 2583 neque
959 2554 1029 2574 rem

301 2591 411 2630 potius
435 2593 469 2619 et
492 2589 655 2618 rationem
679 2591 850 2627 spectare3
875 2588 961 2626 quod
981 2591 1032 2617 est

301 2634 583 2664 calumniatorum
600 2635 635 2661 et
649 2631 852 2661 rahularum.
873 2630 1030 2661 *vexare

301 2677 342 2708 ad
358 2677 434 2707 Div.
452 2677 517 2706 viii.
547 2677 596 2706 12.
628 2685 687 2714 per
709 2675 794 2704 hanc
818 2675 962 2713 Speciem
987 2675 1030 2703 si·

300 2720 453 2750 multatis
470 2729 547 2749 eum
562 2723 769 2749 consectarer.
794 2717 836 2747 cf.
852 2718 892 2747 ad
909 2718 979 2747 Att.
996 2718 1030 2747 ii.

304 2768 353 2795 18.

350 2807 599 2838 consectarium.
631 2806 828 2835 consectaria
854 2807 935 2834 sunt
957 2804 1030 2834 bre-

300 2861 355 2881 ves
379 2855 413 2881 et
435 2856 543 2880 acutae
567 2849 813 2879 conclusiones:
851 2847 919 2877 Fin.
937 2847 983 2877 iii.
999 2851 1029 2881 7.

299 2895 496 2927 consectaria
519 2893 706 2925 Stoicorum
731 2892 842 2922 brevia
864 2895 899 2922 et
920 2893 1030 2922 acuta.

815 104 959 134 INDEX
991 106 1284 134 LATINITA'l'Is.

1066 194 1144 225 ibid.
1160 195 1202 223 iv.
1218 196 1266 224 18.
1289 193 1389 224 Nune
1405 194 1502 224 venio
1517 194 1559 225 ad
1574 193 1631 226 illa
1645 197 1705 225 tua
1719 195 1792 224 bre-

1067 238 1132 274 via,
1150 247 1223 276 quae
1239 239 1436 268 consectaria
1451 247 1520 268 esse
1540 237 1681 268 dicebas.
1713 238 1793 269 ibid.

1068 281 1149 310 illud
1165 291 1241 310 vero
1257 281 1394 311 minime
1407 283 1651 320 consectarium,
1669 281 1726 311 sed
1741 282 1791 312 in-

1067 325 1181 364 primis
1198 323 1309 354 hebes.

1116 367 1269 398 Consentio
1284 368 1451 405 arborum,
1467 368 1510 398 N.
1527 369 1570 399 D.
1588 368 1622 398 ii.
1638 369 1691 399 60.

1116 412 1304 441 consecutio.
1334 412 1487 442 effectus:
1516 412 1603 451 quod
1626 420 1793 451 quamque

1068 464 1137 484 rem
1161 456 1323 493 sequitur,
1347 454 1438 485 locus
1463 456 1645 486 rhetorum.
1676 455 1793 494 Topic-

1071 501 1120 528 13.
1150 497 1360 528 distribuitur
1378 498 1432 528 hic
1448 499 1539 529 locus
1556 499 1589 529 in
1606 498 1794 529 consecutio-

1067 551 1154 577 nem,
1179 543 1441 572 antecessionem
1466 544 1524 572 διο.
1557 542 1599 572 cf.
1618 541 1686 572 lnv.
1703 543 1723 571 i.
1741 543 1793 571 28.

1068 585 1125 615 Or.
1143 585 1188 614 iii.
1208 587 1260 619 29.
1293 585 1491 624 intelligitur
1513 589 1627 615 autem
1651 585 1794 615 necessi-

1067 631 1117 657 tas
1142 629 1176 658 in
1200 629 1442 668 consequendo,
1463 639 1536 668 quae
1559 629 1616 658 ubi
1639 638 1706 658 non
1730 632 1794 664 est,

1068 672 1112 701 ibi
1138 675 1270 702 tantum
1297 676 1347 703 est
1371 672 1550 710 adjunctio.
1582 682 1611 702 v,
1633 671 1718 711 Top.
1745 673 1795 701 12.

1067 714 1086 733 'ff
1106 715 1221 745 Partit-
1255 716 1285 746 6.
1323 718 1495 746 consecutio
1524 716 1712 752 verborum,
1744 718 1804 744 est·

1068 769 1144 788 cum
1169 759 1275 789 oratio
1298 769 1365 789 non
1387 768 1438 789 est
1457 760 1651 799 perturbata
1665 758 1796 797 generi-

1068 802 1141 838 bus,
1159 803 1299 840 casibus,
1318 804 1479 840 numeris,
1490 803 1649 843 personis,
1666 806 1794 841 tempo-

1069 846 1168 876 ribus.
1192 845 1259 875 *In
1276 846 1468 876 Dialecticis
1486 850 1536 875 est
1551 847 1793 882 consectarium,

1069 889 1155 927 quod
1178 893 1311 926 vocant,
1328 889 1415 928 quod
1438 899 1477 918 cx
1501 889 1604 919 altero
1626 888 1793 918 concludi-

1068 939 1134 962 tur.
1167 932 1238 963 InV.
1264 933 1285 962 i.
1309 935 1361 966 29.
1393 932 1534 972 simplex
1563 932 1732 962 conclusio
1755 941 1793 960 ex

1069 977 1254 1006 necessaria
1269 977 1482 1006 consecutione
1506 977 1693 1005 conficitur.
1723 976 1794 1006 Fin.

1069 1019 1101 1049 ii.
1124 1022 1172 1050 14.
1195 1030 1268 1058 quae
1284 1021 1512 1049 consecutiones
1526 1020 1647 1049 videat.

1117 1063 1309 1093 Consenesco.
1340 1063 1441 1093 Attio.
1465 1064 1498 1093 ii.
1526 1066 1574 1093 13.
1610 1071 1793 1102 cognomen

1072 1106 1243 1145 (Magnus)
1270 1108 1466 1137 consenescit.
1497 1106 1575 1136 ibid.
1596 1109 1649 1137 23.
1678 1114 1794 1135 omnes

1069 1150 1156 1180 illius
1181 1151 1282 1190 partis
1306 1154 1456 1180 auctores
1475 1154 1509 1179 et
1531 1150 1635 1180 socios
1650 1158 1794 1180 consene-

1067 1203 1165 1231 scere,
1182 1194 1275 1224 nullo
1291 1194 1486 1224 adversario.

1117 1237 1288 1268 Consensz'o.
1315 1238 1372 1267 Or.
1390 1238 1436 1268 iii.
1454 1241 1483 1268 5.
1513 1238 1626 1267 onmia
1640 1246 1710 1266 una
1724 1245 1794 1266 con-

1068 1283 1205 1311 sensione
1236 1286 1364 1311 naturae
1402 1281 1582 1310 constricta
1618 1290 1699 1311 esse.
1738 1279 1794 1309 Gr.

1068 1325 1252 1363 συμπάθεια.
1283 1325 1301 1342 ³*
1313 1324 1432 1354 Coitio.
1463 1324 1575 1354 Plane.
1599 1327 1647 1355 15.
1680 1329 1714 1353 et
1736 1333 1796 1362 per

1068 1367 1155 1397 hanc
1171 1369 1412 1404 consensionem,
1431 1377 1504 1407 quae
1527 1367 1666 1398 honeste
1690 1367 1794 1406 magis

1069 1421 1169 1450 quam
1186 1422 1259 1441 vere
1276 1411 1432 1441 sodalitas
1450 1412 1690 1441 nominaretur.

1117 1455 1298 1485 Conscnsus.
1320 1455 1399 1485 Nat.
1416 1456 1460 1485 D.
1472 1455 1519 1484 iii.
1535 1458 1583 1485 11.
1605 1456 1682 1485 Div.
1696 1455 1730 1485 ii.
1745 1456 1796 1485 14.

1073 1501 1121 1528 15.
1146 1509 1309 1529 consensus
1325 1504 1464 1528 naturae.
1489 1498 1545 1528 Gr.
1562 1499 1746 1538 συμπάθεια.

1117 1542 1359 1573 consentaneas.
1388 1541 1488 1572 Tusc.
1510 1552 1540 1571 v.
1565 1545 1595 1572 8.
1626 1542 1706 1581 quid
1728 1542 1798 1572 cui-

1069 1595 1132 1624 que
1149 1591 1393 1616 cousentcmemn
1409 1586 1465 1622 sit,
1482 1588 1503 1616 i.
1519 1596 1548 1616 e.
1566 1586 1645 1625 quid
1660 1596 1699 1616 ex
1715 1595 1794 1625 quo-

1069 1639 1132 1667 que
1162 1634 1333 1668 sequatur,
1358 1629 1511 1660 concludi
1542 1631 1655 1669 possit.
1692 1629 1794 1659 Acad.

1069 1673 1110 1702 iv.
1128 1677 1158 1707 9.
1187 1677 1431 1703 consentaneum
1452 1678 1502 1703 est
1518 1674 1559 1710 ei,
1576 1674 1630 1712 qui
1649 1674 1707 1703 ἃς.
1730 1675 1751 1703 i.
1768 1683 1797 1703 e.

1070 1717 1099 1745 ei
1118 1717 1284 1753 convenit,
1301 1717 1325 1746 si
1344 1717 1403 1747 sibi
1422 1721 1573 1747 constare
1588 1716 1678 1746 velit.

1118 1760 1297 1790 Consentire
1311 1761 1351 1790 ad
1365 1760 1501 1799 aliquid.
1515 1760 1584 1791 Att.
1597 1770 1626 1790 ν.
1643 1763 1692 1792 18.
1711 1759 1795 1790 Phil.

1070 1803 1111 1832 iv.
1128 1805 1159 1833 l.

1118 1846 1194 1876 Com
1183 1857 1320 1886 sequens,
1350 1846 1438 1884 quod
1472 1857 1512 1876 ex
1543 1846 1653 1885 aliquo
1685 1847 1797 1887 colligi

1071 1890 1289 1929 concludique
1307 1896 1383 1929 pot(
1387 1895 1429 1920 st.
1454 1891 1511 1920 Or.
1528 1891 1562 1920 ii.
1578 1893 1629 1921 53.
1659 1891 1796 1920 demon-

1070 1934 1217 1970 strando,
1236 1934 1283 1970 id,
1297 1933 1384 1973 quod
1401 1933 1597 1964 concludere
1614 1934 1662 1964 illi
1677 1933 1793 1971 velint,

1071 1986 1137 2006 non
1161 1978 1245 2007 effici
1268 1987 1306 2007 ex
1325 1977 1513 2016 propositis,
1531 1987 1591 2007 nec
1607 1987 1678 2007 esse
1694 1988 1794 2008 consc-

1070 2030 1180 2059 qztcns.
1202 2021 1302 2051 Tuae.
1319 2031 1348 2050 V.
1366 2023 1395 2051 8.
1419 2020 1561 2050 altemun
1583 2021 1678 2050 alteri
1694 2031 1797 2051 consc-

1070 2074 1168 2103 quens
1185 2069 1253 2102 est,
1279 2064 1318 2094 de
1334 2065 1568 2094 enunciatione
1582 2065 1795 2094 conditionali

1071 2112 1105 2137 et
1127 2108 1348 2144 convertibili,
1368 2111 1403 2137 ut
1421 2107 1587 2137 dialectici
1602 2108 1796 2147 loquuntur.

1070 2151 1158 2190 (guid
1182 2152 1224 2181 sit
1240 2152 1369 2191 proprie
1385 2161 1584 2190 consequens,
1601 2156 1700 2190 atque
1717 2161 1798 2190 quo-

1073 2195 1169 2224 modo
1202 2195 1332 2224 differat
1360 2195 1399 2224 ab
1430 2194 1586 2233 adjuncto
1612 2195 1798 2234 explicatur

1070 2237 1153 2278 Top.
1182 2241 1229 2269 12.
1253 2238 1271 2256 ’²⁶
1286 2238 1400 2268 Partit.
1425 2239 1455 2268 6.
1479 2244 1518 2268 ut
1542 2239 1575 2267 in
1591 2238 1797 2278 simplicibus

1071 2283 1191 2319 verbis,
1218 2281 1305 2321 quod
1337 2291 1403 2311 non
1430 2286 1481 2311 est
1507 2282 1661 2319 latinum,
1689 2282 1736 2311 sic.
1762 2283 1797 2312 in

1072 2326 1272 2365 conjunctis,
1289 2325 1375 2364 quod
1399 2335 1465 2355 non
1481 2330 1532 2355 cst
1548 2336 1733 2365 consequem-
1751 2326 1799 2365 (fin

1072 2379 1136 2407 quo
1150 2379 1217 2398 non
1234 2373 1284 2399 est
1299 2370 1482 2398 consecutio.
1499 2379 1528 2398 ν.
1541 2370 1714 2399 consecutio
1729 2379 1799 2399 ver-

1071 2412 1202 2451 borum)
1222 2413 1479 2453 vituperandum
1496 2418 1557 2442 est.

1121 2456 1282 2496 consequi,
1307 2456 1535 2495 investigando
1558 2457 1696 2495 aperire.
1723 2455 1796 2485 Act.

1073 2499 1094 2529 i.
1108 2500 1142 2529 in
1157 2500 1249 2530 Verr.
1268 2501 1316 2530 16.
1336 2504 1475 2529 conatus
1491 2500 1630 2539 alicujus
1642 2501 1797 2539 consequi.

1072 2542 1300 2582 *exprimere
1327 2543 1412 2572 Phil.
1429 2553 1459 2573 v.
1481 2547 1529 2573 13.
1555 2544 1661 2573 verbis
1684 2543 1799 2573 laudes

1073 2586 1213 2625 alicujus
1223 2588 1379 2626 consequi.
1394 2587 1524 2625 *sequh
1535 2587 1684 2626 probare.
1700 2586 1800 2617 Catil.

1073 2630 1119 2659 iii.
1138 2632 1168 2660 6.
1194 2640 1274 2668 quas
1295 2631 1477 2660 sententias
1494 2635 1629 2660 senatus
1645 2631 1716 2660 sine
1733 2630 1802 2660 ulla

1073 2674 1232 2704 varietate
1256 2678 1306 2704 est
1322 2677 1517 2704 consecutus.
1547 2674 1565 2692 *²
1577 2674 1669 2704 Verr.
1689 2675 1729 2703 iv.
1746 2675 1798 2704 ⁶26.

1073 2716 1166 2747 nullo
1190 2717 1288 2748 modo
1311 2727 1445 2757 possum
1468 2718 1582 2747 onmia
1602 2717 1696 2747 istius
1711 2717 1802 2747 faeta

1074 2761 1234 2790 memoria
1256 2762 1401 2800 consequi
1416 2763 1475 2790 aut
1491 2761 1596 2790 verbis
1611 2761 1799 2800 complecti.

1073 2802 1231 2833 *studere
1243 2804 1343 2835 alicui
1357 2805 1413 2833 rei.
1431 2804 1526 2834 Brut.
1540 2806 1592 2834 8⁶2.
1615 2804 1799 2834 exilitatem

1074 2845 1129 2877 ille
1157 2847 1197 2878 de
1226 2847 1392 2878 industria
1417 2848 1678 2887 consequebatur.
1708 2849 1727 2867 ’ξ
1743 2858 1802 2888 pro

1074 2891 1257 2923 consectari
1274 2895 1325 2922 est
1341 2891 1376 2930 in
1392 2891 1486 2922 Brut.
1503 2893 1537 2923 et
1552 2890 1609 2921 Or.
