1920 3196
673 116 820 146 INDEX
851 115 1150 144 LATlNl‘rA'rls.

138 205 180 236 de
196 214 288 236 servo
305 204 476 235 Ciceronis
492 205 643 244 fugitivo.
666 205 784 235 codem
801 213 872 234 mo-

139 250 180 279 du
197 248 319 279 dicitur
336 249 368 278 in
392 249 634 279 constitutione
658 248 794 279 Adriani
819 258 871 288 ap.

139 292 270 322 Reines.
286 291 389 322 Inscr.
408 302 439 332 p.
457 295 531 323 505.
550 293 628 322 item
647 302 704 331 pro
722 293 870 322 invenire

136 341 187 365 est
215 335 248 365 in
274 335 355 365 hoc:
389 335 460 366 Att.
488 346 519 365 x.
550 339 597 366 14.
634 335 869 366 difficultatem

135 380 369 418 pecuniarum,
387 389 453 418 qua
465 381 535 409 erui
560 389 724 418 nusquam
749 384 870 419 posset.

135 421 221 451 conf.
244 423 311 452 xiii.
337 426 389 453 30.
420 429 505 452 extr.
536 423 691 463 *cripere
716 423 869 452 volunta-

133 470 215 495 tem.
252 466 322 495 Att.
351 467 407 495 xii.
436 467 488 497 36.
522 465 638 496 fanum
671 467 743 496 fieri
776 466 866 495 volo:

133 518 241 547 neque
266 509 327 539 liuc
352 509 433 539 mihi
457 511 528 540 erui
552 515 680 549 potest:
715 509 767 539 iel]
784 509 867 540 lasse

134 553 198 582 mir
216 553 271 582 das
290 553 384 583 nicht
400 554 574 583 ausrcden.

174 596 373 637 Erumpere.
405 597 447 626 ad
473 597 550 627 Div.
575 597 642 627 viii.
670 599 718 626 14.
743 598 789 627 sic
817 597 865 627 illi

128 649 259 669 amores
283 646 317 670 et
341 640 502 671 invidiosa
524 640 723 670 obtrectatio
741 641 781 670 ad
799 641 866 670 bcl-

129 682 198 713 lum
223 694 257 713 sc.
281 685 436 724 erumpit.
467 688 502 714 ct
526 684 597 714 Liv.
616 684 723 714 xxxvi.
742 687 773 718 7.
807 685 863 714 ubi

127 736 157 755 v.
182 727 324 757 Gronov.
350 728 445 768 plura
468 728 622 767 exempla
648 738 675 757 v.
700 738 753 767 ap.
777 728 864 758 Dra-

129 769 231 800 kenb.
249 771 290 801 ad
306 771 363 801 Sil.
381 772 435 801 vii.
450 774 524 802 355.
549 771 619 801 Att.
636 772 699 801 xvi.
718 775 748 802 3.
770 781 810 801 ne
829 772 863 802 in

130 824 183 844 me
202 819 377 855 erumpant
400 814 631 845 stomachum:
657 815 679 845 i.
703 825 732 844 e.
756 815 864 846 effun-

129 857 212 887 dant
229 859 323 889 iram.
350 859 391 898 Q.
408 858 458 889 Fr.
476 861 497 889 i.
515 861 545 889 2.
563 862 590 888 l.
614 868 782 889 sermones
800 860 861 889 ini-

125 911 269 939 quorum
299 903 334 933 in
365 912 463 932 suum
495 902 704 942 potissimum
737 912 860 932 nomen

125 955 313 985 erumpere.-
350 945 382 976 h.
414 957 443 975 e.
474 946 641 976 invadere.
686 946 775 976 Mur.
807 950 860 977 38.

124 989 239 1019 omnia
256 990 289 1019 in
307 989 365 1019 hos
383 988 452 1019 dies
467 994 665 1029 erumpunt:
698 990 718 1019 i.
742 1000 773 1019 e.
798 990 859 1020 hoc

125 1033 338 1070 potissimum
375 1038 524 1072 tempore
560 1033 721 1063 eveniunt
760 1034 859 1065 mala.

126 1074 224 1105 Catil.
244 1077 264 1106 i.
283 1080 315 1108 3.
338 1081 518 1117 erumpant
541 1077 666 1114 omnia,
682 1077 702 1106 i.
720 1087 748 1108 e.
766 1083 860 1118 pate-

126 1119 222 1149 fiunt.

166 1163 360 1201 Esccndere,
382 1164 593 1202 adscendere,
619 1164 854 1195 conscendere.

118 1205 219 1236 Tuse.
248 1218 275 1237 v.
299 1212 330 1241 9.
360 1208 425 1237 Off.
449 1209 495 1238 iii.
523 1210 575 1239 20.
608 1214 641 1238 et
665 1208 737 1238 aliis
762 1208 856 1245 locis,

119 1251 239 1288 quibus
267 1251 430 1282 Gruterus
457 1259 492 1281 et
518 1252 574 1281 alii
601 1262 620 1281 e
647 1252 740 1282 MSS.
767 1252 854 1282 hanc

117 1303 231 1324 vocem
272 1296 505 1332 restituerunt,
544 1295 616 1326 aliis
662 1297 853 1326 auctoribus

116 1337 191 1367 alii:
219 1339 340 1378 ubique
357 1340 447 1369 enim
463 1339 532 1369 fere
550 1349 566 1370 a
587 1339 727 1370 librariis
744 1340 778 1370 in
795 1340 852 1370 ad-

115 1381 274 1412 scendere
289 1387 348 1413 aut
364 1383 585 1413 conscendere
601 1388 772 1413 mutatum
790 1388 850 1414 est.

115 1434 143 1453 v.
161 1425 303 1456 Gronov.
320 1427 361 1457 ad
377 1426 447 1457 Liv.
464 1427 497 1458 ii.
515 1430 566 1458 28.
583 1427 650 1457 viii.
671 1430 719 1462 17.
738 1428 781 1458 xi.
795 1430 849 1463 539.

116 1468 179 1498 xlv.
202 1472 228 1499 l.
253 1470 313 1500 ἃς.

157 1512 364 1544 Essedarius.
396 1513 438 1543 ad
468 1514 545 1544 Div.
574 1514 629 1544 vii.
657 1515 688 1545 6.
718 1518 757 1544 tu
789 1516 845 1554 qui

112 1555 184 1586 aliis
205 1566 319 1587 cavere
336 1557 495 1595 didicisti,
512 1568 590 1588 eave
609 1568 650 1588 ne
667 1559 707 1588 ab
722 1560 847 1589 esseda-

111 1601 168 1630 riis
184 1600 360 1641 decipiare.
385 1611 490 1640 genus
509 1601 656 1631 militum
674 1603 848 1633 Britanni-

110 1653 238 1681 corum,
263 1645 319 1684 qui
345 1655 385 1675 ex
411 1646 523 1676 essedis
545 1646 751 1686 pugnabant.
778 1646 841 1677 vid.

111 1686 194 1717 Caes.
219 1689 256 1719 B.
275 1688 314 1719 G.
330 1689 371 1719 iv.
388 1691 440 1720 24.

153 1731 327 1771 Essedum,
359 1742 464 1772 genus
495 1731 628 1771 belgici,
659 1732 841 1763 britannici

108 1774 251 1805 vehiculi
284 1776 362 1817 (vid.
393 1776 592 1814 essedarius)
627 1787 692 1816 quo
722 1777 842 1808 deinde

107 1819 158 1848 usi
179 1821 280 1849 etiam
297 1823 377 1850 sunt
391 1819 546 1850 Romani.
573 1820 643 1850 Att.
661 1822 703 1851 vi.
726 1824 751 1851 l.
778 1821 842 1851 Ve-

106 1861 179 1892 dius
206 1864 288 1894 mihi
315 1864 408 1894 venit
436 1864 580 1901 obviam,
607 1875 684 1894 cum
712 1865 840 1895 duobus

103 1907 229 1938 essedis.
262 1907 346 1937 Phil.
364 1909 398 1937 ii.
414 1910 467 1939 24.
496 1907 681 1938 vehebatur
704 1909 738 1938 in
762 1919 840 1939 esse-

103 1950 142 1978 do
159 1951 313 1981 tribunus
335 1951 451 1992 plebis.
475 1962 505 1981 v.
521 1952 642 1982 Scheff.
664 1951 703 1982 de
722 1962 756 1983 re
773 1953 837 1983 Ve-

103 1992 170 2023 hic.
187 1995 220 2024 ii.
233 1997 286 2026 23.
335 1993 338 1995 ’

146 2037 196 2067 Ec
210 2042 370 2077 sequente
387 2048 464 2078 que,
476 2049 536 2079 pro
551 2042 675 2070 et--et.
699 2038 741 2069 ad
756 2039 838 2071 Div.

104 2081 147 2110 xi.
171 2084 219 2111 13.
245 2092 274 2112 v.
291 2090 362 2112 not.

146 2123 336 2163 Etlwlogus.
367 2125 461 2156 Orat.
492 2126 525 2156 ii.
559 2129 611 2160 59.
651 2126 833 2157 mimorum

101 2169 316 2208 ethologorum
340 2173 402 2206 cst,
420 2170 446 2199 si
471 2170 575 2200 nimia
598 2175 649 2200 est
673 2171 737 2200 ista
760 2171 836 2200 imi-

99 2212 196 2242 tatio.
236 2213 325 2243 Nam
342 2213 436 2243 mimi
453 2223 553 2253 quam
568 2214 672 2254 possit
689 2214 761 2244 fieri
779 2225 834 2244 ac-

99 2257 308 2287 curatissime
328 2257 513 2297 exprimere
529 2262 565 2287 et
580 2258 706 2288 imitari
725 2268 832 2289 mores

97 2299 240 2330 aliorum
272 2300 380 2330 solent
408 2301 493 2331 risus
519 2301 688 2331 excitandi
717 2312 828 2333 causa.

98 2342 267 2374 Dicuntur
289 2350 324 2374 et
347 2344 522 2384 aretalogi,
540 2344 661 2385 biologi
686 2346 744 2376 ἃς.
764 2346 829 2376 vid.

95 2386 234 2418 Salmas.
257 2388 298 2418 ad
321 2389 453 2428 Vopisc.
478 2389 647 2419 Aurelian.
671 2392 724 2420 4⁶23.
751 2395 777 2420 t.
795 2391 829 2420 ii.

92 2439 125 2470 p.
140 2433 213 2461 530.
231 2432 287 2462 ubi
304 2432 346 2462 ad
361 2433 560 2463 Suetonium
572 2443 606 2463 se
620 2433 659 2462 de
670 2433 720 2463 his
733 2439 829 2467 actu-

93 2483 167 2503 rum
200 2476 364 2514 promisit,
391 2476 479 2515 quod
510 2477 660 2507 nondum
689 2476 827 2508 dixisset

91 2516 211 2556 aliquis
228 2519 268 2548 de
285 2520 324 2552 iis
341 2520 535 2560 quidquam.

136 2561 254 2592 Etiam
272 2563 305 2592 in
330 2564 535 2594 correctione
557 2564 670 2594 Plane.
694 2564 745 2595 26.
778 2569 824 2595 et-

89 2605 157 2634 iam
173 2605 376 2637 mehercule.

135 2648 301 2680 Evadere.
325 2651 402 2682 Div.
420 2651 453 2681 ii.
465 2654 518 2685 71.
543 2651 659 2681 eadem
673 2651 745 2681 aliis
763 2651 823 2682 ali-

89 2694 142 2722 ter
154 2693 309 2731 eradunt,
335 2694 374 2724 de
391 2696 540 2725 somniis.
556 2695 634 2726 ibid.
652 2696 820 2726 somnium

89 2745 204 2767 verum
221 2739 334 2768 evasit.

131 2779 350 2819 Evanescere,
377 2782 417 2812 de
443 2782 521 2812 vino
547 2785 599 2811 est
625 2782 692 2812 vim
721 2792 816 2814 suam

86 2824 234 2862 perdere.
262 2825 339 2855 Div.
364 2826 398 2856 ii.
424 2829 476 2860 57.
505 2825 622 2855 vinum
647 2828 816 2858 evanescit.

83 2866 103 2883 ¹*
114 2867 214 2898 Tusc.
230 2878 259 2899 v.
272 2872 325 2900 30.
348 2869 517 2900 sententia
532 2879 648 2899 eorum
664 2872 817 2901 evanuit:

83 2909 118 2941 h.
129 2920 158 2942 e.
171 2911 302 2944 nullum
319 2913 463 2955 amplius
485 2918 687 2945 sectatorem
704 2914 816 2946 habet.

1589 105 1674 144 ⁴293

962 202 1126 235 Evellere.
1151 203 1255 236 Dom.
1277 205 1325 234 13.
1352 201 1513 233 radicitus
1525 204 1661 234 evellere

918 256 1034 277 omnes
1058 249 1206 278 actiones
1231 250 1330 277 tuas:
1365 246 1398 277 h.
1422 256 1451 277 e.
1475 247 1585 277 irritas
1608 247 1660 277 sa·

917 300 1004 320 cere.

962 334 1117 364 Evenire.
1149 344 1227 364 cum
1245 335 1297 364 in:
1324 333 1365 364 ad
1382 333 1458 363 Div.
1477 333 1510 364 ii.
1531 337 1580 364 10.
1612 343 1654 364 ne

915 376 1005 407 idem
1030 379 1156 408 eveniat
1180 379 1214 408 in
1239 387 1330 407 meas
1354 377 1478 407 literas.
1509 377 1581 407 Att.
1598 378 1654 407 vii.

916 421 947 450 ΕΞ.
974 421 1059 450 bene
1074 422 1215 458 eveniat,
1229 421 1311 450 dicit
1325 420 1531 451 Carneades:
1557 430 1654 461 spur-

915 474 964 494 ce.
1005 465 1065 494 Est
1082 465 1172 494 enim
1190 464 1335 495 formula
1352 474 1417 504 qua
1434 464 1651 503 praefabatur,

912 512 1088 546 tamquam
1119 508 1198 538 boni
1229 508 1350 538 ominis
1380 518 1493 545 causa,
1522 509 1649 538 coitum

914 550 1089 581 habiturus
1106 561 1182 581 cum
1200 551 1337 581 femina.
1363 551 1434 582 Inv.
1452 551 1471 581 i.
1490 555 1538 582 10.
1561 551 1648 582 solet

913 604 976 624 usu
992 597 1128 625 evenire.
1145 595 1201 625 ubi
1217 605 1247 625 v,
1263 594 1418 625 Oudcnd.

956 638 1119 675 Eventus,
1147 639 1187 668 de
1218 649 1266 676 re,
1291 648 1365 677 quae
1397 644 1447 669 cst
1477 639 1511 668 in
1539 638 1647 668 facto:

911 691 988 711 eum
1021 683 1059 711 fit
1087 683 1131 719 id,
1159 682 1248 722 quod
1277 683 1348 712 fieri
1388 687 1530 722 poterat.
1564 682 1648 713 Rab.

911 725 1007 755 Perd.
1034 729 1066 758 5.
1095 735 1164 756 non
1179 726 1289 756 solum
1307 731 1451 765 eventus,
1470 726 1527 756 sed
1543 726 1645 756 etiam

912 769 1072 799 conditio.

953 812 1206 851 Eum-riculam,
1220 814 1350 853 proprie
1371 817 1421 843 est
1440 813 1646 843 instrumen-

909 861 982 886 tum
1000 857 1186 894 everrcndi,
1205 860 1243 886 ut
1258 861 1341 894 rete,
1355 867 1420 895 quo
1434 857 1539 896 pisces
1553 867 1646 887 ever·

906 904 1042 937 runtur,
1059 910 1088 930 ν.
1106 910 1134 931 e.
1159 901 1250 940 apud
1277 901 1370 931 Varr.
1396 900 1436 930 R.
1460 900 1499 931 R.
1525 901 1570 931 iii.
1595 904 1642 935 17.

906 946 936 976 7.
970 943 1088 974 deinde
1105 945 1247 984 tropice,
1263 945 1310 982 id,
1326 954 1392 984 quo
1410 943 1490 983 quid
1505 945 1641 984 penitus

904 986 1048 1018 tollitur.
1083 987 1162 1018 Nat.
1191 988 1234 1018 D.
1259 989 1305 1018 iii.
1335 991 1388 1019 30.
1423 989 1641 1019 everriculum

905 1030 1112 1061 malitiarum
1136 1031 1481 1071 omnium,judieium
1506 1032 1546 1061 de
1564 1032 1641 1063 dolo

904 1074 1003 1105 malo.
1035 1075 1127 1105 Verr.
1147 1076 1188 1105 iv.
1205 1077 1259 1106 24.
1289 1075 1379 1115 quod
1403 1085 1551 1115 unquam
1577 1076 1641 1107 hu-

895 1118 1047 1157 jusmodi
1072 1120 1292 1150 everriculum
1316 1120 1351 1149 in
1383 1118 1442 1149 illa
1467 1120 1640 1160 provincia

901 1162 979 1192 fuit.

944 1205 1092 1237 Eversio.
1126 1206 1198 1237 Fin.
1223 1217 1252 1238 v.
1274 1210 1324 1238 10.
1356 1217 1430 1246 quae
1454 1207 1532 1237 vitae
1556 1212 1637 1239 sunt

898 1252 1026 1280 eversio.

942 1294 1100 1325 Eversus.
1125 1294 1167 1324 ad
1186 1294 1262 1326 Div.
1281 1305 1311 1324 v.
1328 1296 1381 1326 521.
1406 1294 1543 1325 fortuna
1559 1295 1636 1326 fun-

900 1336 991 1368 ditus
1007 1348 1129 1368 eversa.

941 1382 1112 1412 Evertere.
1130 1381 1230 1412 Catil.
1244 1382 1265 1412 i.
1277 1386 1309 1416 7.
1334 1383 1533 1422 quaestiones
1543 1393 1633 1414 ever-

897 1429 983 1456 tere:
1003 1426 1024 1456 i.
1037 1436 1065 1456 e.
1078 1426 1298 1467 perfringere,
1308 1427 1339 1456 vi
1353 1436 1388 1457 se
1402 1427 1528 1467 eripere
1543 1438 1633 1467 qum-

897 1470 1013 1500 stioni.

939 1513 1091 1544 Evictus.
1124 1513 1218 1545 Verr.
1233 1514 1253 1544 i.
1275 1516 1301 1544 l.
1333 1515 1388 1554 qui
1406 1519 1477 1545 tam
1495 1514 1629 1546 nefariis

895 1557 1104 1595 criminibus,
1118 1562 1188 1588 tam
1206 1558 1323 1588 multis
1339 1559 1479 1589 testibus
1497 1560 1630 1597 evictus,

892 1611 950 1630 ora
959 1601 1116 1639 judicum
1130 1602 1299 1642 adspicere
1312 1602 1461 1633 auderet.
1477 1603 1628 1634 Graevius

891 1645 938 1674 sic
951 1645 1210 1685 interpretatur:
1237 1648 1359 1676 evictus
1374 1651 1438 1685 est,
1452 1647 1508 1685 qui
1521 1648 1627 1687 pudo-

892 1698 926 1718 re
939 1694 999 1719 aut
1012 1690 1142 1719 ratione
1156 1690 1318 1720 incitatur
1329 1690 1370 1720 ad
1383 1690 1508 1730 aliquid
1525 1701 1629 1730 agen-

891 1732 986 1770 dum,
1003 1736 1102 1772 atque
1126 1733 1286 1773 exemplis
1304 1735 1483 1764 confirmat
1498 1735 1545 1765 ita
1561 1735 1626 1766 dici

889 1778 1020 1807 evictus.
1067 1777 1131 1807 Sed
1154 1777 1226 1807 haec
1249 1778 1297 1807 vis
1322 1782 1374 1808 est
1397 1778 1438 1808 ab
1462 1777 1524 1808 hoc
1551 1778 1625 1809 loco

889 1820 1009 1851 aliena.
1050 1819 1142 1851 Num
1159 1822 1250 1851 enim
1267 1821 1464 1852 criminibus
1482 1826 1516 1852 et
1529 1823 1626 1853 testi-

887 1863 948 1894 bus
973 1865 1045 1903 quis
1071 1865 1205 1894 incitari
1229 1870 1352 1904 potest,
1368 1870 1408 1895 ut
1428 1865 1549 1896 audeat
1565 1867 1623 1897 ad-

886 1908 1014 1947 spicere
1031 1908 1186 1946 judices?
1219 1909 1438 1939 Absterreant
1454 1909 1525 1940 haec
1541 1920 1621 1941 eum

884 1952 996 1991 potius
1013 1961 1147 1982 necesse
1164 1958 1226 1982 est.
1250 1952 1389 1983 Evictus
1404 1958 1454 1983 est
1469 1964 1528 1993 pro
1542 1964 1621 1984 cou-

885 1995 1007 2033 vietus,
1023 1996 1123 2035 plane
1142 1996 1260 2026 vietus.
1291 1996 1379 2026 Nam
1397 1999 1518 2028 evictus
1531 1997 1619 2029 haue

883 2039 951 2069 vim
975 2039 1089 2076 habet,
1111 2044 1212 2079 atque
1236 2039 1318 2070 adeo
1342 2040 1415 2080 plus
1440 2046 1492 2071 est
1515 2051 1617 2081 quam

882 2083 1003 2121 victus,
1016 2090 1056 2114 ut
1068 2083 1183 2114 docuit
1197 2083 1390 2116 Broukhus.
1406 2084 1448 2115 ad
1464 2085 1616 2126 Propert.

883 2127 925 2156 iv.
943 2130 975 2161 7.
997 2129 1028 2159 2.

923 2169 1112 2210 Evigilare‚
1129 2172 1320 2211 excogitare
1337 2172 1516 2211 vigilando.
1541 2173 1614 2206 Att.

879 2214 922 2244 ix.
940 2216 991 2244 12.
1017 2214 1157 2245 consilia
1169 2217 1325 2255 evigilata
1341 2217 1612 2256 cogitationibus.

922 2257 1149 2296 Evisceratus,
1162 2260 1257 2296 cujus
1274 2260 1401 2291 viscera
1416 2260 1612 2302 discerpun-

876 2304 946 2339 tur,
962 2303 1169 2333 eximuntur.
1193 2303 1332 2334 Tuscul.
1348 2304 1381 2334 ii.
1397 2308 1429 2338 9.
1452 2306 1612 2337 eviscera-

874 2349 947 2376 tum
964 2356 1094 2386 corpus.
1111 2347 1200 2378 conf.
1222 2347 1243 2377 i.
1259 2350 1313 2378 44.

917 2389 1072 2420 Evitare.
1103 2390 1241 2421 Tuscul.
1267 2391 1288 2421 i.
1312 2393 1366 2422 35.
1397 2391 1470 2421 haec
1493 2393 1609 2423 omnia

873 2433 939 2463 vidi
957 2434 1173 2472 inflammari,
1193 2435 1323 2465 Priamo
1339 2435 1370 2464 vi
1383 2435 1486 2465 vitam
1503 2437 1605 2466 evita-

869 2477 920 2509 ri:
948 2477 980 2506 h.
993 2488 1022 2508 e.
1034 2478 1128 2518 eripi.
1144 2488 1161 2507 e
1179 2478 1283 2510 Poeta
1297 2482 1418 2509 vetere.
1435 2489 1464 2510 v.
1480 2479 1605 2511 Buher.

873 2521 914 2550 ad
928 2520 960 2551 h.
972 2520 995 2552 l.

914 2564 1075 2602 Evocare,
1099 2564 1223 2595 dicitur
1245 2565 1305 2603 ita,
1325 2571 1365 2596 ut
1388 2566 1519 2597 elicere.
1543 2568 1602 2599 Or.

870 2607 903 2638 ii.
923 2611 952 2639 8.
979 2609 1178 2639 memoriam
1195 2619 1337 2640 evocare.
1362 2609 1434 2640 Att.
1452 2621 1483 2641 x.
1501 2614 1531 2642 8.
1560 2622 1601 2642 ne

868 2661 977 2682 meam
1017 2653 1086 2692 ipse
1127 2652 1317 2692 συμπάθειαν
1355 2654 1429 2693 jam
1468 2664 1601 2686 evocem.

866 2695 1029 2726 *evocare
1059 2696 1183 2726 dicitur
1207 2696 1355 2735 aliquem
1381 2698 1601 2737 magistratus

866 2739 1092 2779 provincialis,
1121 2746 1273 2777 senatus,
1297 2751 1375 2771 cum
1402 2751 1481 2771 eum
1500 2742 1602 2780 jubet

865 2783 1003 2813 aliunde
1027 2783 1069 2814 ad
1091 2794 1125 2813 se
1149 2784 1273 2813 venire.
1302 2785 1396 2815 Verr.
1422 2785 1443 2815 i.
1473 2788 1521 2816 10.
1546 2789 1601 2818 33.

865 2826 937 2857 Att.
956 2827 990 2857 ii.
1008 2829 1061 2859 24.
1085 2837 1116 2858 v.
1132 2829 1185 2859 ⁶21.
1211 2828 1272 2857 διο.

908 2871 1089 2909 Evocatus,
1101 2874 1301 2902 commotus.
1325 2871 1438 2902 Deiot.
1455 2874 1504 2903 14.
1529 2883 1598 2904 evo·

861 2919 939 2946 cata
962 2915 1113 2947 oratione
1138 2915 1376 2947 misericordia.
1404 2915 1474 2947 Fin.
1492 2916 1525 2948 ii.
1542 2921 1598 2952 31.

915 2965 936 2988 υ
955 2961 974 2990 3
