1920 3196
300 54 383 109 3922

345 163 529 197 Praedium.
546 164 640 198 Verr.
659 165 708 198 iii.
724 166 777 199 86.
800 165 903 199 habet
918 168 953 199 in
969 177 1033 199 nu-

302 210 381 246 mu,
397 209 432 240 in
445 209 580 240 urbanis
589 211 735 251 proediis.
752 210 890 242 Proedz'a
901 213 1034 243 urbana

296 256 385 283 sunt
400 253 488 293 apud
502 253 523 283 J
527 253 604 284 ctos
620 255 735 285 omnia
747 254 901 294 aedificia,
912 256 980 286 sive
997 256 1032 286 in

298 296 398 335 urbe,
413 297 481 328 sive
507 297 542 326 in
566 297 659 335 villa,
674 298 716 329 ad
730 298 938 329 urbanorum
961 308 1031 329 mo-

301 339 384 370 dum
408 340 510 371 facta.
531 340 719 372 Justinian.
743 340 855 372 Instit.
882 343 917 373 ii.
943 345 974 374 3.
998 346 1033 372 et

299 381 324 414 l.
344 387 416 418 193.
433 384 472 414 de
498 383 597 415 Verb.
619 384 730 424 signif.
758 385 832 416 add.
848 386 964 416 Burm.
991 386 1032 416 ad

301 427 395 458 Suet.
412 427 530 458 Claud.
545 431 599 459 38.
617 436 651 459 et
668 428 852 459 Chi-istium
877 434 1030 460 nostrum

303 471 340 502 in
355 471 502 502 Villatic.
521 482 553 512 p.
568 474 623 506 89.

347 514 504 545 Proeesse.
527 516 584 546 Or.
602 516 623 545 i.
641 517 692 546 55.
705 515 879 547 clarissimi
897 517 983 546 cives
1000 516 1031 547 ei

301 557 415 588 studio
442 559 544 588 etiam
570 558 669 589 hodie
689 564 862 599 proesunt:
884 559 918 591 h.
942 570 972 590 e.
999 560 1032 590 ei

301 610 438 640 operam
466 602 561 639 dant,
587 606 622 632 et
651 603 687 633 in
717 613 756 633 eo
785 603 966 634 excellunt.
989 603 1032 634 ad

303 644 382 676 Div.
403 646 425 674 i.
442 648 473 679 7.
489 645 696 685 temporibus
714 650 814 686 atque
835 647 925 677 laudi
948 656 1030 677 meae

297 687 483 729 profuisti:
507 689 541 719 h.
566 699 595 720 e.
618 688 803 728 plurimum
820 701 874 720 me
897 690 1029 729 juvisti,

303 732 453 771 mihique
469 731 590 762 favisti.
613 734 670 763 Or.
688 734 708 763 i.
728 737 777 764 10.
802 733 968 773 Frequens
980 739 1032 764 est

301 775 339 806 in
356 775 518 815 epistolis,
535 777 631 806 rebus
649 786 716 806 non
741 777 840 807 modo
856 778 1030 815 interesse,

302 819 363 850 sed
379 819 482 850 etiam
491 829 625 859 praeesse
637 832 646 849 .·
662 820 751 859 quod
763 820 846 851 nihil
862 820 953 851 aliud
967 823 1029 859 est,

302 868 407 902 quam
419 861 635 902 consulendo,
648 864 811 902 curando,
827 864 1030 904 providendo

301 915 375 938 rem
384 906 513 945 juvare.
535 907 640 937 ‹JCtus
656 906 780 937 dicitur
793 918 929 947 proeesse
951 918 1030 937 con-

301 950 498 980 troversiam
528 950 733 988 intendenti,
762 961 862 990 quem
894 951 1031 982 consilio

295 992 409 1033 juvat,
433 994 486 1023 eui
504 992 662 1024 formulas
687 994 755 1025 dat.
782 995 841 1025 &c-
864 994 958 1026 Verr.
982 995 1029 1026 iii.

304 1039 359 1072 77.
371 1035 539 1076 proefuistz'
555 1038 590 1067 in
605 1038 786 1077 provincia.

349 1079 572 1120 Prctgfkctzcra.
597 1082 726 1117 civitas,
742 1092 816 1120 quae
833 1092 939 1121 neque
955 1091 1030 1112 suas

302 1122 407 1162 leges,
439 1133 546 1163 neque
577 1134 652 1154 suos
676 1126 890 1165 magistratus
916 1125 1029 1163 habet,

303 1167 364 1198 sed
380 1175 439 1197 aur.
455 1177 475 1197 a
501 1173 641 1208 praetore
669 1168 709 1199 R.
739 1174 798 1199 aut
828 1180 847 1199 a
867 1168 1029 1209 prejecto,

303 1218 405 1249 quem
421 1217 543 1251 praetor
558 1211 661 1250 dedit,
679 1212 943 1243 administratur.
968 1213 1031 1242 Ra-

302 1254 366 1286 bir.
384 1254 478 1285 Perd.
506 1258 535 1286 8.
558 1256 666 1285 omnis
682 1255 899 1296 prcefecezcra,
927 1257 1031 1295 regio,

308 1297 463 1327 vicinitas
480 1303 600 1329 vestra.
628 1299 669 1329 cf.
684 1299 729 1329 N.
745 1300 789 1330 D.
815 1301 849 1330 ii.
876 1302 907 1331 2.
934 1310 963 1330 v,
991 1299 1030 1329 de

302 1340 512 1382 praefecturis
529 1343 640 1382 Sigon.
657 1342 735 1373 Ant.
752 1343 825 1373 Jur.
841 1343 917 1373 Ital.
930 1343 962 1373 ii.
982 1346 1030 1373 10.

303 1393 354 1424 sq.
378 1384 398 1403 ²*
413 1395 535 1415 munus
552 1385 714 1425 praefecti,
738 1387 772 1416 in
799 1387 956 1417 exercitu.
985 1388 1028 1427 (v.

304 1428 509 1469 praefectus.)
537 1429 608 1460 Att.
626 1430 667 1460 vi.
688 1433 715 1460 1.
734 1430 953 1470 prffiseetzcras
977 1440 1032 1460 su-

305 1481 409 1502 mere.
423 1473 499 1502 ibid.
518 1473 594 1502 dare
605 1478 639 1503 et
651 1473 777 1503 deferre
783 1473 1029 1514 prsqt'ectmum.

305 1515 351 1546 ib.
366 1525 397 1545 v.
414 1517 466 1547 21.
490 1521 601 1556 petere
614 1517 858 1557 prcefeclnmm.

350 1558 544 1598 Pragf'ectus.
557 1561 590 1589 in
601 1561 712 1591 caecil.
730 1560 956 1601 17.praficius
965 1560 1031 1590 An-

305 1603 405 1632 tonii.
420 1602 512 1633 Ball).
531 1606 582 1634 213.
595 1604 770 1644 prajtbctus
782 1606 925 1635 fabrum.
937 1604 1032 1635 Proe-

292 1645 467 1686 [θεῖοι-τιυὶ
499 1657 620 1685 genera
647 1654 790 1686 quatuor
815 1649 917 1678 fuere.
942 1648 1031 1678 Nam

305 1689 399 1720 fuere
413 1689 557 1729 pra-‘feeli
578 1693 723 1729 alarum,
747 1693 803 1731 qui
824 1693 1030 1731 equestribus

305 1734 426 1763 turmis
454 1739 633 1774 praeerant,
642 1734 792 1775 prsqt'eeli
817 1742 1030 1773 evocamvcm,

306 1776 456 1816 proejccsi
469 1776 628 1816 fibram,
644 1783 673 1808 et
688 1781 856 1809 civitatum
876 1779 1031 1818 denique,

304 1820 340 1850 h.
357 1830 386 1850 e.
402 1821 456 1858 qui
471 1832 490 1850 a
505 1822 704 1860 magistratu
719 1823 913 1862 provinciali
931 1825 964 1852 in
977 1832 1031 1852 eas

309 1864 461 1893 civitates
492 1865 722 1903 mitterentur,
756 1867 788 1896 in
816 1868 934 1905 quibus
963 1867 1031 1906 ipse

305 1907 437 1938 assidue
454 1917 598 1938 essenon
611 1915 734 1949 posset,
746 1916 783 1940 ut
795 1911 852 1949 jus
869 1911 1031 1940 dicerent.

306 1950 349 1980 de
365 1951 505 1989 singulis
530 1952 594 1982 vid.
623 1960 777 1983 accurate
803 1955 1032 1994 disputantem

308 1993 444 2025 Manut.
461 1995 504 2025 ad
520 1995 588 2026 Cic.
605 2006 657 2036 ep.
675 1997 716 2026 ad
742 1998 816 2027 Div.
835 1998 867 2027 ii.
896 2000 943 2031 17.
969 1997 1033 2027 Sed

305 2037 343 2068 hi
368 2037 518 2077 profecti
548 2049 663 2069 omnes
701 2041 875 2077 militares,
906 2044 964 2070 aut
998 2042 1031 2070 in

305 2082 486 2121 provinciis
502 2082 595 2112 fuere
609 2095 615 2112 :
634 2084 751 2122 quibus
768 2085 851 2115 adde
867 2094 959 2121 eum,
976 2084 1032 2122 qui

305 2134 328 2154 a
343 2125 487 2155 Praetore
503 2127 600 2157 Rom.
617 2128 652 2157 in
675 2126 775 2158 Italia
799 2129 833 2158 iu
856 2128 1033 2168 praefectu-

306 2177 378 2200 ram
406 2169 568 2199 mittitur.
593 2180 623 2200 v.
647 2171 855 2210 praefectura.
882 2169 1033 2210 ‘liprcrfe-

306 2215 377 2242 ctus
391 2222 531 2249 mortun,
549 2213 590 2243 ad
608 2214 685 2244 Div.
700 2215 743 2245 ix.
763 2218 811 2245 15.
827 2219 879 2245 est
894 2224 1030 2244 censor:

307 2255 366 2293 qui
383 2260 417 2286 et
432 2257 579 2287 moribus
601 2258 724 2288 civium
737 2268 877 2298 praeesse
898 2257 1032 2288 dicitur.

309 2297 445 2329 Cluent.
462 2301 515 2331 46.

352 2341 536 2382 Proefcrre,
566 2344 752 2376 ostendere.
784 2345 882 2376 Rosc.
909 2345 948 2375 A.
977 2347 1031 2376 31.

301 2384 445 2427 praefers
466 2388 651 2418 avaritiam.
674 2399 734 2429 pro
755 2399 822 2429 prae
847 2393 883 2419 te
899 2388 977 2427 fers,
995 2396 1033 2418 ut

305 2429 461 2461 nonnulli
477 2430 542 2469 legi
554 2430 681 2462 volunt.

352 2471 528 2513 Proeficere
543 2484 619 2504 eum
643 2476 688 2505 in.
712 2476 800 2505 Sext.
822 2478 871 2506 18.
887 2479 972 2505 extr.
998 2475 1032 2505 in

307 2517 457 2547 exercitu
467 2517 673 2557 prefecerat.
690 2529 720 2549 v.
737 2525 770 2549 et
786 2529 938 2558 praeesse.

351 2558 521 2600 Proefinio,
541 2562 710 2602 praecipio,
731 2563 922 2602 praescribo.
938 2563 1032 2593 Verr.

304 2610 338 2634 v.
355 2604 408 2634 68.

350 2645 572 2687 Ρνιξῇᾙοίῑιε,
599 2648 639 2680 de
664 2653 806 2685 oratore,
835 2652 887 2678 est
918 2647 1033 2686 durus,

306 2697 416 2730 asper,
433 2691 543 2721 minus
559 2693 666 2723 suavis
679 2697 713 2722 et
728 2692 830 2722 laevis.
852 2691 910 2721 Or.
930 2694 979 2722 13.

350 2731 562 2773 Proefulcire.
587 2736 658 2767 Att.
673 2746 705 2767 v.
723 2739 772 2767 13.
801 2733 956 2776 prafulcz'
984 2738 1034 2765 at-

307 2785 372 2817 que
389 2779 566 2817 praeuiuni.

299 2857 319 2897 ἱ
350 2819 525 2895 ΡναςνΙιαε,
542 2822 679 2864 antique
690 2830 755 2865 'pro
762 2831 952 2865 mmmm.
962 2820 1033 2854 Att-

323 2885 330 2894 .
350 2866 400 2896 10.
415 2874 444 2896 v.
478 2869 543 2897 ntt.

822 77 972 110 mnnx
1001 70 1299 109 lanum-Ans.

1120 164 1361 208 Proejadz'cure.
1392 167 1497 209 Legg.
1522 170 1575 201 iii.
1604 172 1659 202 20.
1695 170 1736 202 de
1760 171 1813 203 ἤϊ’

1072 220 1224 242 censores
1242 209 1468 253 prejudicent.
1500 223 1531 244 v.
1556 213 1800 254 praejudicium.

1072 255 1161 285 unde
1179 254 1313 285 cluent.
1332 258 1363 287 2.
1390 265 1431 286 ne
1453 256 1532 297 quid
1557 257 1622 288 huc
1639 255 1801 301 praejudz'-

1074 299 1139 328 cali
1156 299 1311 328 afferatis.

1118 340 1369 382 Proejudieeum.
1395 343 1429 373 in
1447 343 1560 374 Caecil.
1577 347 1607 375 4.
1633 353 1701 375 non
1711 354 1799 385 proe-

1064 383 1244 426 judicium,
1261 385 1317 415 sed
1344 386 1443 426 plane
1464 387 1632 426 judicium
1654 389 1726 428 jam
1752 388 1802 418 fa-

1075 433 1167 458 ctum
1195 433 1346 468 putatur.
1370 429 1389 448 ³*
1404 429 1476 459 Inv.
1500 431 1536 461 ii.
1567 433 1618 463 20.
1637 429 1800 472 praejudi-

1072 473 1159 502 cium
1175 472 1304 511 capitis.
1321 473 1343 502 i.
1358 473 1446 512 quod
1458 473 1499 503 ad
1511 474 1636 504 crimen
1654 474 1808 516 capitale

1073 515 1254 556 pertineat,
1271 515 1359 546 unde
1374 526 1449 546 rcus
1466 517 1525 546 fiat
1541 518 1670 557 capitis.

1116 557 1303 589 Proemium
1352 570 1412 599 pro
1457 559 1542 590 dono
1587 561 1795 600 simpliciter.

1070 600 1171 632 Tusc.
1188 612 1219 632 v.
1235 606 1266 636 7.
1299 602 1439 634 refertus
1460 605 1607 644 praemiis
1632 604 1795 644 donisquev

1074 645 1231 676 fortunae.

1115 688 1352 720 Proemolestia.
1383 689 1484 721 Tusc.
1510 691 1551 721 iv.
1582 694 1635 722 30.
1669 697 1800 722 metum

1067 734 1315 773 praemolestiam
1332 733 1553 774 appellabant.

1118 774 1344 807 Proemzmitio.
1370 779 1464 807 Orat.
1491 778 1524 808 ii.
1552 780 1604 811 75.
1629 778 1664 808 iu
1691 777 1800 808 homi-

1072 829 1132 849 nes
1159 829 1265 858 caros,
1286 821 1520 860 judicibusque
1529 821 1710 859 jucundos,
1727 822 1798 851 sine

1071 863 1141 892 ulla
1183 866 1438 903 proemzmitione
1476 864 1635 894 orationis
1676 864 1800 895 invehi.

1072 906 1202 947 Nempe
1211 909 1422 947 proemzmitio
1434 911 1495 945 est,
1509 917 1586 937 cum
1599 911 1701 938 antea
1710 918 1802 947 quae-

1072 949 1149 980 dam
1176 950 1330 988 dicimus,
1348 951 1465 990 quibus
1491 952 1646 988 efficitur,
1661 955 1700 981 ut
1723 951 1800 981 reli-

1072 1003 1173 1032 quam
1186 995 1371 1024 orationem
1390 995 1499 1025 minus
1515 1004 1601 1034 aegre
1617 995 1727 1025 ferant
1743 995 1800 1033 ju-

1071 1037 1173 1067 dices.
1189 1037 1353 1077 Exempla
1364 1038 1555 1078 hujusmodi
1570 1038 1801 1078 praemunitio-

1072 1090 1154 1111 num
1182 1082 1314 1111 suntin
1340 1081 1396 1112 Or.
1422 1092 1473 1122 pr.
1495 1082 1651 1120 Murena,
1668 1081 1798 1120 Flacco,

1073 1123 1221 1164 Ligario,
1237 1124 1407 1156 Marcello.

1116 1167 1338 1199 Praemunire.
1359 1169 1440 1208 Leg.
1456 1169 1477 1198 i.
1493 1169 1543 1199 12.
1566 1176 1640 1207 quae
1650 1177 1797 1207 proemu-

1072 1212 1214 1241 niumm·
1225 1212 1339 1242 omnia
1350 1212 1477 1251 reliquo
1491 1212 1635 1242 sermoni
1651 1212 1798 1251 disputa-

1072 1255 1224 1294 tionique
1247 1260 1381 1293 nostrae,
1398 1266 1463 1295 quo
1478 1255 1672 1294 faeiliusjus
1688 1254 1722 1285 in
1739 1265 1798 1284 na-

1073 1301 1149 1328 tura
1163 1299 1311 1338 positum
1338 1309 1422 1336 esse,
1447 1298 1590 1338 intelligi
1615 1299 1739 1338 possit:
1765 1298 1799 1329 h.

1072 1351 1101 1372 e.
1129 1342 1249 1380 quibus
1264 1342 1317 1372 via
1339 1349 1373 1373 et
1389 1343 1497 1373 aditus
1521 1342 1674 1372 munitur
1699 1346 1802 1381 atqua

1072 1390 1212 1425 paratur
1227 1386 1287 1415 &cn

1116 1428 1292 1467 Proenota‘o,
1311 1429 1402 1459 notio
1429 1429 1542 1459 insita.
1567 1428 1611 1460 N.
1637 1429 1681 1460 D.
1697 1429 1719 1459 i.
1749 1431 1799 1462 17.

1073 1481 1103 1502 v.
1117 1478 1219 1502 notio.

1116 1512 1249 1555 Proepes
1275 1517 1353 1546 avis.
1380 1516 1454 1547 Div.
1475 1516 1496 1546 i.
1511 1518 1565 1550 47.
1589 1525 1662 1556 quae
1687 1515 1800 1545 volatu

1072 1560 1259 1598 auspicium
1277 1560 1365 1589 facit.

1116 1600 1330 1642 Proepositus.
1357 1603 1426 1634 Fat.
1448 1606 1496 1634 18.
1521 1605 1555 1632 ct
1583 1602 1680 1633 alibi:
1712 1611 1802 1641 prce-

1066 1647 1179 1686 positoe
1196 1656 1316 1676 causae.
1335 1647 1356 1676 i.
1373 1657 1401 1676 e.
1420 1657 1494 1686 quae
1510 1646 1632 1676 adsunt
1649 1658 1655 1675 :
1674 1646 1738 1676 nisi
1753 1645 1798 1675 le-

1075 1690 1220 1728 gendum
1232 1691 1411 1730 propositae.

1117 1731 1345 1772 Prcsposilnm,
1363 1731 1548 1776 argonypeim.
1573 1732 1645 1763 Fin.
1671 1732 1719 1762 iii.
1748 1732 1798 1762 16.

1072 1775 1173 1806 Acad.
1189 1777 1210 1806 i.
1231 1780 1278 1806 10.

1116 1818 1316 1859 Prapositio.
1331 1820 1369 1849 de
1386 1820 1501 1849 eadem
1518 1828 1564 1849 re.
1581 1818 1659 1849 ibid.

1116 1860 1349 1903 Proeposterus.
1374 1865 1431 1893 Or.
1461 1863 1508 1893 iii.
1531 1866 1579 1893 133.
1598 1866 1796 1901 proepostem

1072 1910 1239 1947 tempora,
1265 1917 1310 1936 sc.
1328 1908 1516 1939 verborum.
1534 1913 1611 1935 cum
1642 1905 1798 1945 imperfe-

1074 1956 1180 1987 ctum,
1197 1954 1232 1979 et
1257 1949 1634 1990 plusquamperfectum,
1650 1957 1707 1979 aut
1719 1949 1798 1986 alia,

1072 1998 1318 2034 permutantur.

1118 2036 1314 2077 Praepotens.
1339 2038 1395 2067 Or.
1412 2037 1434 2065 i.
1450 2038 1503 2066 43.
1526 2036 1592 2065 sive
1617 2045 1716 2074 quem
1733 2035 1798 2065 ista.

1067 2085 1247 2121 praepotens
1266 2089 1300 2111 ct
1317 2080 1459 2119 gloriosa
1485 2078 1695 2120 philosophia
1711 2078 1798 2108 dele-

1076 2128 1156 2155 ctat.

1116 2168 1315 2207 Proeriperv,
1333 2170 1410 2196 ante
1427 2176 1557 2205 capere,
1574 2169 1792 2197 antevertere.

1072 2210 1144 2242 Att.
1162 2222 1194 2242 x.
1215 2214 1241 2241 l.
1258 2220 1323 2240 non
1335 2211 1542 2250 proerfflz‘am,
1564 2210 1622 2240 sed
1639 2213 1795 2250 expecta-

1072 2255 1114 2285 bo
1130 2254 1318 2285 consilium.

1116 2297 1376 2337 Praerogatc'mffi.
1400 2295 1511 2326 Plane.
1529 2299 1582 2328 ⁶20.
1601 2296 1800 2336 1⁷7⁴(cr0gati-

1073 2351 1116 2372 va
1133 2342 1295 2372 centuria.
1319 2342 1394 2370 Seu.
1411 2350 1441 2379 p.
1458 2340 1497 2370 R.
1514 2344 1545 2374 ἵ.
1569 2340 1798 2380 proerogatc'm

1074 2388 1196 2415 custos.
1224 2385 1301 2416 Div.
1319 2385 1351 2414 ii.
1378 2387 1431 2413 35.
1460 2383 1581 2413 referre
1601 2382 1797 2423 praerogati-

1073 2438 1162 2466 vam,
1190 2428 1313 2458 dicitur
1353 2430 1484 2466 rogator
1512 2427 1686 2464 centuriae,
1719 2435 1796 2456 cum

1074 2472 1232 2511 suffragia
1257 2471 1385 2501 consuli
1413 2471 1599 2500 renunciat.
1621 2471 1662 2509 Ω.
1689 2469 1739 2500 Fr.
1764 2469 1799 2498 ii.

1078 2518 1126 2546 15.
1157 2516 1191 2545 in
1212 2515 1436 2554 prrcrogativa
1463 2515 1703 2554 praenunciare.
1738 2513 1798 2542 ἃς.

1075 2560 1128 2589 Sic
1158 2559 1281 2589 dicitur
1304 2558 1468 2593 centuria,
1498 2557 1549 2587 vel
1574 2557 1694 2593 tribus,
1724 2565 1799 2595 quae

1075 2612 1134 2643 per
1147 2606 1271 2632 sortem
1289 2601 1416 2640 accepit
1426 2601 1484 2639 jus
1503 2601 1648 2640 primum
1670 2598 1799 2629 ferendi

1075 2645 1233 2685 suffragii.
1258 2646 1303 2675 Et
1329 2645 1406 2683 quia
1432 2654 1451 2674 a
1477 2645 1595 2675 ceteris
1626 2642 1799 2679 centuriis,

1075 2689 1127 2720 vel
1155 2689 1323 2725 tribubus,
1353 2697 1484 2727 semper
1511 2687 1580 2717 sere
1610 2687 1798 2722 creabatur,

1076 2743 1174 2773 quem
1196 2733 1421 2772 prerogativa
1444 2736 1586 2768 crearat,
1612 2730 1690 2770 (vid.
1722 2730 1800 2759 Mu-

1076 2786 1147 2807 ren.
1163 2779 1211 2807 18.
1229 2775 1342 2806 Plane.
1362 2776 1428 2813 20.)
1449 2778 1483 2804 et
1494 2775 1571 2812 quia
1588 2773 1650 2804 hoc
1667 2781 1798 2812 quoque

1075 2820 1303 2860 spectabatur,
1322 2825 1358 2848 ut
1366 2819 1590 2859 proerogaeiva
1603 2825 1726 2847 nomen
1742 2815 1800 2845 ha-

1074 2864 1173 2897 beret
1192 2863 1271 2899 boni
1294 2862 1431 2901 ominis,
1462 2861 1565 2904 (unde
1594 2861 1671 2903 Div.
1688 2860 1722 2891 ii.
1748 2861 1817 2890 40.-

1909 3128 1920 3196 5..-ae
