1920 3196
301 107 387 144 400

304 204 372 233 viii.
389 207 419 237 9.
437 201 566 234 Duker.
580 202 621 233 ad
638 203 722 234 Flor.
742 214 773 244 p.
791 208 865 236 414.
895 205 914 224 *²
930 205 1046 245 perde-

305 256 351 277 re.
364 247 460 277 Rosc.
473 247 512 276 A.
533 250 581 277 13.
598 249 712 277 onmia
724 249 757 277 in
770 248 904 278 homine
919 250 960 279 ad
972 259 1044 289 per-

306 290 429 320 niciem
446 289 631 330 profligata
655 295 689 321 ct
715 293 854 331 perdita.
883 293 1044 329 *vermi-e,

303 334 453 373 perdere.
480 335 537 363 Or.
567 335 612 365 iii.
646 338 671 365 l.
699 345 775 365 cum
804 335 871 365 suis
898 336 1044 366 consiliis

305 386 412 417 remp.
423 377 638 418 profligasset.

353 421 540 462 Proflzwus,
561 423 723 461 copiosus.
741 422 836 452 Orat.
853 422 887 452 ii.
904 425 956 453 38.
969 432 1045 462 pro-

293 464 411 505 fluens
428 474 531 494 ‹renus
548 466 719 495 orationis.
735 466 776 495 cf.
795 465 841 495 iii.
856 469 886 499 7.
904 466 956 495 Sic
969 477 1044 506 pro-

292 507 444 548 fluenter
460 512 511 538 est
524 507 662 538 Tuscul.
677 518 705 538 v.
728 512 775 539 18.
799 519 858 548 pro
874 511 1015 549 copiose.

348 551 568 591 I’ros'zmdere.
594 553 686 582 Orat.
717 552 750 581 ii.
777 554 828 582 531.
862 553 896 581 in
924 553 1046 582 vitibus

303 594 344 625 de
361 595 537 625 sarmentis
554 594 810 627 luxuriantibus.
823 595 902 625 hine
919 595 959 625 de
973 606 1045 626 ora-

303 644 390 676 tore,
408 639 464 678 qui
485 639 570 668 vires
590 649 665 669 suas
688 649 803 669 omnes
818 639 918 669 simui
934 644 1046 669 osten-

306 682 366 713 dit.
383 683 426 712 ib.
442 685 494 716 78.
513 681 715 722 profzmdere
731 693 764 712 se
778 683 979 713 universum.
997 683 1046 712 Si-

306 725 386 756 mile
402 726 484 756 illud
500 726 570 756 Att.
587 726 641 756 vii.
659 729 688 756 3.
712 727 738 756 si
756 732 864 756 totum
888 736 922 756 se
938 726 993 756 ille
1011 727 1045 755 in

306 779 360 799 me
374 769 586 810 profudisset:
604 770 634 799 h.
649 780 678 799 e.
695 769 879 809 largissime
897 779 949 799 me
966 769 1045 799 libe-

305 813 437 843 ralitate
454 823 515 843 sua
529 816 564 842 et
578 823 690 843 amore
706 813 897 854 complexus
913 817 1010 843 esset.

352 857 559 895 Progressus.
591 857 670 886 Nat.
687 857 729 887 D.
748 858 769 887 i.
786 858 816 888 6.
848 861 959 886 ‘tantos
971 867 1046 896 pro-

302 911 433 939 gressus
448 900 590 930 habebat
610 901 644 929 in
665 900 793 930 Stoicis.
817 900 917 930 Acad.
934 901 975 930 iv.
994 904 1045 930 23⁵3.

305 946 339 974 in
364 945 470 984 primo
488 953 677 983 progressu,
695 944 715 974 i.
734 954 761 974 e.
785 944 962 985 principio,
980 944 1046 984 pri-

304 997 360 1019 ma
376 992 482 1028 parte.

349 1029 533 1072 Projectns.
559 1029 649 1061 verr.
668 1031 710 1061 iv.
731 1033 780 1061 10.
805 1031 882 1061 urbs
902 1028 1047 1071 projecta

305 1076 341 1106 in
359 1075 465 1106 altum
481 1086 488 1104 ε
515 1075 549 1103 in
574 1073 663 1113 longi
682 1074 812 1111 isthmi,
829 1084 854 1104 s.
873 1075 994 1114 linguae
1012 1074 1047 1103 in

307 1129 399 1149 mare
438 1123 614 1158 porrectae‚
652 1124 802 1148 extremo
841 1118 915 1148 sita.
958 1118 1048 1148 Hinc

307 1163 326 1181 ὅ
338 1162 411 1193 Clu.
429 1163 480 1193 65.
499 1159 645 1202 projecta
663 1167 762 1200 atque
780 1162 930 1191 eminens
947 1161 1050 1191 auda-

306 1206 369 1236 cia.
392 1206 583 1236 *desertus
601 1206 672 1235 Att.
688 1206 733 1236 iii.
755 1208 801 1239 19.
818 1215 837 1234 a
852 1204 1048 1234 consiliariis

309 1250 392 1280 meis
412 1249 562 1289 proditus
587 1259 624 1278 ac
642 1248 818 1288 projeetus.
842 1248 931 1278 conf.
951 1248 992 1277 iv.
1017 1251 1047 1278 5.

308 1294 328 1313 ⁴¹²
341 1294 480 1333 ejectus.
500 1291 584 1322 Phil.
601 1293 657 1322 xii.
675 1296 704 1323 8.
729 1292 770 1322 ad
785 1302 863 1322 saxa
874 1289 1048 1331 projectus.

353 1336 529 1378 Projz'eere.
544 1336 616 1366 Att.
634 1336 676 1366 ix.
690 1337 720 1366 6.
736 1346 776 1365 ne
791 1334 843 1366 [ne
853 1334 1026 1376 projiciam
1039 1347 1048 1364 .·

307 1379 342 1412 h.
370 1390 398 1410 e.
425 1379 613 1420 periculum
637 1379 786 1409 subeam.
818 1380 837 1396 *ἒ
851 1380 931 1409 Ccel.
960 1383 991 1413 9.
1022 1379 1049 1408 si

307 1425 364 1464 qui
379 1429 483 1454 testes
500 1433 533 1453 se
551 1423 584 1452 in
596 1423 762 1461 judicium
774 1420 973 1463 projecerint
985 1436 994 1450 .·
1015 1422 1049 1452 h.

308 1478 338 1499 e.
349 1467 439 1497 ultro
455 1477 489 1497 se
505 1466 702 1496 obtulerint.

354 1511 499 1542 Prolabi.
525 1510 648 1540 Caecin.
665 1513 718 1541 35.
735 1510 866 1550 longius
877 1512 1050 1550 prolapsus

309 1565 399 1592 sum,
416 1565 460 1585 sc.
478 1554 627 1584 dicendo.
647 1554 739 1584 Font.
757 1559 788 1588 9.
805 1554 939 1584 verbum
959 1565 978 1584 a
992 1565 1050 1584 cu—

311 1599 454 1640 piditate
464 1600 666 1638 prolapsum.

353 1642 515 1673 Prozaesz'o.
533 1641 613 1672 Coel.
630 1644 679 1675 17.
696 1640 753 1671 sed
764 1640 868 1671 Graev.
883 1640 1046 1681 malebat:

302 1687 476 1728 prolapsio.

352 1729 523 1767 Prolatus,
536 1728 727 1768 ampliatus,
742 1728 876 1759 dilatus.
888 1728 983 1759 Brut.
996 1730 1049 1759 (ΞΩ.

309 1783 360 1804 res
371 1776 515 1813 prolata.
540 1772 628 1802 Mur.
650 1776 698 1803 13.
717 1774 855 1813 prolatis
871 1773 989 1802 rebus:
1015 1772 1048 1802 h.

308 1827 338 1848 e.
357 1819 390 1847 in
401 1818 548 1855 justitio,
567 1816 617 1845 vel
632 1822 768 1856 propter
783 1816 894 1853 ferias,
911 1816 962 1845 vel
978 1815 1050 1846 aliis

308 1862 349 1891 de
373 1862 492 1891 causis.
516 1870 545 1890 V.
571 1860 702 1890 Manut.
727 1860 768 1889 cf.
786 1859 855 1889 Att.
872 1861 936 1889 xiV.
955 1863 985 1890 5.
1009 1860 1050 1899 Ω.

308 1904 359 1935 Fr.
383 1905 431 1934 iii.
455 1907 485 1935 8.
510 1903 742 1942 *divulgatus
767 1903 869 1933 Attic.
890 1913 919 1933 x.
939 1906 969 1933 8.
994 1913 1050 1933 ru-

309 1958 382 1978 mor
398 1948 437 1977 de
456 1947 565 1986 aliquo
576 1949 736 1987 prolatus.

353 1992 512 2027 Promea,
530 1991 817 2027 commemoratio,
835 1991 892 2021 Or.
909 1993 961 2021 34.
974 2000 1050 2030 pro-

310 2037 386 2066 latio
403 2034 642 2074 exemplorum.
671 2035 690 2052 ²*
702 2034 829 2064 dilatio.
856 2035 938 2065 Rab.
957 2034 1050 2064 Pei-sl.

309 2078 631 2120 3.prnlc1tiojudicii.
648 2078 667 2096 ²*
679 2078 898 2108 continuatio.
917 2077 957 2107 ad
974 2078 1049 2108 Div.

308 2132 338 2153 V.
373 2123 421 2153 16.
448 2123 587 2161 prolatio
615 2127 806 2161 temporum
834 2121 1051 2161 perditorum.

307 2169 328 2188 ¹*
342 2166 412 2197 Att.
435 2167 490 2196 vii.
520 2167 569 2197 12.
586 2167 727 2206 prolatio
742 2175 866 2202 rerum,
883 2170 933 2195 est
951 2165 1052 2205 justi-

311 2211 411 2241 tium.

354 2254 556 2291 Proleetare,
575 2252 717 2282 allicere.
741 2251 848 2282 Flacc.
865 2255 895 2282 8.

353 2297 553 2328 Promittere
566 2296 607 2326 ad
623 2296 782 2334 aliquem,
795 2306 840 2326 sc.
856 2300 1050 2333 venturum,

310 2341 400 2380 apud
414 2351 492 2370 eum
509 2340 662 2370 coenandi
678 2349 787 2369 causa.
804 2340 860 2369 Or.
874 2340 906 2369 ii.
921 2343 951 2372 7.
969 2349 1053 2379 prae-

309 2384 433 2422 dicere,
451 2383 491 2414 de
506 2394 540 2414 re
558 2383 657 2413 mala.
683 2383 723 2412 ad
740 2383 815 2413 Div.
832 2383 874 2412 vi.
897 2386 920 2412 1.

351 2426 572 2464 Promem'tus,
597 2427 632 2457 in
656 2426 780 2457 malam
803 2431 944 2467 partem.
978 2424 1052 2456 Inv.

309 2472 345 2502 ii.
362 2474 416 2502 ⁴28.

353 2515 561 2552 Promotum,
577 2511 771 2555 πραηγμίνον.
797 2511 868 2542 Fin.
883 2513 929 2543 iii.
951 2513 998 2543 16.
1022 2522 1051 2543 v.

310 2568 441 2598 argum.
459 2557 557 2596 hujus
573 2556 659 2587 li'uri.

353 2602 598 2640 Promulgatio‚
625 2606 677 2630 est
702 2598 798 2639 legis,
825 2609 902 2629 eum
929 2600 1054 2639 scripta

309 2646 511 2687 proponitur
535 2650 614 2675 ante
637 2643 785 2673 comitia.
811 2642 852 2672 ad
875 2644 950 2673 Div.
974 2644 996 2672 i.
1020 2646 1051 2674 5.

311 2688 680 2728 nefariapromulgatio.
706 2686 748 2716 cf.
763 2686 844 2725 Leg.
862 2686 907 2716 iii.
928 2689 977 2721 19.

357 2733 528 2770 Promtus,
540 2731 753 2771 conspicuus,
770 2739 837 2760 non
853 2730 1054 2761 occultatus.

311 2776 423 2807 Plane.
444 2779 493 2807 14.
518 2775 615 2806 vultu
626 2778 793 2814 promtum
809 2773 927 2804 habuit
943 2778 977 2804 et
991 2773 1056 2804 lin-

312 2830 380 2859 gua
401 2819 559 2849 dolorem.
582 2819 680 2849 Rosc.
710 2818 785 2848 Am.
808 2819 861 2847 40.
887 2822 1056 2857 promtum

311 2868 353 2896 et.
373 2863 580 2902 propositum
607 2867 680 2892 est:
709 2860 742 2891 h.
770 2871 799 2890 e.
825 2865 992 2900 apertum,
1017 2865 1057 2891 ut

312 2906 456 2948 intelligi
482 2906 587 2948 possit
608 2904 718 2939 facile.
742 2904 799 2936 Or.
824 2904 871 2936 iii.
897 2908 951 2941 57.
973 2904 1058 2938 emi-

813 117 960 146 INDEx
997 118 1099 146 LATI
1106 117 1132 146 N
1139 118 1293 148 I'I'ATIS.

1089 206 1206 236 nentia
1220 210 1251 236 et
1264 209 1409 247 promta.

1131 248 1371 287 Pronuuciare,
1387 249 1594 289 promittere.
1620 249 1754 280 Cluent.
1771 251 1826 285 29.

1087 303 1188 331 quam
1211 303 1271 333 pro
1295 303 1350 323 reo
1370 295 1615 332 pronunciasset
1638 294 1827 333 pecuniam.

1087 345 1118 366 v,
1135 336 1241 366 Graev.
1258 336 1300 366 cs.
1317 336 1429 366 Plane.
1450 340 1498 366 18.
1523 338 1766 376 *pronunciare
1777 337 1827 367 di-

1088 385 1212 409 cuntur
1228 381 1443 419 magistratus
1459 380 1586 410 edictis.
1602 381 1697 410 verr.
1714 381 1760 412 iii.
1773 382 1827 411 20.

1087 422 1105 440 ³*
1122 422 1283 453 Consules
1307 425 1529 463 pronunciant
1557 425 1754 461 sententias,
1785 423 1828 453 ad

1087 466 1164 496 Div.
1188 466 1209 496 i.
1233 468 1263 496 2.
1289 476 1365 496 cum
1391 477 1410 496 a
1431 467 1639 496 senatoribus
1656 477 1729 506 quae
1752 476 1828 497 sen-

1086 510 1205 539 tentiae
1232 510 1330 539 dictae
1356 510 1438 546 sint,
1462 511 1605 540 breviter
1632 511 1762 547 dicunt,
1792 514 1827 540 et

1088 552 1207 582 deinde
1224 553 1258 582 in
1276 563 1329 582 eas
1347 553 1579 584 discessionem
1603 554 1673 583 ficri
1691 554 1826 592 jubent.

1132 595 1379 634 pronunciatio,
1417 597 1622 627 enunciatio.
1666 597 1735 627 Fat.
1777 600 1827 627 ll.

1088 639 1241 670 *dicitur
1273 640 1375 670 etiam
1406 640 1446 670 de
1469 640 1653 679 judicibus.
1692 640 1827 674 Cluent.

1089 684 1142 714 20.

1131 726 1375 757 Pronmzeicttor
1388 737 1499 757 rerum
1516 732 1699 766 gestarum,
1716 727 1756 757 de
1778 726 1829 757 hi-

1088 770 1220 799 storico.
1244 769 1338 800 Brut.
1356 774 1408 801 83.

1132 812 1274 843 Pronus.
1295 813 1397 844 Tusc.
1415 814 1435 843 i.
1460 816 1507 843 18.
1533 812 1580 842 nil
1602 813 1702 844 habet
1718 815 1830 854 proni.

1090 857 1110 886 i.
1128 868 1155 886 e.
1174 857 1261 895 quod
1279 857 1319 886 ad
1336 857 1442 886 infera
1457 857 1597 894 nitatur,
1613 857 1750 888 feratur.

1134 901 1342 940 Prrqmgare,
1369 901 1576 930 continuare.
1604 901 1698 931 Prov.
1728 902 1827 931 Cous.

1090 947 1120 974 8.
1139 949 1347 984 propagatur
1370 945 1564 984 impunitas.
1590 944 1630 973 cf.
1647 944 1720 974 Cat.
1743 945 1777 975 ii.
1796 947 1827 975 5.

1090 987 1190 1017 Dom.
1215 991 1266 1017 22.
1291 988 1344 1017 Sic
1364 989 1558 1027 propagatio
1574 997 1633 1027 pro
1650 989 1827 1018 continua-

1090 1031 1192 1060 tione.
1225 1032 1266 1061 ad
1283 1032 1357 1061 Div.
1374 1042 1402 1061 v.
1424 1035 1472 1061 15.
1496 1031 1596 1061 Tusc.
1613 1031 1633 1060 i.
1651 1034 1704 1062 35.
1727 1033 1829 1062 Dom.

1090 1077 1143 1105 33.
1167 1078 1200 1104 et
1221 1079 1423 1114 propagator
1445 1075 1636 1113 proxinciae,
1663 1075 1734 1104 Αἴξ.
1760 1075 1827 1105 viii.

1091 1120 1121 1148 3.
1155 1118 1210 1156 qui
1234 1118 1328 1155 facit,
1346 1124 1384 1147 ut
1408 1118 1526 1157 aliquis
1550 1118 1674 1148 diutius
1697 1119 1829 1158 provin-

1091 1162 1177 1190 ciam
1194 1161 1356 1191 obtineat.
1385 1161 1559 1201 Quomodo
1577 1162 1707 1191 differat
1722 1172 1741 1191 a
1753 1172 1832 1202 pro-

1091 1215 1221 1243 rogare,
1239 1214 1269 1234 v.
1293 1205 1327 1234 in
1352 1204 1385 1234 h.
1409 1216 1438 1234 V.
1463 1208 1480 1222 ’ᾖ
1495 1215 1570 1234 cum
1595 1205 1715 1235 dativo.
1740 1207 1830 1235 Sext.

1092 1251 1144 1279 48.
1164 1252 1396 1288 propagantur
1411 1249 1611 1288 posteritati.

1134 1292 1252 1331 Prope.
1285 1292 1379 1321 Verr.
1408 1302 1440 1321 v.
1471 1292 1525 1323 36.
1559 1302 1621 1321 nec
1651 1292 1832 1331 quiequam>

1085 1337 1221 1376 propius
1242 1335 1371 1365 factum
1396 1340 1457 1365 est.
1502 1336 1632 1365 Servius
1667 1336 1706 1365 ad
1740 1336 1830 1375 Virg.

1090 1380 1167 1409 AEn.
1191 1380 1258 1409 viii.
1282 1382 1335 1412 78.
1360 1380 1600 1419 interpretatur
1615 1379 1736 1409 citius:
1762 1389 1831 1409 nou

1091 1424 1171 1453 satis
1196 1427 1362 1453 accurate.
1407 1424 1530 1453 Sensus
1554 1429 1627 1452 est:
1650 1432 1831 1463 perparum

1092 1467 1211 1504 abfuit,
1236 1467 1317 1505 quin
1345 1467 1451 1497 fieret.
1489 1466 1613 1496 *Vera
1636 1476 1667 1497 v.
1691 1468 1723 1498 2.
1761 1470 1832 1497 tam

1086 1520 1187 1550 prope
1203 1510 1243 1539 ab
1259 1510 1440 1549 provincia.

1137 1553 1388 1593 Propemodzem.
1417 1554 1483 1584 Off.
1505 1553 1539 1583 ii.
1565 1556 1596 1584 8.
1623 1558 1709 1584 extr.
1729 1554 1830 1584 utris⁴

1092 1607 1155 1637 que
1173 1602 1223 1627 est
1239 1598 1469 1637 propemodum
1493 1597 1736 1637 comparanda:
1762 1598 1783 1627 i.
1800 1607 1830 1627 e.

1092 1651 1192 1681 prope
1206 1641 1248 1671 ad
1263 1641 1406 1671 eundem
1424 1641 1575 1678 modum,
1586 1645 1626 1670 ut
1640 1641 1722 1670 vidit
1734 1641 1832 1671 Pear-

1092 1686 1175 1715 cius.
1200 1684 1262 1714 Sed
1278 1684 1469 1724 exemplum
1485 1685 1574 1714 aliud
1591 1683 1751 1714 desidero.

1135 1729 1342 1768 Propenclere
1350 1728 1612 1767 praeponderare.
1623 1728 1723 1758 Tusc.
1733 1738 1762 1757 v.
1777 1731 1814 1759 31
1825 1751 1832 1758 .

1137 1773 1309 1812 Propeuse.
1327 1772 1368 1801 ad
1385 1772 1458 1802 Div.
1476 1772 1532 1801 xii.
1553 1775 1601 1802 15.
1618 1772 1639 1802 i.
1656 1782 1684 1802 e.
1701 1771 1831 1802 lubenti

1093 1817 1216 1846 animo.

1136 1860 1288 1900 Propior,
1304 1858 1455 1890 similior.
1478 1858 1571 1888 Verr.
1589 1859 1630 1889 iv.
1648 1863 1700 1890 50.

1137 1903 1332 1944 Proponere,
1345 1903 1383 1933 de
1402 1903 1544 1942 praemiis
1557 1907 1591 1932 et.
1606 1904 1721 1941 poenis.
1733 1901 1831 1933 Verr-

1092 1958 1122 1977 ν.
1142 1951 1193 1978 58.
1218 1948 1263 1977 iii.
1288 1951 1341 1981 79.
1364 1946 1444 1976 ordo
1459 1946 1643 1976 senatorius
1660 1946 1832 1976 industriae

1087 1993 1266 2031 propositus
1289 1996 1350 2021 est.
1375 1990 1535 2030 *publice
1560 1989 1738 2028 legendum
1763 1990 1834 2019 affl-

1094 2044 1182 2074 gere.
1217 2034 1287 2064 Att.
1303 2034 1337 2064 ii.
1355 2035 1407 2064 21.
1442 2033 1545 2070 locus,
1563 2034 1619 2063 ubi
1636 2033 1832 2073 edietapro-

1088 2083 1268 2118 ponuntur.
1292 2077 1410 2117 Quint.
1429 2080 1477 2107 15.
1501 2087 1677 2117 proponere
1691 2076 1832 2107 libellos.

1095 2125 1113 2143 ἥ
1128 2122 1308 2162 praeficere.
1334 2121 1422 2151 Sext.
1445 2121 1498 2151 65.
1524 2124 1562 2150 ut
1585 2121 1761 2150 consilium
1785 2130 1835 2150 se-

1095 2170 1193 2196 natus
1220 2164 1360 2205 reipubl.
1380 2168 1604 2204 proponerent.
1628 2164 1698 2194 *de
1721 2173 1834 2204 scopo,

1094 2218 1227 2239 summa
1243 2209 1301 2239 rei.
1333 2208 1402 2238 Fin.
1418 2218 1448 2237 v,
1466 2208 1496 2237 6.
1527 2207 1615 2247 quod
1632 2210 1830 2247 propositum

1095 2254 1139 2283 sit
1151 2253 1225 2283 arti.
1238 2252 1280 2283 cf.
1299 2251 1380 2283 Coel.
1395 2255 1425 2282 3.
1442 2250 1460 2269 ’ἒ
1471 2251 1510 2280 de
1527 2251 1743 2291 philosophis,
1755 2261 1832 2281 cum

1094 2300 1226 2336 ponunt
1242 2296 1281 2326 de
1295 2306 1359 2335 quo
1373 2296 1497 2325 dicant.
1513 2295 1612 2325 Tusc.
1627 2305 1657 2324 v.
1673 2298 1705 2325 4.
1723 2295 1770 2324 sic
1782 2298 1835 2324 est

1089 2341 1302 2380 propositum,
1327 2339 1366 2369 de
1390 2349 1455 2377 quo
1478 2339 1737 2378 disputaremus.
1776 2338 1830 2368 Sic

1095 2387 1145 2414 est
1168 2384 1269 2413 etiam
1294 2382 1365 2413 Fat.
1389 2385 1420 2413 2.
1446 2382 1502 2412 ubi
1519 2382 1605 2412 maie
1621 2381 1836 2422 reprehendi-

1093 2432 1151 2457 tur
1165 2437 1185 2456 a
1201 2427 1345 2458 Davisio.
1369 2426 1671 2456 *commemorare
1694 2425 1768 2464 Lig.
1785 2428 1834 2455 11.

1094 2480 1229 2511 possum
1240 2470 1429 2500 notissimos
1437 2470 1522 2499 viros
1525 2479 1715 2509 proponere.
1724 2469 1742 2487 ³‘
1752 2469 1833 2498 item

1095 2515 1134 2544 de
1151 2514 1267 2553 majori
1282 2512 1474 2553 syllogismi.
1500 2512 1570 2543 InV.
1586 2513 1607 2542 i.
1623 2516 1675 2546 39.
1693 2515 1838 2551 quatuor

1095 2558 1244 2598 partibus
1258 2562 1390 2587 constat
1403 2556 1651 2595 argumentatio
1664 2568 1671 2586 ε
1689 2565 1764 2585 cum
1778 2562 1839 2586 aut

1088 2602 1308 2642 proponimus,
1325 2604 1385 2630 aut
1402 2599 1602 2629 assumimus
1616 2599 1675 2629 &c.
1706 2599 1748 2629 cf.
1766 2598 1838 2629 Fat.

1096 2646 1126 2676 6.
1143 2650 1228 2674 extr.
1244 2644 1302 2673 ubi
1320 2643 1405 2673 male
1425 2644 1577 2673 Davisius
1599 2643 1746 2683 positum
1771 2641 1837 2681 legi

1095 2688 1179 2718 vult.
1215 2687 1304 2717 Hinc
1335 2687 1370 2716 in
1400 2687 1593 2716 universum
1630 2687 1688 2717 Or.
1717 2686 1750 2715 ii.
1783 2688 1836 2716 53.

1095 2731 1482 2770 sumtiones,proposita.
1512 2732 1530 2750 ’ἔ
1544 2730 1614 2759 Att.
1633 2740 1663 2759 v.
1684 2733 1732 2760 10.
1752 2728 1835 2760 nihil

1096 2780 1168 2805 erat
1191 2776 1393 2813 propositum
1417 2773 1459 2803 ad
1485 2772 1720 2806 scribendum:
1746 2772 1780 2803 h.
1803 2782 1834 2802 e.

1097 2818 1192 2849 nulla
1206 2828 1226 2847 a
1239 2823 1272 2847 te
1289 2817 1368 2847 data
1382 2817 1521 2846 occasio.
1834 2826 1836 2828 ’

1140 2861 1322 2901 Proporcz‘o.
1345 2861 1392 2890 sic
1419 2865 1471 2890 est
1496 2859 1536 2891 de
1564 2858 1664 2891 Univ.
1691 2869 1721 2891 c.
1746 2861 1779 2890 4.
1805 2868 1852 2899 V„

1098 2909 1169 2937 not.
1186 2903 1228 2938 ad
1242 2904 1335 2937 Verr.
1351 2904 1393 2935 iv.
1410 2904 1461 2935 21.
