1985 3206
698 137 842 165 INDEX
877 137 1172 165 LA'HNITATIS.

166 226 285 258 crustis
310 230 345 257 et
381 223 608 264 emblematis)
644 235 722 255 cum
760 229 902 264 argento

166 281 250 312 puro
263 270 398 301 domum
411 274 631 300 reverterunt.
650 269 668 287 *Ψ
682 269 901 309 magnificen-

136 328 146 339 ·
168 315 218 345 tia
235 319 269 344 et
285 315 482 351 ostentatio,
504 324 577 353 quae
599 314 744 353 pretiosa
759 312 901 352 supelle-

168 357 241 387 ctili
267 358 440 396 quaeritur.
464 357 580 387 Parad.
597 358 617 387 i.
642 359 671 387 ΞΖ.
691 366 771 386 num
797 355 900 385 ullam

169 401 411 439 cogitationem
448 400 601 431 habuisse
640 400 901 430 videntur—ant

158 445 299 483 ,argenti
317 445 358 474 ad
374 445 561 481 avaritiam,
578 451 636 474 aut
664 444 900 474 amoenitatum

165 488 207 518 ad
229 488 501 525 delectationem,
526 494 586 518 aut
614 486 831 528 supellectilis
860 486 901 516 ad

165 532 310 569 delicias,
339 537 397 562 aut
424 532 600 572 epularum
627 532 668 561 atl
699 531 899 571 voluptates.

164 575 186 594 *
205 575 357 606 studium
381 576 479 613 hujus
502 575 679 614 elegantiae
696 579 729 604 et
747 574 901 613 magnifi-

166 620 298 649 centiae.
316 620 409 649 Verr.
427 620 468 649 iv.
483 623 534 653 57.
549 620 695 649 etiamne
713 618 809 656 hujus
824 628 901 657 ope—

166 662 246 694 rarii
270 662 383 692 studia
397 668 431 693 et
456 663 587 693 delicias
612 662 810 702 perferetis?
837 661 900 690 *a-

167 716 276 736 mores
294 712 329 736 et
343 706 519 745 elegantia*
535 706 711 736 hominum
734 705 901 735 amoribus

163 749 369 779 deditorum.
395 750 476 780 (Joel.
507 753 554 784 19.
593 751 665 780 init.
691 759 818 778 amores
843 759 901 778 au-

163 800 236 823 tem
260 800 294 823 et
317 794 437 824 delieioe
464 793 528 831 hae,
554 804 628 832 ‹111ae
652 797 823 823 vocantur.
842 793 901 822 ἃς.

169 837 262 877 ‘ipsi
286 837 438 867 homines
470 838 644 876 utriusque
670 837 813 876 generis,
845 836 901 875 qui

169 887 337 910 amantur.
361 881 460 911 Doni.
477 883 529 911 ⁶24.
554 892 630 911 cum
655 881 738 910 alter
752 891 786 910 se
812 880 902 909 Cati-

171 924 249 954 linae
267 925 396 954 delicias
413 925 513 954 fuisse
530 924 668 955 (liceret.
692 924 710 942 ’⁵
727 925 760 953 in
781 924 903 953 oratio-

170 978 212 998 ne
242 969 361 998 tlelice'oe
392 974 471 998 sunt
498 970 671 998 concinnae
712 968 901 1004 sententiae,

168 1013 294 1049 argnti,
322 1013 405 1041 certi
428 1018 463 1042 et
490 1012 733 1050 circumscripti
757 1011 902 1040 ambitus

170 1055 357 1085 verborum.
383 1056 474 1085 Orat.
497 1058 543 1086 1‘2.
569 1056 759 1094 longissime
787 1059 902 1084 tamen

169 1099 232 1138 ipsi
250 1109 269 1128 a
283 1099 405 1129 talibus
421 1100 541 1130 deliciis
566 1099 615 1129 vel
640 1100 751 1139 potius
768 1098 903 1138 ineptiis

172 1142 364 1172 abfuerunt.

213 1186 381 1224 Delige1·e‚
408 1187 539 1225 ejicere.
566 1184 679 1216 Vatin.
705 1188 754 1216 14.
777 1185 903 1216 subsel-

168 1228 215 1259 h'a
242 1229 423 1270 dissiparit,
452 1240 551 1260 urnas
580 1230 737 1269 delegerit
764 1230 823 1259 ἀρ.
846 1230 903 1259 ubi

169 1273 234 1303 vid.
267 1273 374 1303 Graev.
411 1274 535 1304 Caecin.
570 1276 622 1307 ⁶27.
654 1274 681 1303 si
715 1274 903 1313 ingressum

169 1316 270 1347 modo
296 1317 463 1356 delegeris.
508 1318 561 1348 Sic
590 1318 680 1347 enim
712 1318 757 1347 ibi
787 1328 804 1346 e
832 1317 904 1348 MS.

166 1360 238 1392 Erf.
254 1362 402 1400 reposuit
416 1362 578 1398 Graevius,
596 1372 672 1391 cum
690 1366 767 1391 ante
795 1364 901 1392 esset:

169 1404 340 1443 dejeceris.
366 1405 429 1435 Sed
445 1415 474 1434 v.
493 1410 562 1435 not.
582 1411 740 1435 nostram.
825 1436 829 1439 ,

214 1448 392 1479 Deliuitor.
415 1449 510 1479 Brut.
531 1453 583 1482 TO.
603 1449 722 1487 judex,
740 1448 834 1488 cujus
850 1448 903 1479 de-

169 1492 282 1522 linitor
299 1492 397 1522 debet
413 1503 483 1523 esse
500 1499 622 1523 orator.

214 1536 414 1575 Deliquesco.
437 1537 537 1566 Tusc.
566 1537 607 1566 iv.
644 1540 692 1570 17.
730 1535 903 1566 alacritate

169 1578 260 1609 futili
278 1581 423 1618 gestiens
441 1581 643 1620 deliquescit:
678 1581 700 1610 i.
720 1590 749 1611 e.
767 1580 903 1610 mollem

173 1633 207 1653 ne
228 1624 363 1662 praebet.

216 1666 385 1697 Delitesm.
410 1667 503 1697 Balb.
521 1669 551 1697 ⁶2.
583 1667 616 1697 in
635 1667 809 1698 mendacio
826 1668 904 1698 deli-

174 1715 301 1741 tescere.
327 1711 429 1740 Acad.
451 1711 492 1741 iv.
512 1714 541 1741 5.
567 1712 601 1741 in
619 1721 733 1741 eorum
759 1712 904 1742 auctori-

170 1758 240 1783 tate
257 1755 463 1784 delitesceret.

215 1798 356 1828 Delitus.
381 1798 472 1829 Verr.
488 1799 509 1828 i.
527 1801 578 1829 55.
601 1799 740 1829 delitum
766 1798 906 1828 tectori-

173 1851 241 1871 um.
273 1841 308 1871 ln
336 1842 455 1881 fragm.
482 1852 557 1882 epp.
584 1847 665 1872 sunt
692 1843 793 1872 etiam
820 1852 904 1872 cerae

171 1889 205 1914 et
222 1884 327 1915 literae
344 1886 459 1916 delitoe.

215 1929 386 1959 Delumbo.
413 1930 507 1960 Orat.
534 1930 585 1963 69.
617 1930 805 1959 delumbare
830 1938 904 1959 sen-

169 1973 295 2002 tentias
313 1973 448 2011 (licitur,
466 1974 521 2012 qui
547 1974 686 2003 minutis
705 1974 851 2003 numeris
869 1977 904 2002 et

169 2016 320 2046 oratione
338 2017 443 2046 incisa
459 2027 572 2046 earum
589 2017 656 2046 vim
675 2017 809 2046 minuit.

212 2059 403 2097 Dementia,
421 2061 454 2089 in
477 2059 564 2100 plur.
589 2060 627 2090 de
653 2060 906 2099 magnificentia

171 2102 414 2133 aedificationis.
447 2105 518 2133 Att.
537 2105 579 2133 ix.
596 2108 627 2137 9.
659 2114 737 2134 cave
754 2110 905 2134 contem-

170 2156 229 2175 nas
246 2147 316 2185 ejus
332 2148 522 2177 dementias.
546 2148 598 2177 Sic
617 2147 694 2178 alibi
711 2148 841 2178 insania
857 2148 905 2177 di-

173 2190 273 2219 citur.

213 2232 366 2264 Demere.
392 2234 492 2264 Petit.
510 2234 608 2264 Cous.
626 2237 655 2266 52.
679 2240 763 2265 extr.
781 2236 838 2274 qui
851 2246 905 2265 ca-

170 2277 242 2316 pita
267 2278 436 2308 demebant
454 2280 513 2308 ἃς.
538 2278 593 2308 alii
615 2278 733 2318 legunt
757 2279 906 2309 demete-

169 2320 249 2350 bant
265 2333 270 2349 ε
297 2322 385 2359 quod
400 2322 517 2361 probat
534 2322 717 2352 Burmann.
736 2323 778 2352 ad
792 2323 904 2353 Valer.

168 2363 294 2403 Argon.
311 2365 358 2394 iii.
376 2366 449 2399 670.
474 2366 529 2395 ubi
546 2366 616 2396 haec
631 2367 729 2396 verba
745 2367 904 2396 confundi

169 2407 204 2437 in
229 2407 320 2438 libris
337 2408 441 2439 solere
458 2409 566 2439 (locet.
582 2409 624 2440 cf.
641 2410 786 2440 eundem
803 2416 838 2440 et
854 2410 904 2441 el.

168 2450 384 2491 Oudendorp.
405 2453 444 2482 ad
463 2455 555 2483 Suet.
574 2454 704 2484 Caium.
722 2464 794 2494 cap.
808 2457 861 2485 33.

213 2495 404 2527 Demersus.
430 2496 510 2527 Sull.
526 2500 579 2528 31.
604 2498 787 2528 demersam
801 2498 904 2538 patri-

173 2547 227 2568 am
245 2539 362 2569 extuli.

213 2581 359 2613 Demiteo
376 2594 442 2621 me,
459 2583 636 2621 descendo,
648 2590 687 2614 ut
703 2595 720 2613 e
737 2584 905 2615 montibus

171 2625 204 2655 in
220 2625 320 2656 valles
345 2629 403 2656 otc.
426 2627 466 2657 ad
489 2629 565 2658 Div.
582 2639 632 2658 xv,
649 2631 679 2658 4.
706 2638 784 2658 cum
801 2639 854 2658 me
873 2629 906 2658 in

171 2668 323 2699 Ciliciam
352 2671 554 2702 demisissent.
591 2672 631 2701 ad
658 2672 787 2701 Divers.
815 2683 846 2702 x.
875 2676 904 2703 8.

169 2722 249 2742 cum
268 2713 301 2743 in
319 2724 395 2744 eum
413 2725 526 2745 casum
546 2726 598 2745 me
616 2715 753 2745 fortuna
769 2716 907 2747 demisit.

168 2755 188 2773 ²*
205 2756 245 2786 de
262 2758 354 2787 omni
383 2759 584 2797 aegritudine
612 2759 750 2796 dicitur,
762 2764 801 2789 ut
828 2770 907 2790 con-

168 2800 317 2838 trahere,
333 2802 422 2831 unde
441 2810 622 2841 utrumque
651 2803 684 2832 in
711 2803 907 2835 definitione

167 2844 239 2883 ejus
257 2854 276 2874 a
293 2845 454 2876 Cicerone
469 2846 604 2876 dicitur.
621 2857 640 2875 v
655 2846 756 2876 Tusc.
774 2848 815 2877 iv.
833 2848 864 2879 6.

209 2887 371 2922 Demisse.
401 2889 509 2920 Flaec.
544 2893 593 2920 10.
627 2890 828 2930 suppliciter
853 2892 908 2922 de-

166 2941 322 2973 matque
334 2934 552 2973 respondere.
577 2933 596 2951 ⁴
614 2934 716 2965 Tusc.
735 2945 764 2964 v.
791 2939 821 2968 8,
846 2935 908 2966 hu-

1605 126 1681 162 sel

948 225 1074 255 militer
1101 227 1298 264 demisseque
1326 224 1450 254 sentire
1488 224 1520 253 in
1554 223 1679 254 malam

945 274 1086 310 partem.

987 314 1171 349 Dmnissus,
1189 311 1360 342 modestus
1384 316 1419 340 et
1435 310 1574 350 pudens.
1600 311 1677 341 Mu-

946 367 1014 387 ren.
1039 360 1092 387 40.
1116 357 1158 385 sit
1182 356 1270 395 apud
1295 365 1349 385 vos
1378 354 1550 384 modestiae
1572 354 1679 391 locus,

944 401 987 431 sit
1013 401 1157 430 devm-sis
1181 399 1370 429 hominibus
1398 397 1604 438 perfugium,
1633 399 1678 428 sit

944 444 1106 474 auxilium
1124 442 1253 483 pudori.
1271 442 1345 473 add.
1361 442 1418 472 Or.
1433 442 1466 472 ii.
1483 445 1536 473 43.
1563 442 1598 471 in
1615 442 1681 474 Pis.

949 491 997 522 17.
1022 487 1254 524 *inurit-ratus,
1278 486 1440 516 modicus.
1464 487 1521 516 Or.
1546 488 1598 517 24.
1628 490 1680 515 tc·

944 532 1018 561 nuis
1031 537 1143 561 orator
1165 529 1478 560 erit—ornamentis
1501 530 1678 561 verborum

943 580 976 605 et
993 575 1239 605 sententiarum
1255 575 1428 603 demissior.

987 619 1236 655 Deneonstrare,
1251 627 1398 654 narrare,
1423 616 1543 646 dicere.
1562 615 1632 646 Inv.
1651 616 1674 647 i.

944 665 997 693 31.
1026 662 1114 702 apud
1142 662 1350 692 Socraticum
1391 660 1584 691 AEsehinem
1622 660 1676 690 de·

944 711 1103 737 monstrat
1132 707 1298 742 Socrates,
1330 715 1408 734 cum
1439 703 1673 743 Xenophontis

945 760 1045 780 uxore
1063 753 1096 779 et
1121 759 1198 779 cum
1229 749 1300 788 ipso
1324 748 1550 788 Xenophonte
1572 750 1677 787 Aspa—

943 794 1027 823 siam
1051 793 1211 823 locutam.
1245 792 1338 822 verr.
1364 793 1405 822 iv.
1428 795 1481 822 33.
1517 791 1603 829 qnod
1636 791 1676 821 ab

944 838 1050 867 AEnea
1070 837 1243 866 conditum
1268 836 1500 866 demonstrant.
1534 834 1576 863 ad
1600 835 1677 866 Div.

945 881 990 910 iii.
1008 884 1040 911 4.
1066 880 1146 910 inihi
1174 880 1290 910 Fabius
1316 879 1561 916 demonstravit,
1579 889 1630 907 me
1657 889 1677 909 n.

944 931 978 954 te
994 924 1129 964 plurimi
1145 924 1228 953 sieri.
1254 923 1332 953 ibid.
1356 923 1399 954 ix.
1419 925 1471 954 24.
1492 923 1674 962 Spurinna,

945 979 1023 998 cum
1049 969 1079 998 ei
1104 977 1174 998 rem
1201 968 1480 1003 demonstrassem,
1515 971 1551 995 et
1573 966 1675 996 vitam

944 1017 1038 1042 tuam
1075 1011 1280 1051 superiorem
1312 1011 1552 1051 exposuissem,
1585 1019 1677 1048 mag-

946 1065 1026 1085 num
1052 1055 1239 1095 periculum
1267 1064 1409 1085 summae
1436 1054 1517 1093 reip.
1548 1054 1677 1083 demon-

943 1101 1084 1137 strabat,
1102 1099 1165 1130 nisi
1182 1099 1223 1129 ad
1240 1099 1446 1138 superiorem
1463 1097 1678 1127 consuetudi-

946 1153 1023 1173 nem
1048 1143 1249 1173 revertisses.
1272 1142 1339 1172 *de
1355 1146 1481 1179 actore,
1497 1141 1677 1181 explicare,

946 1197 1052 1226 cgere.
1084 1187 1117 1217 in
1142 1185 1255 1216 Caecil.
1285 1189 1335 1217 13.
1359 1186 1579 1216 demonstrare
1600 1195 1678 1214 cau-

946 1241 1017 1261 sam
1046 1240 1114 1260 non
1141 1239 1264 1270 posses.
1290 1229 1541 1260 *demonstrare
1559 1229 1683 1259 dicitur

946 1275 1048 1305 etiam
1061 1275 1100 1304 de
1118 1274 1356 1314 interpretibus
1379 1274 1621 1312 antiquitatum
1646 1276 1680 1302 et

946 1329 1058 1349 rerum
1076 1319 1110 1348 in
1137 1328 1269 1357 quoque
1300 1317 1372 1346 loco
1400 1316 1680 1347 memorabilium.

946 1361 1039 1393 Verr.
1066 1363 1108 1392 iv.
1128 1365 1179 1397 59.
1204 1371 1282 1391 nam
1308 1365 1346 1391 ut
1375 1364 1454 1391 ante
1481 1361 1679 1391 demonstra-

948 1408 1038 1443 bant,
1055 1406 1135 1445 quid
1146 1406 1270 1444 ubique
1283 1408 1384 1442 esset,
1401 1405 1463 1435 ἃς.

990 1450 1247 1486 Demonstratio,
1289 1449 1474 1486 institutio,
1515 1448 1680 1478 doctrina.

947 1495 1003 1524 Or.
1016 1494 1062 1524 iii.
1080 1496 1132 1524 55.
1149 1494 1377 1523 demonstratio
1394 1492 1491 1531 hujus
1505 1492 1634 1531 generis
1651 1495 1684 1521 et

948 1538 1103 1568 doctrina
1129 1536 1273 1576 vulgaris
1305 1540 1367 1566 est.
1405 1536 1423 1553 ⁴*
1448 1536 1683 1576 interpretatio

947 1582 1188 1620 antiquitatum
1205 1584 1240 1610 et
1266 1590 1377 1610 rerum
1401 1579 1684 1610 memorabilium.

947 1625 1040 1656 Verr.
1071 1625 1112 1655 iv.
1142 1628 1194 1659 59.
1218 1624 1331 1663 itaque
1363 1633 1454 1653 nunc
1488 1633 1682 1653 conversam

947 1669 1073 1701 habent
1090 1669 1393 1698 demonstrationem
1411 1677 1517 1697 suam.

990 1712 1160 1744 Demoveo.
1197 1712 1320 1742 Caecin.
1360 1711 1406 1741 15.
1446 1712 1613 1741 demovere
1641 1710 1681 1740 de

948 1762 1040 1787 certo
1063 1760 1174 1786 statu:
1200 1766 1218 1784 e
1238 1755 1435 1795 gladiatoria
1456 1756 1602 1795 petitum
1621 1758 1682 1784 est.

948 1801 1049 1831 Dom-
1076 1801 1130 1832 526.
1153 1800 1338 1829 demovetur
1361 1808 1381 1828 a
1406 1799 1534 1838 republ.
1565 1797 1684 1828 similis

947 1843 1038 1874 labes
1055 1844 1279 1884 inposterum:
1312 1842 1346 1872 h.
1362 1852 1391 1872 e.
1409 1847 1559 1879 cavetur,
1586 1851 1627 1871 ne
1653 1842 1684 1871 ei

949 1888 982 1918 in
1000 1892 1173 1927 posterum
1189 1886 1339 1916 accidere
1357 1887 1472 1926 possit.

991 1932 1152 1968 Demum,
1182 1930 1334 1966 tandem,
1367 1940 1491 1968 quaeso.
1523 1930 1625 1960 Tusc.
1654 1939 1686 1959 v.

948 1978 1001 2010 37.
1019 1975 1156 2005 exilium
1181 1977 1346 2013 quantum
1367 1974 1500 2003 demum
1525 1984 1545 2003 a
1568 1982 1683 2013 perpe-

947 2024 1008 2049 tua
1023 2018 1293 2059 peregrinatione
1309 2017 1431 2047 differt.

991 2063 1175 2099 Denarius,
1193 2066 1245 2091 est
1272 2071 1408 2097 numus,
1434 2061 1504 2100 qui,
1521 2070 1598 2090 cum
1630 2069 1681 2089 se-

947 2107 1084 2137 stertius
1101 2106 1182 2136 duos
1199 2115 1287 2134 asses
1300 2115 1377 2134 cum
1387 2104 1525 2134 dimidio
1538 2103 1683 2141 valebat,

947 2150 1063 2180 decem
1091 2159 1179 2179 asses
1205 2148 1371 2187 aequabat‚
1389 2152 1507 2188 postea
1520 2145 1681 2185 sedecim,

948 2204 1025 2224 cum
1042 2194 1142 2224 unius
1159 2192 1303 2222 sestertii
1320 2197 1465 2231 quatuor
1475 2202 1562 2222 asses
1575 2195 1683 2222 erant.

947 2237 1127 2277 respondet
1142 2236 1333 2266 Graecorum
1360 2235 1540 2265 drachmae.
1563 2236 1683 2275 Quint.

946 2285 979 2311 4.
1001 2281 1135 2311 »decidis
1147 2281 1335 2318 statuisque
1351 2283 1404 2317 tu,
1422 2279 1504 2318 quid
1519 2279 1557 2308 iis
1574 2279 1616 2309 ad
1630 2280 1684 2309 de·

947 2327 1082 2355 narium
1103 2325 1287 2354 solveretur
1302 2335 1308 2353 ε
1334 2323 1367 2354 h.
1386 2333 1414 2353 e.
1430 2323 1511 2362 quid
1526 2326 1559 2352 et
1576 2332 1683 2362 quan-

946 2376 1022 2399 tum
1039 2368 1234 2398 solvendum
1251 2372 1352 2404 esset,
1369 2367 1395 2397 si
1407 2377 1466 2407 pro
1481 2367 1592 2396 numis
1608 2365 1686 2397 Gal-

948 2413 1034 2449 licis,
1051 2413 1221 2452 quierant
1244 2412 1279 2440 in
1301 2411 1500 2448 rationibus,
1523 2415 1558 2440 et
1585 2410 1684 2440 debe-

947 2457 1085 2493 bantur,
1123 2456 1334 2485 solverentur
1378 2455 1473 2485 numi
1512 2454 1682 2491 Romanu

947 2507 1116 2539 quantum
1133 2500 1334 2536 efficeretur,
1350 2499 1377 2528 si
1402 2508 1535 2528 summa
1562 2507 1683 2528 numo-

949 2554 1023 2573 rum
1042 2543 1261 2580 Gallicorum,
1279 2552 1352 2582 quae
1366 2542 1563 2579 debebatur,
1574 2541 1615 2571 ad
1631 2541 1686 2571 de·

948 2590 1058 2617 uarios
1075 2587 1294 2626 redigeretur.
1312 2596 1342 2616 v,
1356 2586 1458 2616 Gron.
1473 2585 1557 2616 Sest.
1572 2585 1618 2615 iii.
1635 2588 1686 2615 10.

949 2633 1003 2661 Sic
1020 2631 1090 2660 Att.
1118 2631 1152 2661 ii.
1180 2631 1211 2661 6.
1234 2634 1454 2670 opponuntur
1469 2630 1624 2660 denarius
1651 2632 1686 2658 et

950 2674 1181 2714 cistophorus:
1208 2674 1240 2704 h.
1257 2685 1286 2703 e.
1304 2674 1400 2705 numi
1416 2673 1555 2704 Asiatici
1569 2676 1605 2703 et
1620 2672 1687 2703 Ro-

950 2719 1053 2749 mani.

994 2763 1183 2801 Denegare,
1216 2760 1316 2801 plane
1342 2770 1476 2800 negare.
1500 2759 1572 2790 Att.
1605 2760 1626 2790 i.
1660 2762 1687 2789 1.

950 2805 1118 2846 Aquillius
1130 2806 1284 2843 denegat,
1305 2805 1363 2845 (sc.
1380 2815 1414 2834 se
1431 2801 1632 2844 petiturum)
1652 2807 1687 2833 et

948 2850 1079 2891 juravit
1095 2849 1263 2885 morbum,
1279 2856 1313 2879 et
1330 2848 1413 2878 illud
1430 2857 1530 2878 suum
1546 2856 1689 2886 regnum

945 2893 1108 2936 judiciale
1124 2893 1293 2933 opposuit.

995 2936 1185 2975 Denicales,
1198 2936 1289 2968 feriae
1303 2940 1514 2967 mortuorum
1529 2947 1535 2966 z
1562 2934 1602 2966 de
1618 2934 1689 2974 qui-

996 2991 1010 3010 s
1028 2984 1046 3011 3
