1985 3206
262 94 342 133 148

261 195 314 225 vir
337 192 475 234 optimus
489 188 661 231 judicatus
677 192 735 223 me,
753 187 791 217 de
814 197 874 226 quo
892 185 994 227 infin.

263 236 359 269 Balb.
390 239 438 267 15.
474 235 508 264 in
535 232 699 272 Hispania
725 231 890 262 occiditur
919 240 995 260 cum

266 281 380 311 fratre.
398 279 440 309 cf.
455 278 556 309 Tusc.
578 276 600 306 i.
624 278 678 309 37.
702 275 755 306 46.
779 275 860 305 Nat.
883 275 927 305 D.
953 274 999 303 iii.

314 367 356 397 L.
391 365 496 405 Scipio
525 363 700 398 Asinaeus,
731 360 774 391 P.
807 360 843 391 F.
877 360 919 391 J..
952 359 1000 389 N.

268 410 359 441 Mur.
386 412 435 439 14.
459 408 498 437 de
516 405 681 436 Antiocho
698 404 899 444 triumphat,
917 403 1003 433 widi:

268 452 434 484 Asiaticus
462 452 565 481 dictus
591 454 656 480 csl:
691 449 729 478 (Ie
754 459 813 488 quo
841 448 1003 486 tm'clmplm

269 497 335 527 vid.
353 496 445 526 Ptin.
465 494 577 524 xxxiii.
603 496 651 523 11.
682 493 830 532 provinc.
855 501 945 520 cons.
972 493 1001 519 8.

271 541 301 570 ei
320 539 443 570 auxilio
460 542 511 567 est
525 537 599 566 Tib.
616 535 785 565 Gracchus
808 539 903 574 patcr
925 533 1002 563 trib.

271 583 317 624 pl.
343 592 419 613 cum
443 582 478 611 in
505 589 670 610 carcerem
695 579 883 608 (lucc-retur.
908 577 1003 607 Brut.

271 629 326 661 47.
351 635 417 656 non
435 625 587 664 imperite
609 623 704 653 dixit.
730 621 811 652 Phil.
827 622 912 654 xi.7.
937 620 1004 649 col-

271 669 349 710 lega
365 670 402 699 C.
420 667 515 698 Laelii
531 667 690 707 sapientis
708 666 742 695 in
760 664 949 701 consulatu,
963 663 1005 693 ad

273 723 375 753 quem
392 721 468 743 cum
486 712 628 741 Senatus
644 709 786 739 deferret
801 708 1003 748 provinciam

272 757 399 792 Asiam,
423 765 496 794 quae
520 753 665 793 Scipioni
689 753 880 788 obvenerat,
903 751 1007 780 frater

274 801 382 840 major
412 799 447 828 P.
475 798 651 828 Africanus
683 806 756 825 eam
783 795 1003 835 ignominiam

274 844 486 884 deprecatur,
504 846 537 870 et
553 850 587 869 se
606 840 754 879 legatum
773 840 802 869 ei
819 839 888 868 fore
909 838 1006 878 polli-

275 888 377 924 citus,
395 885 600 926 provinciam
617 884 646 913 ei
669 887 853 913 conservat.
894 882 1006 912 Rabir.

275 931 427 961 Postum.
458 932 505 958 10.
540 928 610 966 ojus
638 931 751 956 statua
777 926 812 956 in
841 924 1007 966 Capitolio

276 985 354 1004 cum
372 972 545 1011 chlamyde
563 976 595 1000 et
614 970 766 1010 crepidis.

321 1018 363 1048 L.
393 1017 509 1056 Scipio,
534 1014 711 1052 Asiaticus,
737 1014 778 1044 L.
807 1012 842 1043 F.
867 1010 946 1054 ejus,
970 1016 1008 1041 ut

275 1063 399 1101 opinor,
417 1057 509 1098 cnjus
525 1062 689 1098 quoesz‘ura
710 1062 755 1088 est
777 1067 829 1097 ap.
847 1057 922 1086 Liv.
944 1055 1007 1085 xlv.

275 1108 329 1135 44.
355 1104 396 1134 L.
416 1103 464 1133 AV.
488 1102 598 1132 Rabir.
616 1101 709 1131 Perd.
727 1104 758 1135 7.
788 1102 882 1131 Vcrr.
908 1100 929 1130 i.
958 1102 1006 1129 14.

277 1147 414 1186 Collega
431 1147 467 1176 C.
483 1145 633 1176 Norbani
650 1145 684 1173 in
703 1144 888 1174 Consulatu
910 1153 942 1173 a.
966 1143 1005 1173 U.

276 1200 400 1222 DCLxx.
426 1189 467 1219 ad
483 1189 630 1219 Herenn.
649 1188 694 1217 iii.
711 1190 741 1218 53.
766 1187 894 1227 legibus
912 1186 1008 1216 solvi·

274 1239 334 1265 tur
345 1238 481 1274 propter
490 1232 614 1262 bellum
628 1231 797 1267 Italicum,
810 1235 847 1261 ut
860 1234 937 1260 ante
952 1240 1009 1260 an-

276 1288 360 1309 num
377 1287 476 1308 suum
494 1274 618 1306 Consul
636 1275 706 1305 fieri
723 1276 838 1315 possit.
870 1275 941 1305 Att.
965 1274 1008 1304 ix.

280 1325 330 1353 15.
354 1331 374 1351 a
390 1320 483 1351 Sulla
497 1319 711 1359 proscriptus.
736 1327 766 1348 v.
784 1320 818 1348 in
836 1318 872 1348 C.
888 1318 1008 1356 Scipio.

321 1364 371 1395 M.
397 1363 514 1403 Scipio,
536 1363 631 1393 Brut.
655 1364 707 1393 ⁶20.
730 1362 813 1401 ejus,
838 1361 894 1400 qui
918 1371 1010 1390 sacra

277 1408 421 1449 accepit,
436 1409 467 1437 Ιι.
481 1417 508 1437 e.
524 1406 569 1437 P.
583 1406 726 1444 Nus-im,
738 1405 838 1435 filius.
851 1405 1009 1444 eloquens

276 1452 411 1484 habitus
428 1455 490 1481 est.

322 1496 371 1525 M.
397 1495 512 1534 Scipio,
535 1492 787 1531 fllalug‘inensis,
811 1493 868 1523 Or.
894 1492 928 1522 ii.
957 1492 1009 1521 64.

279 1537 409 1570 dictum
433 1539 472 1567 de
497 1537 535 1567 L.
555 1537 682 1566 Manlio
698 1536 840 1566 Acidino
861 1535 1008 1566 consule.

278 1582 362 1614 Esse
384 1583 513 1612 videtur
536 1581 583 1611 M.
608 1581 730 1619 Scipio,
746 1581 800 1620 qui
816 1581 901 1610 inter
915 1579 1010 1609 Pm-

277 1632 358 1657 1¹ores
374 1627 561 1655 nominatur
577 1624 666 1663 apud
678 1623 751 1654 Lz'v.
771 1623 827 1654 xli.
844 1626 892 1653 14.
910 1628 940 1654 et
957 1626 1008 1656 ,97-

278 1671 327 1701 Μ.
347 1669 520 1700 Cornelius
537 1667 779 1706 Maluginensis
797 1668 924 1697 dicitur.
955 1667 1011 1697 Sic

271 1716 383 1755 placet
401 1712 532 1752 Sigom'o
547 1712 585 1741 de
596 1711 729 1741 Nomia.
742 1721 769 1740 e.
785 1713 814 1741 5.
832 1712 1010 1750 disputanti

278 1762 391 1788 contra
418 1756 649 1792 Robortellmn,
673 1756 727 1794 qui
749 1764 801 1795 ap.
832 1755 1010 1785 cicerone-112

281 1800 393 1841 Caepio
409 1801 472 1838 legi
487 1800 619 1829 volebat.
643 1799 781 1838 Aliquid
793 1803 902 1829 tamen
918 1799 1010 1829 dubi-

278 1845 408 1876 tationis
423 1847 569 1874 remanet
584 1842 718 1873 Dukero
732 1842 776 1872 ad
793 1842 868 1872 Le'v.
886 1844 907 1872 l.
924 1852 951 1872 c.

324 1888 368 1918 P.
386 1887 504 1926 Scipio,
523 1886 564 1917 L.
578 1886 615 1916 F.
632 1886 696 1915 Off.
714 1886 735 1915 i.
755 1888 804 1916 18.
821 1896 879 1925 pro
898 1885 1010 1916 Planc.

278 1933 332 1962 25.
358 1931 516 1961 laudatur
538 1934 674 1970 propter
696 1939 747 1959 rcs
764 1929 798 1959 in
814 1929 901 1959 bello
916 1929 1011 1959 forti-

277 1980 332 2005 ter
355 1978 476 2014 gestas.
502 1984 563 2013 pro
586 1973 688 2003 Balbo
717 1976 764 2003 15.
789 1973 954 2003 occiditur
978 1974 1010 2003 in

279 2018 443 2057 Hispania
454 2027 529 2047 cum
541 2017 642 2046 fratrc
656 2016 769 2053 Cnaeo,
780 2017 818 2046 de
829 2027 888 2057 quo
899 2027 1009 2057 supra.

280 2062 365 2092 Phil.
384 2062 428 2091 xi.
444 2066 474 2095 7.
506 2066 601 2100 pater
624 2060 662 2090 L.
683 2060 821 2090 Asiatici
838 2066 871 2090 et
890 2061 923 2090 P.
943 2062 1011 2090 Sci-

278 2105 387 2146 pionis
405 2105 550 2144 majoris.
574 2104 612 2133 dc
626 2103 730 2133 Lucio
745 2113 856 2143 supra.
873 2105 910 2134 de
926 2105 1012 2134 Afri-

278 2158 363 2179 cano
379 2153 409 2178 et
424 2146 633 2190 ejuspostcris
646 2148 710 2177 rid.
727 2149 759 2177 in.
778 2148 811 2177 P.
824 2148 1010 2178 Africanus.

325 2193 360 2222 P.
387 2192 510 2231 Scipio,
535 2192 591 2221 Cn.
617 2191 652 2221 F.
679 2192 720 2221 L.
748 2191 795 2221 N.
821 2191 902 2221 Har.
924 2202 1009 2231 resp.

284 2239 333 2266 13.
358 2236 504 2276 optimus
523 2235 561 2264 de
578 2239 651 2264 toto
668 2234 791 2274 populo
807 2234 903 2265 Rom.
918 2236 1011 2274 judi-

281 2284 390 2316 catus,
402 2289 495 2309 sacra
507 2278 626 2308 Matris
638 2279 750 2308 Deum
763 2288 864 2308 manu
881 2289 941 2308 sua
958 2290 1012 2309 ac-

281 2323 375 2363 cipit.
390 2333 421 2352 ὐ.
439 2323 512 2353 Lio.
530 2323 619 2352 xxix.
641 2324 690 2352 14.
717 2332 812 2352 xxxv.
834 2326 882 2354 10.
908 2327 937 2353 et
960 2328 1010 2353 ta-

279 2376 354 2397 wen
380 2367 423 2396 bis
448 2368 611 2406 repulsam
638 2367 723 2396 tulit.
752 2365 845 2396 Plin.
873 2367 927 2396 vii.
957 2370 1009 2397 13⁴.

281 2410 339 2440 Or.
354 2410 400 2440 iii.
418 2412 471 2440 33.
498 2409 652 2439 omnibus
670 2409 795 2439 civibus
812 2410 863 2439 sui
881 2411 1008 2450 copiam

279 2454 373 2484 fecit.
398 2453 551 2482 Pontifex
576 2452 664 2482 Max.
694 2453 891 2492 Consulfctit
913 2464 944 2483 a.
971 2454 1011 2484 U.

280 2505 386 2527 Dan.
409 2499 529 2535 collega
556 2496 610 2526 M‘
635 2497 730 2526 Acilii*
762 2497 952 2533 Glabrionis,
981 2509 1009 2528 ε’.

281 2541 356 2572 Lio.
375 2550 470 2570 xxxV.
487 2543 539 2570 224.
563 2538 863 2581 ctjurissprudentio
875 2543 1009 2574 celzbem

280 2584 319 2614 de
341 2594 400 2624 quo
422 2585 485 2614 vid.
509 2583 694 2623 Ruperlum
717 2584 763 2614 ad
784 2584 938 2625 Pompon.
964 2586 1010 2616 iii.

326 2670 370 2701 P.
390 2669 506 2710 Scipio,
521 2671 564 2701 P.
584 2670 620 2701 F.
644 2670 699 2701 Cn.
717 2671 766 2702 N.
783 2670 915 2701 Nasica.
934 2672 1013 2702 Cor-

281 2714 410 2751 culum,
429 2716 484 2744 hoc
508 2719 552 2745 est
573 2716 719 2754 sopiens,-
745 2715 810 2745 vid.
826 2715 926 2745 Tusc.
944 2716 964 2745 i.
982 2721 1013 2749 9.

281 2758 377 2789 Brut.
392 2760 444 2789 20.
461 2763 495 2788 et
512 2762 563 2789 58.
582 2759 630 2788 bis
647 2758 777 2795 consul,
795 2768 906 2799 nempe
921 2769 952 2788 a.
972 2759 1012 2790 U.

281 2810 374 2832 υκαι.
397 2812 471 2832 cum
492 2802 524 2832 C.
548 2802 678 2841 Figulo,
696 2807 726 2832 ct
748 2812 780 2832 a.
809 2802 849 2833 U.
869 2811 1012 2835 nxcvnt.

279 2855 356 2876 cum
384 2845 416 2876 C.
440 2846 607 2876 Marcello.
631 2851 666 2875 et
689 2855 777 2875 cens(
801 2858 803 2860 ·
824 2846 889 2876 suit
912 2856 944 2876 a.
974 2847 1014 2877 U.

280 2896 396 2921 uxeiv.
420 2890 464 2922 N.
481 2890 525 2921 D.
542 2890 576 2921 ii.
593 2892 624 2921 4.
650 2890 687 2921 C.
713 2889 820 2930 Figuli
843 2889 973 2930 collega
995 2901 1015 2922 a

786 97 933 126 INDEX
963 93 1246 126 HlsTomcUS.

1039 185 1091 216 Ti.
1108 186 1259 217 Graccho
1268 189 1369 226 patre
1383 185 1502 216 vitiose
1519 189 1663 224 creatus,
1680 185 1779 219 abdi-

1042 235 1097 259 cat
1112 240 1146 260 sc
1163 230 1376 269 magistratu.
1392 230 1434 260 cf.
1453 230 1567 260 Divin.
1584 231 1617 260 ii.
1635 234 1688 261 35.

1088 273 1131 303 P.
1157 274 1261 312 Scipio
1286 273 1423 310 Nasica,
1443 273 1487 303 P.
1515 273 1551 304 F.
1576 274 1620 304 P.
1647 274 1696 304 N.
1718 273 1777 305 Cn.

1046 315 1147 346 Pron.
1179 316 1292 347 Plane.
1320 318 1372 347 21.
1405 316 1578 347 aedilitiam
1606 316 1775 357 repulsam

1044 359 1120 390 fert.
1148 359 1242 390 Brut.
1267 362 1319 391 22.
1349 370 1425 390 cum
1450 360 1493 390 D.
1519 360 1624 390 Bruto
1650 360 1777 391 Consul

1044 403 1123 439 suit,
1139 414 1170 433 a.
1193 403 1232 434 U.
1249 411 1349 433 Dcxv.
1375 403 1456 441 Leg.
1475 404 1521 433 iii.
1538 407 1569 437 9.
1593 413 1612 433 a
1626 404 1778 434 'tribuno

1046 446 1090 486 pl.
1107 446 1255 476 Curiatio
1269 447 1301 476 in
1315 447 1447 477 vincula
1462 447 1650 487 conjicitur.
1663 447 1779 478 Plane.

1052 492 1098 519 14.
1123 490 1238 520 consul
1255 500 1274 519 a
1289 490 1412 520 Granio
1429 500 1581 529 praeconc
1600 490 1777 529 reprehen-

1047 533 1148 563 (litur.
1184 533 1282 563 Catil.
1311 534 1331 564 i.
1363 537 1390 564 1.
1425 534 1577 563 Pontifex
1607 533 1697 563 Max.
1722 533 1776 564 Ti.

1047 576 1235 607 Gracchum
1254 577 1431 607 intersccit.
1449 578 1548 607 Doni.
1566 579 1618 607 34.
1643 578 1713 616 ejus
1730 576 1779 606 fa-

1048 625 1140 650 ctum
1158 621 1252 650 sctis
1270 621 1438 660 probatur.
1461 619 1543 651 Lael.
1564 622 1613 650 12.
1638 624 1779 650 vexatur

1048 664 1087 693 ab
1106 665 1219 694 amicis
1237 664 1388 694 Gracchi.
1421 664 1485 695 Off.
1504 664 1524 693 i.
1541 666 1594 695 22.
1626 664 1777 703 privatus

1048 717 1140 745 {equo
1158 707 1303 737 multum
1320 708 1447 747 profuit
1470 708 1552 747 reip.
1575 717 1674 746 quam
1692 707 1780 737 Afri-

1048 760 1149 780 canus
1167 751 1200 780 in
1218 751 1441 781 exscindenda
1455 751 1652 781 Numantia.
1669 751 1778 781 Flacc.

1049 797 1100 824 531.
1127 795 1278 833 Pergami
1297 795 1449 824 moritur.
1474 795 1538 825 Off.
1552 795 1572 824 i.
1586 798 1639 825 30.
1664 795 1780 825 inser-

1049 838 1202 868 monibus
1235 839 1304 876 ejus
1336 837 1428 867 nulla
1455 838 1594 868 comitas
1620 838 1696 868 fuit.
1727 839 1779 868 hie

1049 881 1183 921 Serapio
1206 882 1309 911 dietus
1331 886 1377 911 est
1399 892 1420 910 α
1442 882 1652 911 similitudine
1674 883 1780 912 suarii

1048 923 1217 965 cujusdam
1247 926 1467 963 negotiatoris,
1495 926 1559 954 sire
1590 926 1675 955 alius
1705 926 1781 955 vilic

1049 970 1183 999 hominis
1210 970 1358 1008 primum
1389 969 1430 998 ab
1465 969 1621 998 irridente
1650 969 1779 998 tribuno

1043 1013 1154 1052 plebis.
1181 1012 1253 1042 Liv.
1279 1012 1371 1052 Epir.
1397 1015 1448 1043 55.
1478 1012 1590 1042 deinde
1615 1013 1723 1051 vulgo.
1746 1022 1777 1042 v.

1051 1056 1140 1086 Pon.
1159 1056 1214 1086 vii.
1235 1057 1283 1087 12.
1315 1056 1385 1094 ejus
1402 1055 1509 1085 facete
1523 1055 1652 1086 dictum
1671 1060 1722 1086 est
1738 1056 1779 1085 ile

1049 1099 1107 1130 Or.
1127 1100 1160 1129 ii.
1178 1103 1230 1133 70.

1094 1143 1136 1173 P.
1163 1143 1267 1182 Scipio
1294 1142 1432 1179 Nasica,
1458 1142 1502 1173 P.
1527 1142 1564 1173 F.
1589 1141 1634 1172 P.
1660 1143 1708 1173 N.
1732 1141 1778 1173 P.

1051 1187 1153 1217 Pron.
1182 1186 1238 1217 Cn.
1254 1186 1334 1217 Abn.
1358 1187 1454 1216 Brut.
1469 1189 1520 1217 34.
1545 1187 1579 1216 in
1603 1186 1779 1217 consulatu

1050 1235 1202 1260 mortuus
1226 1241 1257 1260 (ι.
1289 1230 1327 1261 U.
1351 1238 1478 1260 nexui.
1504 1229 1630 1269 collega
1651 1229 1691 1260 L.
1715 1231 1779 1261 Be-

1050 1276 1135 1304 stiae.
1153 1274 1192 1303 de
1215 1274 1279 1304 Off.
1296 1274 1317 1303 i.
1336 1277 1387 1304 30.
1418 1283 1569 1303 sermone
1593 1273 1716 1311 effecit,
1737 1278 1779 1304 ut

1050 1328 1137 1347 unus
1154 1328 1171 1347 e
1190 1317 1303 1347 multis
1314 1317 1493 1347 videretur.
1506 1318 1601 1348 duxit
1618 1318 1778 1348 Coeciliam

1051 1361 1248 1391 Macedonici
1252 1361 1379 1400 filiam.

1095 1404 1139 1435 P.
1154 1405 1269 1444 Scipio,
1285 1405 1327 1434 P.
1345 1404 1386 1434 F.
1399 1403 1441 1434 P.
1456 1404 1642 1444 Serapionis
1654 1404 1779 1444 Nepos.

1050 1448 1106 1478 ΒΓ.
1136 1451 1186 1479 58.
1211 1458 1313 1487 gener
1340 1448 1377 1478 L.
1407 1448 1526 1478 Crassi.
1553 1447 1620 1479 Hic
1644 1451 1702 1484 est,
1725 1448 1782 1487 qui

1046 1502 1109 1531 juro
1123 1494 1212 1522 Sext.
1229 1493 1322 1522 Rosc.
1339 1493 1391 1521 98.
1409 1497 1625 1522 memoratur.
1659 1492 1716 1522 Or.
1733 1491 1780 1521 iii.

1053 1537 1083 1566 ²2.
1114 1536 1147 1565 in
1165 1535 1301 1565 exilium
1319 1535 1411 1565 abiit.

1096 1579 1139 1610 P.
1154 1578 1258 1618 Scipio
1271 1579 1409 1616 Nasica,
1423 1576 1467 1608 P.
1482 1589 1522 1609 ex
1535 1579 1661 1609 Licinia
1675 1577 1781 1608 Crassi

1054 1622 1167 1654 Filius.
1184 1624 1255 1653 Att.
1270 1623 1302 1652 ii.
1316 1626 1342 1653 1.
1359 1632 1378 1652 a
1394 1622 1536 1652 Favonio
1552 1627 1728 1652 accusatur
1742 1622 1781 1652 de

1052 1669 1175 1698 ambitu
1189 1679 1197 1695 .-
1213 1667 1268 1697 secl
1278 1668 1416 1706 eripitur
1427 1667 1454 1695 ei
1466 1667 1633 1696 admiratus
1647 1676 1668 1695 a
1682 1665 1782 1696 Pom-

1046 1713 1118 1752 peio
1155 1711 1279 1750 Collega
1310 1712 1343 1740 in
1380 1710 1553 1740 Consulatu
1581 1711 1683 1740 tertio.
1715 1709 1783 1740 Dio

1058 1756 1141 1787 coss.
1159 1754 1201 1784 xl.
1213 1765 1248 1794 p.
1269 1757 1339 1785 144.
1363 1754 1543 1792 Adoptatus
1558 1758 1602 1783 est
1616 1763 1635 1783 c:
1653 1753 1782 1783 Metello

1054 1799 1128 1836 Pio,
1152 1800 1237 1828 wide
1266 1799 1304 1838 Q.
1338 1797 1492 1827 Caecilius
1519 1796 1678 1827 Metellus
1704 1796 1782 1826 Pius

1053 1843 1175 1883 Scipio,
1193 1847 1224 1872 et
1247 1842 1333 1877 modo
1358 1841 1400 1871 P.
1417 1841 1506 1870 modo
1520 1841 1563 1881 Q.
1581 1841 1703 1870 dicitur
1718 1852 1728 1870 :
1751 1851 1782 1871 v.

1053 1897 1127 1927 quos
1150 1887 1264 1916 laudat
1292 1884 1492 1923 Oudendorp.
1514 1884 1550 1914 V.
1574 1884 1605 1914 C.
1631 1885 1677 1914 ad
1699 1883 1782 1914 Suo-

1054 1935 1115 1961 ton.
1142 1930 1212 1960 Tib.
1236 1932 1267 1959 4.
1302 1929 1450 1968 Pompeii
1469 1927 1518 1958 JlI.
1542 1930 1660 1966 collega
1684 1937 1716 1957 α.
1740 1926 1780 1958 U.

1053 1982 1146 2004 racel.
1163 1979 1192 2004 el
1207 1971 1348 2012 ejusdem
1363 1982 1448 2002 socer
1460 1984 1469 2001 .·
1494 1972 1532 2001 de
1553 1981 1614 2011 quo
1636 1971 1706 2001 vide
1727 1981 1782 2001 su-

1048 2028 1114 2058 pra.
1141 2019 1175 2047 in
1203 2016 1359 2047 Metellis.
1390 2020 1593 2045 memoratur
1616 2016 1714 2044 etiam
1741 2014 1782 2045 ad

1053 2063 1128 2092 Div.
1144 2062 1210 2091 viii.
1228 2065 1259 2095 9.
1288 2059 1380 2089 Verr.
1399 2059 1440 2088 iv.
1464 2060 1516 2089 36.
1551 2058 1660 2088 Verris
1685 2058 1781 2088 advo-

1054 2110 1162 2142 catus,
1177 2103 1442 2144 reprehenditur.

1098 2149 1226 2188 chvas,
1251 2149 1308 2177 Or.
1333 2147 1367 2176 ii.
1392 2147 1444 2176 86.
1474 2144 1666 2182 Thessalus,
1692 2155 1711 2175 a
1733 2144 1783 2174 Si-

1054 2192 1326 2227 1n1›nide‚victor
1354 2189 1522 2226 laudatus,
1546 2189 1715 2219 sordidum
1747 2198 1782 2219 se

1053 2237 1189 2277 pri-chet.

1098 2280 1227 2319 Scopas,
1245 2279 1320 2309 Div.
1340 2278 1360 2308 i.
1382 2280 1431 2308 13.
1463 2276 1603 2306 eximius
1622 2275 1786 2317 sculptor.-

1053 2334 1082 2353 Y.
1101 2324 1193 2353 Plin.
1213 2323 1318 2353 xxxvi.
1335 2324 1364 2351 5.

1103 2368 1136 2397 (J.
1161 2367 1356 2402 Scribonius,
1379 2364 1410 2395 C.
1436 2363 1473 2394 F.
1500 2363 1578 2403 Pop.
1605 2363 1716 2394 Curio.
1740 2362 1781 2392 ad

1054 2411 1130 2445 Div.
1147 2411 1213 2440 viii.
1231 2414 1260 2441 8.
1290 2414 1334 2440 est
1351 2409 1388 2439 C.
1407 2408 1507 2439 Curio
1522 2407 1567 2436 fil.
1585 2408 1658 2438 trib.
1675 2408 1724 2447 pl.
1745 2407 1785 2437 de

1054 2464 1113 2493 quo
1128 2465 1237 2494 supra.

1099 2499 1139 2528 L.
1158 2498 1353 2533 Scribonius,
1372 2495 1468 2533 Libo,
1486 2495 1543 2525 Or.
1558 2494 1580 2524 i.
1598 2495 1649 2524 53.
1676 2492 1785 2523 tribu-

1056 2552 1117 2571 nus
1134 2542 1178 2581 pl.
1196 2542 1414 2580 quaestionem
1431 2540 1497 2569 fert
1513 2539 1548 2568 in
1560 2539 1629 2568 Ser.
1642 2536 1782 2567 Galbam

1054 2592 1232 2625 praetorem
1250 2584 1433 2624 Hispaniae.
1457 2582 1531 2612 add.
1548 2581 1587 2611 de
1604 2582 1662 2611 Or.
1679 2580 1713 2610 ii.
1730 2581 1784 2611 65.

1100 2628 1227 2668 Scrofa,
1256 2628 1326 2659 Att.
1351 2637 1382 2658 v.
1407 2630 1439 2657 4.
1478 2627 1532 2656 vi.v
1553 2629 1580 2656 1.
1612 2633 1783 2663 cognomen

1056 2673 1117 2702 Cn.
1133 2672 1314 2703 Tremellii.
1328 2682 1357 2701 v.
1374 2675 1436 2700 nol.

1099 2716 1235 2756 sepnor,
1256 2717 1332 2746 Div.
1357 2715 1390 2744 ii.
1413 2716 1467 2745 42.
1499 2712 1785 2749 Halicarnasseus,

1055 2760 1228 2790 familiaris
1245 2759 1397 2795 Panaeffii,
1414 2757 1578 2787 excellens
1595 2757 1628 2786 in
1646 2754 1784 2785 astrolo-

1057 2805 1122 2843 gia,
1141 2804 1294 2843 idemque
1319 2804 1352 2832 in
1377 2802 1510 2831 civitate
1533 2809 1594 2830 sua
1610 2799 1784 2840 princep53

1057 2848 1211 2887 repudiat
1238 2846 1455 2878 Chaldaicum
1479 2842 1705 2885 praedictionis
1728 2851 1786 2881 ge—

1057 2900 1131 2922 nus.
