1920 3196
723 79 869 108 INDEX
899 78 1195 107 LATINITATIS.

197 170 290 202 ditio.
313 169 332 190 *
345 169 441 201 Offic.
459 170 505 199 iii.
524 171 555 200 5.
584 173 713 199 natura:
734 168 832 206 ratio,
850 177 924 206 quae

197 220 247 245 est
280 215 333 244 lex
366 213 477 243 divina
506 218 541 242 et
576 212 732 242 humana.
789 211 924 241 Scilicet

196 260 249 288 lex
268 262 396 287 naturae
419 262 469 286 est
485 256 587 286 etiam
604 257 656 286 lex
670 255 792 292 divina,
814 255 924 296 (v.jus

198 299 374 338 divinum,)
402 300 490 339 leges
519 299 674 329 humanm
701 304 826 335 autem,
850 308 923 337 quae

193 344 235 374 ad
258 345 425 374 societatis
450 343 631 373 utilitatem
655 343 838 382 pertinent,
855 351 922 371 non

194 387 355 418 differunt
386 397 405 416 a
437 386 509 425 lege
545 390 685 422 naturae,
717 386 773 415 sed
810 396 849 415 ex
883 395 923 415 ea

195 436 275 461 sunt
299 431 464 470 repetitae,
481 435 516 459 et
539 439 615 458 cnm
641 435 762 459 natura
785 438 922 459 consen-

192 476 308 511 tiunt3
343 473 428 513 quod
455 474 516 503 nisi
551 478 615 509 est,
639 473 761 511 iniquae
785 476 864 502 sunt
886 477 920 502 et

190 518 334 554 injustae..
368 516 495 546 ¹¹‘Verr.
528 517 574 546 iii.
607 519 637 549 7.
671 517 755 554 leges
777 516 918 553 edicere,

189 561 313 591 dicitur
328 560 368 590 de
391 560 602 597 Censoribus,
618 569 694 588 cum
714 559 918 589 locationum

187 604 346 634 formulas
381 609 583 643 proponunt.
619 603 697 632 ibid.
732 604 784 633 20.
817 605 918 641 legem

189 648 297 678 dicere
336 647 376 677 de
418 647 532 676 eadem
572 645 736 676 locatione
781 645 915 684 dicitur,

189 698 354 731 quatenus
389 691 517 720 scilicet
550 700 589 720 ea
626 689 832 719 conditiones
866 700 917 719 re-

187 735 392 765 demtoribus
415 734 686 774 praescribuntur.
709 735 786 772 Agr.
811 733 845 763 ii.
867 736 914 768 19.

187 779 272 817 leges
304 778 380 808 dare
412 778 603 818 provinciae,
628 777 751 806 dicitur
783 776 823 806 de
861 787 913 814 eo,

185 823 241 861 qui
272 822 374 851 habet
404 830 569 851 summam
601 823 801 860 potestatem
836 830 914 850 con-

186 866 345 896 stituendi
367 864 588 904 jubendique,
612 864 785 902 differtque
809 864 849 893 ab
873 864 912 894 il-

182 907 227 945 lo,
259 909 346 948 quod
379 908 516 944 dicitur,
539 910 639 945 legem
675 907 770 937 ferre.
823 907 910 937 Nam

186 952 248 982 hoe
271 958 322 982 est
345 953 558 991 magistratus
580 951 711 987 urbani,
729 951 784 989 qui
808 953 909 989 legem

181 995 304 1035 populo
322 995 506 1034 jubendam
524 1001 584 1024 aut
599 994 811 1032 rejiciendam
836 1005 910 1034 pro-

180 1039 287 1078 ponit.
335 1039 455 1078 Legem
488 1038 572 1068 ferre
602 1048 660 1078 pro
692 1038 835 1078 perferre
858 1043 909 1068 est

180 1083 271 1112 Sext.
305 1084 358 1113 25.
395 1092 472 1112 nam
503 1082 683 1121 opponitur
718 1081 909 1121 promulga-

182 1135 227 1156 re.
252 1125 294 1156 ef.
318 1125 396 1165 Agr.
422 1126 455 1155 ii.
485 1128 531 1156 1⁶2.
554 1125 573 1143 ¹*
590 1126 624 1154 in
649 1125 760 1155 Caecil.
785 1128 815 1155 5.
840 1127 908 1164 lege

180 1178 292 1208 agere,
316 1175 367 1199 est
398 1169 564 1199 actionem
600 1168 699 1199 alicui
731 1169 906 1199 intendere

178 1221 219 1242 ex
243 1214 314 1251 Iege
337 1213 460 1251 aliqua,
479 1222 553 1251 quae
576 1211 772 1242 facultatem
797 1213 906 1242 inten-

177 1255 294 1285 dendae
319 1257 458 1286 actionis
492 1256 568 1285 dat:
604 1260 754 1295 oportere
789 1266 904 1286 eorum

179 1300 342 1329 arbitratu
373 1301 442 1338 lege
476 1300 542 1338 agi,
565 1309 706 1338 quorum
732 1309 832 1329 causa
854 1303 906 1330 lea·

174 1343 219 1372 sit
241 1344 436 1373 constituta.
462 1353 520 1383 pro
542 1353 581 1373 eo
598 1342 709 1382 paullo
733 1349 806 1382 post
830 1349 900 1374 est:

175 1396 240 1425 quo
264 1388 399 1417 nomine
423 1387 478 1416 abs
502 1390 535 1416 te
559 1394 611 1416 HS.
646 1386 763 1416 millies
796 1387 835 1416 de
860 1389 903 1417 le-

173 1439 216 1468 ge
246 1434 370 1470 repeto.
405 1430 447 1460 ef.
471 1431 603 1460 Muren.
632 1433 679 1460 11.
703 1436 815 1470 posset
848 1431 901 1470 agi

175 1475 246 1512 lege
274 1483 391 1511 necne,
416 1474 513 1514 pauci
542 1473 708 1512 quondam
740 1473 900 1505 sciebant.

176 1517 288 1547 Fastos
311 1518 401 1547 enim
424 1517 523 1556 vulgo
547 1527 614 1547 non
641 1517 816 1547 habebant.
841 1519 899 1548 ἃς.

170 1560 205 1590 in
230 1571 294 1599 quo
318 1560 390 1590 loco
412 1561 511 1591 latius
528 1565 623 1600 patet
645 1560 678 1590 τὸ
702 1563 770 1600 lege
791 1571 899 1600 agere.

174 1602 264 1634 Nam
303 1604 461 1634 latissime
492 1609 603 1635 sumta
639 1604 710 1634 haee
741 1604 897 1643 formula,

170 1648 333 1685 continet,
358 1648 516 1687 quicquid
539 1658 579 1678 ex
611 1650 680 1686 lege
703 1648 792 1687 apud
815 1659 898 1688 prae-

168 1695 277 1721 torem
302 1691 352 1729 fit,
378 1691 464 1729 juris
495 1693 547 1722 sui
577 1692 749 1721 obtinendi
783 1702 895 1730 eausa,

168 1738 209 1764 ut
224 1735 417 1771 vindicatio,
434 1736 555 1771 injure
571 1736 687 1772 cessio,
706 1737 896 1776 emancipa-

170 1778 228 1815 tio,
245 1780 366 1809 tutoris
377 1779 558 1817 interdicti,
571 1780 796 1818 possessionis,
813 1781 896 1810 acti-

166 1822 239 1851 onis
256 1822 315 1852 &c.
339 1822 531 1862 postulatio,
556 1823 650 1861 eique
667 1833 686 1852 a
701 1829 794 1863 parte
812 1834 894 1862 prae-

166 1865 248 1895 toris
264 1867 443 1906 respondet
462 1867 518 1904 jus
536 1866 644 1896 dicere
670 1867 721 1896 vel
747 1867 893 1897 reddere.

166 1907 285 1947 Itaque
298 1909 368 1939 haec
385 1910 450 1940 duo
465 1911 565 1940 etiam
585 1910 673 1950 apud
685 1910 841 1940 Ovidium
858 1911 892 1941 in

166 1951 361 1982 definitione
378 1953 442 1983 diei
467 1953 545 1983 fasti
571 1960 604 1983 et
622 1953 741 1984 nefasti
759 1964 892 1993 perniu-

164 1999 298 2033 tantur,
323 1997 400 2035 quia
433 1998 540 2037 posito
565 2007 632 2026 uno
666 1997 810 2027 alterum
835 2008 892 2037 po-

164 2039 269 2075 nitur,
293 2047 327 2069 et
351 2040 407 2070 ubi
430 2041 518 2070 actio
549 2042 639 2079 legis,
663 2041 707 2070 ibi
742 2050 891 2071 necessa-

163 2082 422 2122 riojurisdietio.
468 2083 528 2113 Ille
544 2084 691 2114 nefastus
707 2085 772 2114 erit
792 2084 887 2124 (dies)

163 2134 223 2164 per
238 2136 335 2164 quem
352 2128 417 2157 tria
432 2128 531 2157 verba
555 2129 613 2168 (sc.
633 2128 889 2166 jurisdictioniS,

162 2167 216 2205 do,
234 2169 319 2205 dico,
344 2169 471 2207 addico)
491 2170 649 2200 silentur:
682 2171 786 2202 fastus
815 2173 889 2209 crit,

161 2221 220 2251 per
235 2222 333 2251 quem
351 2215 419 2253 lege
434 2214 547 2245 licebit
561 2215 626 2254 agi.
649 2225 678 2244 v.
695 2216 806 2255 Sigon.
828 2216 889 2246 ‹Ju-

157 2255 221 2285 dic.
238 2255 259 2285 i.
272 2261 302 2290 9.

157 2340 168 2371 l
204 2299 315 2337 Levis,
342 2300 490 2331 verbum.
514 2301 571 2332 Or.
596 2303 643 2332 iii.
669 2304 723 2333 43.
747 2312 764 2332 e
788 2301 887 2333 Luci-

171 2352 212 2372 io.

202 2385 336 2424 Lihctre,
361 2388 547 2428 decerpere.
572 2387 647 2418 Div.
672 2389 692 2418 i.
716 2392 769 2423 49.
793 2400 812 2419 a
828 2399 886 2420 na-

155 2430 429 2461 tura—Deorum
475 2433 586 2462 libatos
621 2432 749 2462 animos
787 2432 885 2464 habe—

159 2481 245 2502 mus.

201 2515 340 2548 Libatio.
356 2517 437 2548 Har.
452 2519 492 2550 R.
511 2522 559 2549 10.
578 2520 742 2550 libationes
762 2520 885 2559 epulae-

158 2568 221 2596 que
246 2559 398 2592 ludorum
430 2562 655 2602 publicorum,
680 2568 760 2593 sunt
783 2564 883 2594 sacri-

156 2602 245 2639 ficia,
262 2613 335 2642 quae
351 2606 437 2635 fiunt
452 2606 664 2636 defundendo
681 2608 767 2636 vino.

199 2643 339 2686 Libello,
363 2655 414 2679 est
448 2650 606 2679 minimus
641 2659 812 2687 nummus,
837 2661 884 2681 as.

153 2687 252 2719 Rosc.
280 2691 316 2721 C.
340 2694 370 2722 4.
402 2693 495 2723 Verr.
524 2693 558 2723 ii.
587 2696 633 2724 ΙΟ.
669 2694 740 2723 Att.
764 2694 818 2724 vii.
850 2697 880 2725 2.

151 2731 235 2762 fecit
268 2735 452 2773 (heredem)
478 2742 511 2766 te
536 2746 575 2765 ex
611 2738 731 2774 libella,
755 2747 808 2767 me
842 2748 882 2768 ex

151 2778 316 2808 tex-uncio.
332 2778 526 2810 Harduinus
541 2779 581 2809 ad
595 2779 679 2810 Plin.
697 2781 809 2811 xxxiii.
831 2785 880 2812 13.

152 2818 394 2860 interpretatur
409 2834 449 2853 ex
477 2833 562 2861 asse,
578 2823 800 2863 heredemque
823 2825 883 2855 At-

152 2863 260 2895 ticum
276 2865 403 2898 factum
419 2871 518 2909 putat
528 2876 569 2897 ex
583 2876 668 2907 asse,
689 2867 752 2899 hae
767 2868 880 2900 eondi-

1623 70 1706 108 343

967 166 1074 204 tione,
1091 171 1129 197 ut
1144 166 1280 196 tertiam
1304 165 1382 196 inde
1404 168 1532 205 partem
1552 165 1705 198 Ciceroni

968 210 1072 240 daret.
1117 210 1202 241 Sane
1233 210 1374 240 libellam
1399 218 1470 239 esse
1493 219 1613 247 assem,
1631 211 1702 250 ipse

969 253 1096 284 Plinius
1113 258 1230 284 auctor
1245 260 1308 290 est,
1326 252 1347 283 1.
1365 263 1393 283 c.
1440 252 1503 282 Sed
1520 253 1638 284 modus
1653 253 1703 284 lo-

967 297 1089 335 quendi
1107 296 1193 326 hanc
1218 296 1528 336 interpretationem
1556 306 1623 326 non
1641 307 1698 338 pa-

966 341 1063 378 titur,
1081 350 1154 379 quae
1171 341 1316 379 primum
1334 339 1463 379 prolata
1478 344 1529 369 est
1544 349 1563 369 a
1575 339 1698 370 Manu-

964 383 1026 420 tio‚
1054 383 1177 423 etjam
1208 383 1382 423 repudiata
1409 393 1427 412 a
1462 383 1628 413 Gronovio
1655 383 1695 413 de

964 427 1049 457 Sest.
1066 437 1097 467 p.
1117 430 1168 457 55.
1202 437 1302 465 quem
1320 433 1354 456 et
1372 426 1411 456 de
1429 428 1548 463 libella,
1568 431 1602 456 et
1619 426 1651 457 h.
1668 427 1692 458 Ι.

964 480 992 500 ν.
1010 470 1087 500 ibid.
1104 470 1151 500 iii.
1174 471 1221 500 123.

1007 514 1137 550 Libelli,
1154 513 1194 543 de
1221 512 1369 553 epistolis
1394 512 1436 543 ad
1462 513 1538 543 Div.
1566 513 1609 543 xi.
1644 516 1693 544 ll.

962 556 1017 587 ubi
1030 567 1059 587 v.
1076 557 1262 587 Manutius.

1004 600 1258 631 Libentissimus.
1282 600 1351 630 Att.
1368 600 1389 630 i.
1416 603 1466 635 17.
1487 599 1689 639 frequentis-

958 643 1043 674 simo
1059 651 1093 674 et
1109 645 1310 674 libentissimo
1323 648 1442 674 senatu
1458 645 1521 673 uti.

1003 687 1173 718 Liberalis.
1199 688 1304 717 Flacc.
1325 691 1374 721 17.
1413 697 1513 717 causa
1542 687 1685 718 liberalis

957 735 1022 767 est,
1038 732 1072 760 in
1089 741 1154 770 qua
1170 731 1208 761 de
1228 732 1374 761 libertate
1396 730 1536 771 alicujus
1561 731 1684 770 agitur.

956 774 1020 805 Off.
1043 775 1077 804 ii.
1098 777 1146 805 12.
1171 779 1301 805 sumtus
1327 776 1480 812 liberalis,
1505 774 1683 815 distingui-

956 822 1013 847 tur
1027 828 1046 848 a
1061 819 1256 849 necessario.

998 858 1207 899 Liberalitas,
1231 865 1282 892 est
1306 861 1438 902 proprie
1465 861 1573 891 omnis
1601 862 1686 892 ratio

953 905 1083 935 vivendi
1100 910 1135 935 et
1150 905 1284 945 agendi,
1300 915 1373 945 quae
1390 915 1409 935 a
1425 905 1552 935 liberali
1563 905 1684 935 educa-

951 948 1044 978 tione
1061 950 1294 989 profieiseitur‚
1308 955 1341 979 et
1358 954 1409 979 est
1425 950 1560 988 propria
1573 949 1681 978 homi-

953 1000 1034 1022 num
1073 993 1210 1023 honeste
1249 994 1482 1031 liberaliterque
1522 992 1681 1022 educato-

952 1044 1039 1073 rum,
1068 1047 1249 1075 eorumque
1278 1036 1428 1077 personis
1459 1035 1569 1074 digna.
1626 1037 1679 1066 Sic

950 1088 1009 1118 pro
1034 1080 1128 1110 cultu
1152 1081 1280 1110 liberali
1316 1079 1450 1109 homine
1483 1079 1596 1118 digno,
1627 1086 1678 1111 est

950 1122 1013 1152 Off.
1030 1124 1050 1152 i.
1070 1127 1122 1158 39.
1148 1133 1220 1163 quae
1238 1124 1410 1164 pertinent
1433 1123 1475 1153 ad
1499 1124 1676 1154 liberalita-

949 1170 1025 1203 tem,
1049 1168 1157 1206 specie
1174 1173 1209 1197 et
1232 1168 1394 1207 dignitate
1411 1166 1584 1196 moderata
1598 1167 1677 1198 sint.

947 1210 1037 1249 *pro
1063 1210 1231 1241 hilaritate
1255 1210 1397 1250 quadam
1417 1209 1529 1240 nultus
1546 1214 1580 1240 et
1609 1220 1677 1241 ser-

947 1254 1067 1291 monis,
1093 1265 1165 1293 quae
1180 1255 1347 1285 severitati
1364 1254 1556 1293 opponitur.
1580 1253 1676 1285 Brut.

947 1298 999 1327 ί25.
1034 1297 1133 1327 homo
1169 1307 1236 1328 non
1272 1299 1480 1334 liberalitate,
1512 1297 1571 1327 sed
1604 1298 1675 1338 ipsa

945 1341 1083 1380 tristitia
1098 1346 1131 1371 et
1158 1342 1334 1371 severitate
1362 1340 1541 1381 popularis.
1579 1340 1598 1359 *²
1615 1352 1675 1381 pro

945 1385 1054 1414 studio
1066 1385 1202 1415 alterius
1225 1385 1407 1415 commodis
1422 1389 1482 1414 aut
1496 1384 1675 1424 largitione

944 1433 1004 1457 aut
1018 1429 1133 1458 officiis
1151 1428 1362 1465 inserviendi,
1386 1427 1473 1467 quod
1490 1432 1541 1458 est
1559 1429 1673 1459 libera-

944 1472 1017 1501 liter
1046 1472 1265 1502 educaturum
1302 1472 1485 1512 proprium.
1523 1472 1618 1502 Offic.
1651 1473 1672 1503 i.

947 1517 994 1545 14.
1022 1525 1046 1546 s.
1081 1516 1168 1556 *pro
1191 1515 1315 1556 εὐηθείᾳ,
1339 1525 1404 1554 qua
1433 1525 1548 1545 omnes
1575 1525 1669 1555 aeque

943 1558 1057 1597 bonos,
1081 1570 1119 1590 ac
1140 1570 1199 1590 nos
1230 1570 1359 1597 sumus,
1383 1559 1589 1599 judicamus,
1622 1559 1671 1590 fa-

941 1602 1079 1633 cilitate.
1103 1603 1144 1633 ad
1167 1603 1206 1642 Ω.
1231 1603 1281 1633 Fr.
1298 1604 1319 1633 i.
1341 1606 1367 1633 l.
1391 1613 1419 1632 e.
1434 1606 1466 1632 4.
1500 1613 1520 1633 a
1535 1603 1667 1641 quibus,

940 1646 1030 1676 rudis
1057 1657 1133 1676 eum
1165 1657 1264 1684 esses,
1289 1646 1418 1676 videtur
1442 1646 1549 1686 decipi
1573 1656 1668 1686 posse

940 1690 1119 1720 liberalitas
1152 1695 1223 1720 tua.
1262 1699 1340 1720 nam
1373 1696 1414 1719 ut
1448 1691 1587 1728 quisque
1616 1694 1667 1720 est

938 1734 1099 1772 optimus,
1124 1735 1172 1763 ita
1205 1733 1398 1764 difficillime
1432 1733 1513 1763 alios
1544 1734 1668 1774 impro-

938 1776 994 1806 bos
1010 1779 1207 1817 suspicatur.

982 1821 1092 1858 Liber,
1124 1822 1188 1860 adj.
1219 1821 1275 1851 Or.
1300 1821 1333 1850 ii.
1362 1821 1410 1851 16.
1444 1821 1547 1850 libera
1573 1830 1664 1860 quae-

936 1864 999 1894 stio
1023 1869 1084 1901 est,
1108 1875 1181 1904 quae
1207 1866 1239 1894 in
1263 1874 1384 1904 genere
1408 1867 1568 1901 versatur,
1592 1864 1668 1894 nul—

936 1907 975 1937 lis
999 1908 1160 1938 adstricta
1182 1909 1329 1948 personis
1362 1909 1474 1938 certis.
1521 1908 1540 1926 ²*
1555 1908 1663 1947 fortis,

936 1951 991 1989 qui
1017 1953 1185 1982 neminem
1209 1953 1322 1988 timet,
1353 1951 1446 1989 dicit,
1471 1951 1565 1989 facit,
1590 1962 1664 1991 quae

935 1994 1004 2033 ipse
1021 1996 1150 2034 probat,
1172 2005 1246 2035 quae
1269 1995 1354 2032 vult,
1379 1996 1439 2024 etsi
1464 1995 1537 2025 aliis
1553 1995 1666 2035 displi-

934 2043 1024 2067 cent.
1047 2039 1159 2069 Vatin.
1190 2043 1236 2069 10.
1276 2039 1419 2068 maxime
1444 2039 1523 2068 liber
1546 2039 1580 2068 in
1609 2044 1666 2069 tu-

934 2082 1021 2112 enda
1057 2084 1227 2112 communi
1265 2082 1431 2112 libertate.
1461 2082 1574 2112 Plane.
1610 2085 1664 2113 38.

934 2126 1069 2156 liberum
1087 2136 1157 2156 esse
1181 2127 1215 2156 in
1238 2125 1418 2166 republica.
1442 2125 1516 2156 Act.
1531 2127 1553 2156 i.
1569 2125 1662 2156 verr.

933 2173 963 2202 9.
988 2169 1114 2199 Siculos
1138 2171 1173 2200 in
1197 2180 1235 2199 eo
1259 2171 1369 2199 liberos
1391 2169 1506 2207 fuisse,
1530 2173 1564 2199 et
1593 2179 1662 2200 non

932 2213 1070 2243 venisse.
1095 2213 1136 2243 ad
1166 2214 1242 2244 Div.
1266 2213 1321 2243 xii.
1346 2215 1400 2244 523.
1424 2222 1465 2242 ne
1489 2213 1589 2242 nimis
1620 2214 1660 2243 li-

932 2257 986 2286 ber
1008 2257 1043 2286 in
1064 2257 1256 2287 ulciscendo
1271 2256 1435 2286 xiderere:
1461 2256 1548 2294 quod
1571 2256 1660 2287 idem

931 2309 1007 2329 mox
1024 2300 1125 2330 dicit:
1153 2301 1252 2330 nimis
1274 2300 1381 2330 fortis.
1405 2300 1424 2317 *ι
1440 2300 1528 2330 bona
1556 2300 1659 2331 libera

929 2344 1101 2381 dicuntur,
1124 2354 1197 2382 quae
1223 2353 1288 2374 non
1313 2348 1393 2373 sunt
1416 2343 1575 2382 obligata,
1600 2353 1659 2383 op-

928 2387 1113 2427 pignorata.
1131 2387 1170 2417 ad
1185 2388 1262 2418 Div.
1280 2388 1322 2417 xi.
1338 2390 1388 2418 10.
1399 2391 1534 2416 tantum
1551 2387 1658 2425 abest,

929 2436 967 2460 ut
998 2440 1079 2461 meae
1118 2431 1164 2460 rei
1194 2431 1365 2460 familiaris
1397 2431 1537 2460 liberum
1567 2431 1659 2469 quic-

928 2484 1028 2512 quam
1051 2475 1107 2512 sit,
1131 2480 1171 2503 ut
1203 2484 1318 2504 omnes
1343 2475 1416 2514 jam
1450 2483 1541 2503 meos
1574 2474 1657 2504 ami·

927 2527 981 2547 eos
1019 2527 1083 2547 aere
1121 2519 1229 2548 alieno
1267 2518 1512 2548 obstrinxerim.
1550 2517 1568 2535 *ἕ
1583 2517 1656 2548 Att.

926 2563 990 2590 xiv.
1017 2564 1066 2591 13.
1092 2562 1186 2592 libero
1209 2560 1333 2591 lectulo
1357 2569 1457 2600 negat
1473 2570 1543 2590 esse
1564 2561 1656 2599 quic—

926 2615 1026 2654 quam
1046 2605 1242 2643 iucundius.
1266 2606 1345 2635 liber
1360 2605 1503 2635 lectulus
1531 2610 1581 2634 est
1596 2604 1657 2634 ho—

926 2649 1023 2677 minis
1044 2649 1178 2678 coelibis.

969 2692 1078 2722 Liber.
1113 2693 1218 2722 snbst.
1243 2692 1319 2722 Div.
1343 2692 1365 2721 i.
1399 2694 1453 2722 43.
1484 2690 1527 2721 ad
1560 2691 1655 2723 libros

924 2736 971 2765 ire
993 2735 1104 2773 jussit.
1120 2736 1182 2766 int.
1199 2734 1386 2775 Sibyllinos.

968 2779 1139 2815 Liber-are,
1157 2788 1177 2809 a
1194 2778 1414 2817 vectigalibus
1438 2777 1589 2808 immune
1605 2777 1661 2808 fa*

925 2832 1010 2852 cere.
1037 2823 1115 2862 Agr.
1131 2823 1166 2853 ii.
1184 2823 1237 2853 ⁶21.
1265 2823 1402 2853 liberare
1416 2820 1560 2862 publica.
1577 2822 1654 2862 (pu-

923 2865 1003 2896 blici
1025 2867 1097 2907 agri
1111 2865 1292 2908 vectigales
1311 2870 1402 2898 sunt.
1425 2865 1553 2897 liberati
1575 2873 1655 2906 ergo

973 2919 992 2940 z
1008 2912 1029 2940 4
