1920 3196
293 96 376 135 382

298 195 381 231 vari,
412 198 451 224 ut
485 193 570 224 Phil.
602 194 635 224 ii.
671 196 725 226 30.
761 195 817 235 qui
847 195 938 226 locus
972 199 1023 227 est

299 237 377 268 huic
393 236 594 267 simillimus.

343 281 502 312 Pendere.
528 281 570 311 ad
595 281 671 312 Div.
694 291 724 312 v.
752 285 800 314 13.
827 291 894 312 non
918 282 1026 313 aliun-

300 323 341 355 de
358 326 512 365 pendere,
536 325 696 355 dicuntur
718 335 859 364 quornm
884 325 1026 356 felicitas

300 373 337 398 et
360 369 494 399 miseria
516 378 582 399 non
607 374 658 399 est
681 369 716 398 in
742 369 837 399 rebus
867 370 1025 405 externis,

300 412 358 442 sed
377 413 410 442 in
427 413 520 442 bonis
536 416 571 441 et
586 412 765 442 virtutibus
783 414 896 442 animi.
926 412 1027 442 Tusc.

300 463 330 485 v.
360 458 407 487 12.
425 457 568 496 pendere
589 466 627 485 ex
644 456 784 486 aliorum
802 457 938 486 eventis.
964 456 1028 486 Pis.

300 502 354 529 41.
379 500 412 528 in
437 500 613 529 sententiis
630 498 780 528 omnium
806 501 927 529 civium
947 509 1027 538 pen-

302 543 376 573 dere
420 543 543 572 famam
583 543 820 581 fortunamque
868 548 1028 572 nostram.

299 586 319 604 ὕ
331 587 472 626 pendere
488 587 647 616 dicuntur
663 586 766 616 ruinae
784 586 935 626 proximi.
966 586 1030 616 Ra-

301 629 363 660 bir.
389 630 475 659 Post.
504 632 552 660 16.
579 640 639 659 nee
664 630 857 669 pendentem
881 630 1028 660 amicum

302 683 454 704 corruere
471 674 608 713 patitur.

347 717 543 747 Penctralis.
569 717 610 747 N.
626 717 667 747 D.
684 717 718 747 ii.
732 719 785 750 27.
802 717 858 747 Dii
877 721 1032 755 penetra—

305 762 360 798 les,
387 764 467 791 sunt
492 762 644 797 Penates,
668 766 706 790 ut
731 761 799 800 ipse
824 760 916 790 dicit.
941 760 1028 789 conf.

303 804 420 835 Heius.
438 804 478 834 ad
494 804 610 834 Silium
629 814 678 834 xv.
699 807 747 834 18.

349 846 479 885 Pensio,
508 854 558 878 est
577 857 651 887 pars
668 847 831 887 pecuniae,
848 856 907 887 per
923 850 1030 876 certas

307 891 376 922 dies
403 891 586 931 (Termine)
613 891 790 921 solvendae.
814 891 892 920 hinc
921 892 1031 930 pensio

306 937 415 976 prima
437 936 479 965 ad
510 936 586 966 Div.
617 936 659 964 vi.
704 938 751 966 18.
787 933 892 964 altera
916 936 1028 974 pensio

305 979 402 1010 Rosc.
428 979 464 1009 C.
492 983 540 1013 17.
565 982 634 1010 Ait.
662 979 703 1008 xi.
728 981 759 1008 4.
784 978 885 1008 tertia
907 979 1029 1018 pensio.

303 1023 447 1054 ibid.2.3.

349 1066 495 1103 Penula,
519 1066 618 1096 vestis
649 1065 799 1102 crassior,
822 1075 887 1104 qua
921 1066 953 1094 in
979 1065 1032 1094 iti-

306 1120 385 1141 nere
410 1111 602 1141 utebantur.
636 1109 706 1140 Att.
731 1110 800 1139 xiii.
825 1112 876 1139 33.
910 1108 1030 1138 horum

306 1164 368 1194 ego
391 1155 445 1184 vix
468 1154 565 1193 attigi
592 1154 764 1194 penulam.
790 1152 868 1182 ibid.
893 1152 941 1182 ita
964 1152 1031 1190 egi,

306 1203 347 1228 ut
371 1207 437 1228 non
455 1197 641 1227 scinderem
664 1199 834 1236 penulam.
852 1196 884 1226 h.
908 1206 937 1226 c.
963 1205 1029 1225 non

306 1242 486 1272 admodum
520 1241 631 1279 rogavi
662 1241 750 1270 abire
792 1243 960 1279 parantes,
992 1244 1030 1269 ut

307 1291 496 1316 manerent.
544 1284 632 1314 Hinc
685 1283 767 1314 Milo
802 1284 866 1313 iter
906 1283 1031 1313 faciens

307 1330 511 1366 Lanuvium,
553 1328 676 1358 dicitur
709 1327 810 1357 fuisse
843 1329 1031 1366 pennottus.

307 1373 382 1404 Mil.
419 1377 468 1404 10.
502 1372 541 1402 de
567 1373 690 1411 penula
725 1377 867 1411 egerunt
900 1371 1032 1410 copiose

307 1417 433 1448 Ferrar.
458 1416 497 1446 de
522 1416 560 1446 R.
585 1415 623 1445 V.
662 1425 693 1455 p.
719 1416 752 1445 ii.
787 1414 809 1444 l.
833 1414 866 1443 ii.
902 1415 957 1452 qui
983 1418 1034 1443 est

304 1465 397 1491 totus
431 1460 470 1490 ‹le
500 1461 646 1500 penula..-
673 1459 730 1488 sed
763 1458 803 1488 ad
837 1457 1031 1487 Ciceronem

307 1504 542 1535 illustrandum
567 1503 719 1544 inprimis
742 1502 913 1542 pertinent
946 1501 1033 1531 dicta

307 1559 337 1579 c.
362 1550 392 1579 2.
417 1548 459 1578 cf.
484 1547 613 1578 Ruben.
639 1546 679 1576 de
702 1546 742 1576 R.
766 1545 806 1576 V.
830 1546 851 1575 i.
877 1545 908 1576 6.
927 1551 961 1575 et
978 1543 1043 1584 qui‘

306 1591 488 1623 laudantur
503 1592 535 1621 in
552 1591 632 1621 Lex.
648 1590 753 1620 Fabri.

353 1635 478 1666 Penus.
502 1635 582 1665 Nat.
600 1635 701 1665 Deor.
718 1634 751 1663 ii.
769 1634 822 1666 97.
846 1636 898 1662 est
922 1641 1034 1669 omne,

306 1690 374 1720 quo
390 1684 571 1709 vescuntur
586 1677 751 1715 homines,
762 1686 876 1717 penus.

354 1723 533 1762 Peragere.
569 1722 610 1752 ad
640 1721 716 1751 Div.
757 1721 824 1750 viii.
857 1723 887 1751 8.
922 1723 1033 1749 totum

308 1767 544 1807 Sempronium
565 1775 699 1805 perago.
725 1765 746 1795 i.
784 1774 864 1794 vexo
896 1763 1035 1793 dicendo

311 1810 403 1841 velut
417 1811 450 1840 in
468 1819 577 1840 scena.

355 1854 561 1893 Peragrare.
585 1862 644 1893 per
672 1856 802 1881 mentes
835 1850 1033 1881 hominum:

311 1899 360 1929 ita
376 1897 451 1928 libri
468 1906 594 1927 omnes.
620 1897 678 1926 Or.
694 1896 714 1925 i.
731 1898 784 1925 51.

356 1941 596 1972 Percelebrare.
635 1938 715 1969 coel.
747 1940 801 1973 29.
826 1947 876 1967 res
898 1939 1039 1977 percele-

311 1986 408 2016 brata
422 1985 630 2015 sermonibus
651 1982 814 2013 omnium.
830 1981 851 2011 i.
867 1981 1040 2022 pervulga-

307 2033 355 2060 ta.

357 2072 551 2104 percellere.
575 2070 648 2101 Mil.
665 2072 717 2100 21.
743 2068 833 2100 Mars
849 2068 1038 2098 communis

311 2126 400 2156 saepe
424 2116 623 2156 spoliantem
648 2115 720 2154 jam
748 2118 782 2143 et
811 2112 1038 2143 exsultantem

313 2160 435 2190 evertit
450 2167 484 2189 et
496 2160 638 2200 perculit
654 2157 694 2187 ab
712 2157 851 2196 abjecto.

356 2204 535 2243 Perceptio.
566 2201 668 2232 Acad.
692 2202 735 2231 iv.
759 2203 812 2231 25.
840 2200 1041 2241 perceptione

312 2247 456 2279 sublata.
484 2257 514 2276 v.
536 2247 712 2287 percipere.
747 2244 766 2263 ³*
783 2243 863 2274 Her.
890 2244 924 2274 ii.
955 2246 1039 2274 extr.

311 2295 372 2321 tua
385 2292 585 2332 perceptione
600 2289 769 2320 laetabere.
786 2288 807 2318 i.
821 2288 859 2318 iis
877 2296 949 2326 quae
966 2296 1041 2326 per-

309 2335 441 2375 cepisti.

358 2379 552 2418 Perccptus,
565 2376 744 2416 diligenter
753 2372 1039 2413 cogitatusTusc.

312 2422 360 2453 iii.
375 2425 424 2453 14.
441 2421 622 2461 diligenter
631 2422 800 2460 perceptas
812 2422 847 2447 et
858 2421 1040 2457 pertracta-

312 2472 364 2497 tas
380 2465 502 2496 habere
517 2475 568 2495 res
580 2464 756 2494 humanas.
790 2461 809 2479 ²¹⁶
825 2461 896 2492 Fat.
915 2461 945 2491 6.
964 2469 1041 2500 per-

313 2514 404 2549 cepta
424 2509 519 2546 artis,
534 2514 628 2545 sunt,
646 2516 719 2545 quae
735 2505 858 2535 Graecis
882 2504 1042 2534 dicuntur

312 2551 504 2596 ἣιυρνῖματα.
522 2551 564 2581 cf.
593 2562 622 2581 c.
640 2554 670 2581 8.
697 2554 731 2580 et
752 2548 919 2579 Victorius
946 2547 987 2577 ad
1013 2559 1041 2577 c.

359 2638 545 2678 Percipere.
561 2636 605 2667 N.
624 2637 667 2667 D.
683 2636 718 2666 ii.
736 2638 787 2670 59.
808 2645 868 2675 per
883 2634 1040 2664 arteriam

313 2692 376 2713 vox
392 2692 412 2712 a
428 2685 541 2712 mente
557 2680 761 2720 principium
788 2678 914 2708 ducens
934 2679 1040 2718 percl-

306 2727 406 2766 pitur
420 2729 455 2755 et
470 2724 636 2755 funditur.
671 2722 734 2753 Sed
749 2722 904 2754 Davisius
929 2721 1042 2760 legen-

314 2770 396 2801 dum
412 2773 527 2798 censet
549 2767 740 2807 projicitur:
766 2765 931 2795 Buherius
957 2774 1042 2804 prae-

316 2813 489 2852 eipitatur.
523 2811 609 2842 Mihi
640 2814 754 2840 autem
791 2808 876 2840 nihil
907 2813 1042 2839 mutan-

314 2856 397 2887 dum
413 2855 556 2885 videtur.
578 2855 709 2894 Nempe
726 2862 786 2882 vox
808 2862 868 2892 per
883 2852 1042 2886 arteriam

315 2899 409 2938 yenit
424 2899 459 2930 iu
474 2908 523 2937 os,
540 2908 597 2929 ore
613 2896 812 2938 percipitur,
824 2895 857 2926 h.
871 2905 900 2926 e.
916 2895 1043 2937 colligi-

815 107 961 137 INDEX
992 108 1288 138 LATINITATIS.

1066 201 1135 235 tur,
1153 196 1336 237 excipitur:
1361 206 1425 236 quo
1441 205 1540 227 sensu
1547 196 1714 237 percipere
1729 195 1795 228 dici

1069 245 1213 270 constat.
1232 240 1313 270 Inde
1323 250 1378 270 ore
1394 240 1548 271 funditur
1563 246 1596 270 et
1612 240 1794 270 emittitur.

1068 283 1299 324 *philosophis
1308 284 1482 324 percipere,
1492 294 1522 313 v.
1534 294 1563 314 c.
1576 284 1674 314 Acad.
1690 284 1730 313 iv.
1739 285 1795 314 25.

1070 327 1195 357 dicitur
1209 327 1248 357 de
1266 327 1305 357 iis
1323 327 1432 364 rebus,
1450 337 1531 367 quas
1547 332 1638 358 certo
1654 327 1794 364 scimus,

1071 371 1255 410 quibusque
1272 371 1342 400 sine
1359 371 1490 400 errandi
1518 369 1667 411 periculo
1684 379 1796 400 assen-

1069 415 1183 444 timur.
1200 424 1229 444 v.
1246 418 1482 453 argumentum
1505 414 1605 444 Acad.
1622 414 1664 444 iv.

1114 458 1279 494 Per-citus,
1293 458 1423 495 gravius
1436 463 1635 487 commotus.
1651 456 1724 487 Mil.
1739 457 1795 487 23.

1070 503 1201 531 animus
1218 501 1321 530 iratus
1338 506 1372 530 et
1381 501 1537 541 percitus.

1114 545 1313 581 percursus,
1337 543 1376 574 de
1400 545 1497 574 rebus
1526 553 1614 583 saepe
1631 543 1798 581 cogitatis,

1072 598 1152 627 quas
1168 588 1248 618 adeo
1268 588 1300 617 in
1317 593 1452 627 promtu
1469 597 1600 627 semper
1624 587 1797 616 habemus.

1072 633 1129 662 Or.
1146 632 1180 661 ii.
1197 634 1247 662 32.
1258 632 1456 670 quaestiones
1466 640 1581 660 omnes
1596 631 1709 660 animo
1720 639 1798 669 per·

1072 685 1186 705 cursus
1202 686 1239 704 ac
1257 685 1355 715 prope
1373 674 1567 704 decantatas
1584 673 1717 704 habere.

1119 719 1302 748 percursio.
1326 718 1427 748 Tusc.
1454 719 1496 748 iv.
1520 720 1567 748 13.
1591 717 1695 747 animi
1713 715 1800 746 mul·

1073 768 1183 792 tarum
1203 772 1312 792 rerum
1325 762 1414 792 brevi
1429 762 1767 802 temporepercursio.

1118 806 1301 843 Percussio,
1321 806 1421 835 estin
1445 805 1593 840 musicis,
1618 809 1653 834 et
1679 803 1798 834 deinde

1074 850 1108 879 in
1125 849 1276 889 poeticis,
1301 855 1334 878 et
1353 849 1500 878 numeris
1516 848 1678 883 oratoriis,
1695 848 1751 886 qui
1767 851 1802 877 et

1074 893 1160 923 ictus
1187 893 1333 929 dicitur3
1358 892 1435 930 quia
1462 892 1587 922 tibicen
1613 891 1696 931 pede
1723 890 1801 921 ferit

1074 941 1209 967 terram.
1255 936 1308 966 Sic
1340 935 1373 965 in
1404 935 1540 965 Senario
1573 934 1712 972 tibicen,
1742 934 1800 973 qui

1076 980 1270 1021 rhythmum
1296 985 1331 1009 et
1355 984 1489 1019 tempus
1517 978 1722 1015 moderatur,
1748 982 1802 1008 ter

1075 1024 1158 1064 pede
1183 1023 1263 1053 ferit
1288 1028 1412 1052 terram
1429 1034 1438 1060 3
1477 1022 1566 1052 unde
1596 1026 1665 1052 tres
1695 1022 1730 1051 in
1761 1030 1801 1051 eo

1076 1068 1162 1097 ictus
1189 1076 1215 1097 S.
1238 1068 1455 1107 percussiones
1481 1066 1640 1096 dicuntur
1655 1074 1736 1095 esse.
1761 1063 1801 1094 ln

1076 1111 1115 1141 iis
1131 1114 1244 1141 autem
1263 1109 1408 1150 syllabis,
1425 1110 1459 1140 in
1476 1110 1595 1148 quibus
1610 1108 1733 1139 tibicen
1751 1118 1802 1138 so-

1076 1154 1146 1185 lum
1171 1153 1249 1184 ferit
1275 1153 1371 1194 pede,
1388 1163 1447 1183 vox
1475 1153 1516 1183 ab
1542 1158 1652 1183 actore
1669 1152 1803 1182 acuitur

1075 1202 1109 1228 et
1137 1197 1288 1227 tollitur:
1327 1197 1406 1227 hinc
1438 1196 1553 1227 Graece
1578 1195 1657 1238 ign-e
1681 1195 1804 1227 dicitur

1077 1242 1257 1282 percussio,
1289 1245 1323 1270 et
1356 1239 1480 1280 syllaba
1512 1240 1634 1270 dicitur
1665 1249 1735 1269 esse
1766 1239 1803 1269 in

1078 1285 1167 1328 ἄρηι,
1186 1294 1262 1314 cum
1280 1289 1399 1314 ceterae
1418 1285 1485 1314 sint
1502 1283 1535 1313 in
1547 1282 1639 1314 θέσει.
1654 1293 1684 1312 ν.
1700 1283 1803 1313 Bent-

1078 1329 1131 1359 lei.
1148 1329 1187 1358 de
1205 1328 1323 1358 Metris
1339 1326 1532 1357 Terentian.
1553 1327 1628 1357 init.
1644 1327 1738 1357 Orat.
1755 1326 1804 1356 iii.

1078 1375 1130 1406 47.
1155 1372 1212 1402 sed
1234 1376 1314 1402 sunt
1338 1371 1483 1410 insignes
1510 1380 1623 1400 eorum
1649 1379 1806 1400 numero·

1077 1425 1151 1446 rum
1164 1416 1393 1456 percussiones
1412 1415 1490 1445 ibid.
1506 1417 1559 1447 48.
1577 1415 1737 1454 percussio
1752 1414 1804 1443 in-

1076 1459 1304 1489 tervallorum.
1327 1460 1384 1488 Or.
1404 1461 1457 1489 53.
1488 1467 1556 1487 non
1572 1462 1653 1487 sunt
1681 1457 1716 1487 in
1731 1466 1804 1487 ora-

1077 1504 1169 1533 tione
1198 1508 1372 1541 tamquam
1402 1501 1532 1532 tibicini
1559 1501 1803 1541 percussionum

1079 1547 1179 1577 modi.

1125 1591 1314 1621 Percussus.
1340 1588 1451 1619 Deiot.
1468 1589 1500 1619 6.
1523 1587 1710 1628 suspicione
1725 1595 1801 1617 sum

1073 1644 1257 1674 pffcussus.
1290 1633 1331 1662 cf.
1347 1635 1533 1673 percutere.
1554 1631 1573 1650 ἕ
1590 1631 1738 1661 territus.
1763 1630 1805 1661 ad

1079 1679 1157 1709 Div.
1173 1678 1216 1707 ix.
1233 1679 1286 1708 25.
1311 1683 1447 1716 repente
1465 1685 1637 1716 percussus
1652 1678 1703 1705 est
1717 1680 1807 1705 atro-

1081 1722 1221 1751 cissimis
1237 1720 1351 1750 literis.

1125 1764 1315 1801 Fert-utere,
1331 1763 1371 1793 de
1387 1766 1500 1792 mente
1527 1762 1662 1799 dicitur,
1678 1765 1718 1792 ut
1733 1771 1806 1792 mo-

1080 1818 1169 1839 vere.
1196 1808 1297 1838 Tusc.
1312 1817 1342 1836 v.
1371 1809 1421 1836 11,
1451 1806 1540 1845 quod
1562 1806 1711 1836 animum
1733 1815 1809 1845 pro·

1081 1851 1254 1882 habilitate
1280 1851 1452 1891 percussit,
1483 1849 1518 1879 id
1547 1849 1702 1879 dicimus.
1729 1848 1804 1879 Mil.

1082 1898 1135 1930 29.
1161 1904 1305 1935 quonam
1324 1893 1421 1924 modo
1444 1902 1500 1923 vos
1525 1894 1619 1923 vivus
1646 1893 1806 1930 afficeret,

1082 1940 1138 1979 qui
1152 1945 1304 1970 mortuus
1317 1938 1406 1967 inani
1419 1937 1785 1976 cogitationepercussit
1797 1947 1807 1965 .-

1082 1984 1104 2013 i.
1123 1994 1151 2013 e.
1166 1983 1299 2013 terruit.
1322 1981 1342 1999 ⁸
1358 1981 1519 2021 decipere.
1544 1979 1651 2010 Flacc.
1682 1981 1734 2011 20.
1751 1979 1807 2009 hic

1083 2027 1207 2057 cornici
1225 2025 1374 2062 oculum,
1390 2031 1430 2055 ut
1453 2024 1596 2055 dicitur:
1622 2033 1699 2053 nam
1721 2023 1808 2053 Her-

1083 2070 1449 2111 mippum—percussit.
1475 2078 1506 2097 ν.
1524 2067 1657 2097 Gruter.
1674 2066 1715 2096 ad
1735 2066 1769 2096 h.
1785 2065 1808 2096 l'.

1084 2114 1154 2144 Att.
1180 2124 1211 2144 v.
1227 2115 1258 2144 2.
1282 2115 1520 2151 strategemate
1548 2110 1719 2141 hominem
1731 2120 1809 2150 per-

1080 2160 1189 2188 cussit.

1128 2201 1284 2232 Perditor
1296 2207 1348 2230 est
1362 2199 1498 2228 verbum
1507 2197 1636 2228 factum
1647 2207 1666 2228 a
1678 2196 1810 2228 Cicero-

1083 2255 1138 2282 ne,
1154 2250 1194 2275 ut
1209 2245 1362 2279 afflictor,
1379 2244 1519 2282 partitor
1532 2242 1594 2272 διο.

1130 2289 1326 2319 Per-ducere.
1359 2286 1450 2316 Verr.
1481 2286 1514 2315 ii.
1545 2287 1598 2316 28.
1629 2284 1808 2325 perducere

1084 2332 1228 2370 aliquem
1245 2331 1285 2361 ad
1303 2340 1377 2360 suas
1393 2329 1612 2359 conditiones.
1626 2329 1696 2359 Att.
1711 2338 1740 2357 v.
1757 2329 1810 2358 21.

1083 2376 1236 2416 Scaptius
1253 2378 1362 2413 rogat,
1378 2378 1416 2403 ut
1439 2382 1493 2403 cos
1519 2372 1560 2402 ad
1585 2372 1716 2402 talenta
1741 2372 1808 2402 CC.

1078 2420 1269 2460 perducam.
1300 2419 1319 2437 ³*
1336 2417 1527 2447 meretrices
1554 2415 1713 2446 dicuntur
1732 2424 1812 2454 per-

1083 2464 1171 2494 duci.
1199 2462 1293 2493 Verr.
1309 2472 1340 2490 v.
1361 2463 1410 2491 12.
1432 2460 1498 2489 buc
1523 2458 1640 2489 Tertia
1654 2458 1713 2489 illa
1733 2468 1810 2498 per·

1084 2507 1182 2537 ducta
1198 2511 1261 2536 est.
1278 2504 1380 2541 unde,
1392 2505 1449 2543 qui
1460 2503 1601 2533 feminas
1613 2503 1720 2543 stupri
1732 2512 1811 2532 cau-

1083 2560 1120 2581 sa
1131 2550 1328 2590 perducunt.

1126 2594 1341 2625 Perductores
1371 2590 1542 2621 dicuntur.
1574 2588 1669 2620 Verr.
1698 2588 1721 2619 i.
1754 2590 1805 2620 12.

1085 2637 1139 2667 ubi
1154 2647 1184 2666 v.
1197 2636 1304 2666 GraeV.

1130 2679 1330 2715 perduellio,
1346 2682 1396 2708 est
1426 2677 1557 2717 proprie
1582 2674 1813 2716 parricidium,

1086 2724 1119 2754 h.
1137 2734 1166 2754 e.
1182 2727 1223 2754 ut
1238 2727 1288 2752 est
1306 2732 1358 2761 ap.
1377 2720 1596 2751 Plutarchum
1621 2719 1656 2749 in
1684 2718 1811 2756 Numa,

1085 2767 1192 2798 caedes
1209 2766 1351 2797 hominis
1368 2764 1476 2801 liberi,
1493 2773 1593 2803 quam
1615 2763 1687 2802 quis
1704 2762 1812 2792 sciens

1084 2811 1178 2841 fecit.
1212 2808 1384 2840 Parricidii
1403 2817 1478 2838 reus
1493 2807 1560 2838 fuit
1579 2805 1740 2837 Horatius
1758 2815 1812 2844 ap.

1085 2853 1158 2885 Liv.
1175 2854 1197 2885 i.
1211 2854 1264 2885 26.
1280 2851 1338 2882 sed
1341 2852 1571 2892 perduellionis
1587 2859 1662 2880 reus
1679 2848 1814 2879 dicitur.

1084 2897 1125 2929 Iu
1141 2908 1205 2938 quo
1222 2895 1309 2928 male
1335 2894 1551 2938 reprehendit
1564 2893 1698 2926 Livium
1719 2891 1812 2935 Sigo-
