1920 3196
657 97 802 126 INDEX
835 96 1116 126 LATINITATIS
1123 114 1133 125 .

136 189 320 230 municipia
333 187 545 226 coloniasque
561 185 691 224 Galliae,
705 196 724 216 a
735 195 801 225 quo
818 194 876 215 nos

135 241 224 271 tum,
240 243 318 264 cum
334 231 526 262 consulatus
541 231 724 270 petebatur,
744 238 811 259 non
827 240 878 259 ro·

135 278 297 316 gabatur,
314 275 524 306 consulatum
543 279 655 313 petere
676 273 877 309 solebamus,

138 320 326 351 cucurristi.
354 320 503 358 *rogare
522 322 573 347 est
589 327 685 357 porro
703 317 879 355 magistra-

134 368 246 401 tuum,
257 373 333 393 cum
345 363 459 393 ferunt
470 361 510 392 ad
520 361 679 401 populum
689 360 812 399 legem,
823 363 880 390 aut

136 407 280 437 comitiis
293 406 511 436 creandorum
526 406 784 444 magistratuum
798 414 880 443 prae-

135 455 227 481 nunt.
258 450 392 481 Muren.
410 453 438 481 l.
468 449 586 488 quibus
603 447 810 484 consulatus,
828 457 880 477 me

134 498 272 534 rogante
299 494 434 535 (quippe
463 492 601 522 consule
630 492 718 521 illius
743 491 823 521 anni
847 496 882 520 et

135 538 273 568 comitia
295 538 438 567 habente
457 535 647 574 consulum)
666 535 763 565 datus
783 538 881 564 esset.

134 582 204 612 Att.
217 581 260 611 ix.
277 584 324 612 15.
349 587 387 611 ut
405 580 566 610 Consules
580 583 669 618 roget
683 584 817 618 praetor,
830 577 883 607 vel

134 619 333 655 dictatorem
358 625 460 661 dicat,
480 633 622 662 quorum
649 628 807 652 neutrum
825 622 882 661 jus

136 675 198 699 est.
217 669 306 699 Sext.
317 670 370 699 94.
389 667 498 697 Pisoni
511 667 680 707 provincia
692 670 808 705 rogata
822 671 883 695 est.

135 711 216 751 Leg.
233 713 267 749 ii.
288 714 335 742 12.
359 711 498 751 lexjure
515 716 642 750 rogata.
658 720 686 741 v,
705 710 784 740 Lex.
801 710 883 740 Jure

135 762 248 786 autem
272 760 413 795 rogatur
435 755 500 792 lex,
525 764 601 784 cum
627 755 660 784 in
686 764 725 783 ea
747 753 885 784 ferenda

135 799 220 830 nihil
244 800 282 830 fit
305 804 422 829 contra
444 798 533 837 leges
557 798 596 828 de
617 798 771 837 auspiciis
788 797 885 827 alias-

135 854 211 882 que.
242 844 260 862 ¹²
273 853 331 884 pro
348 844 553 881 interrogare
568 841 607 871 de
624 842 776 871 testibus.
808 840 884 870 Vat.

140 891 168 918 1.
191 887 377 926 rogandum
394 891 432 916 ut
447 886 638 926 religiosum
657 890 790 915 testem.

182 931 334 969 Rogatio,
351 930 522 970 prensatio
538 930 570 959 in
589 929 754 958 comitiis.
774 928 884 958 Plane.

141 978 188 1005 10.
226 976 352 1013 rogatio
381 983 513 1013 semper
549 976 600 1003 cst
634 972 884 1011 gratiosissima.

134 1019 152 1036 ³
165 1018 229 1048 lex.
252 1017 333 1048 Sull.
349 1019 402 1049 22.
426 1018 550 1056 rogatio
567 1016 712 1046 Caecilia.

179 1061 436 1100 Rogatiuncula.
460 1061 561 1091 Dom.
578 1062 631 1091 20.
659 1069 698 1089 ea
713 1063 745 1089 te
762 1070 802 1090 ex
818 1069 886 1090 una

134 1107 370 1145 rogatiuncula
386 1104 513 1135 fecisse.

180 1149 341 1188 Rogator,
366 1150 400 1178 in
424 1147 568 1178 comitiis
591 1150 643 1178 est
667 1151 693 1178 1.
709 1147 885 1187 magistra-

136 1199 205 1230 tus,
223 1195 278 1232 qui
297 1193 440 1222 comitiis
458 1198 588 1232 praeest.
605 1202 635 1221 v.
652 1201 778 1231 rogare.
802 1192 882 1223 Nat.

137 1236 180 1268 D.
199 1236 232 1267 ii.
250 1240 281 1267 4.
306 1241 490 1275 rogatorem
517 1235 732 1265 comitiorum
751 1235 883 1274 justum

136 1290 204 1310 non
219 1280 332 1310 fuisse.
350 1282 380 1311 2.
397 1279 496 1309 amici
514 1279 705 1317 Candidati,
725 1283 784 1309 aut
798 1280 882 1318 ejus,

136 1324 177 1353 ad
195 1334 295 1363 quem
312 1324 364 1354 lex
381 1324 542 1364 pertinet,
559 1324 616 1362 qui
632 1323 781 1362 singulos
797 1324 883 1354 cives

134 1367 450 1407 suffragia'ferentes
466 1374 599 1406 rogant,
612 1377 712 1406 quem
725 1367 883 1407 suffragio

136 1421 197 1442 suo
223 1417 375 1442 creatum
403 1410 520 1447 velint,
544 1411 625 1449 quid
651 1410 691 1440 de
717 1410 788 1450 lege
813 1411 884 1442 fieri

136 1455 254 1493 velint,
285 1455 383 1494 idque
413 1464 452 1484 ex
482 1454 586 1484 veteri
618 1455 787 1492 instituto,
818 1465 884 1494 quo

136 1499 296 1539 suffragia
325 1509 402 1529 voce
435 1498 610 1528 dabantur.
641 1503 729 1539 post,
753 1499 883 1529 tabellis

136 1543 298 1581 inductis,
312 1543 437 1573 mansit
453 1552 576 1572 nomen
589 1546 792 1582 rogatorum.
806 1544 883 1573 Sen.

136 1595 169 1626 p.
185 1587 224 1617 R.
246 1589 294 1617 ll.
310 1586 443 1626 quando
459 1585 516 1616 illa
530 1585 696 1625 dignitate
707 1591 883 1625 rogam-es,

137 1630 338 1667 diribitores,
351 1630 570 1668 custodesque
585 1629 734 1660 vidistis?
754 1631 818 1661 Pis.
836 1634 883 1662 15.

134 1683 191 1704 vos
206 1679 382 1713 rogatores,
400 1684 454 1704 vos
470 1673 622 1704 custodes
638 1673 739 1704 fuisse
754 1674 884 1705 tabula-

135 1727 223 1749 rum.
247 1718 323 1748 Div.
339 1719 373 1749 ii.
389 1721 442 1749 35.
465 1722 599 1756 rogator
613 1718 786 1748 centuriae.

180 1761 274 1792 Rosa.
302 1761 372 1793 Pin.
387 1763 421 1792 ii.
439 1764 491 1792 20.
522 1766 641 1802 potans
657 1762 692 1792 in
707 1772 781 1792 rosa
793 1761 885 1794 Tho-

136 1806 216 1837 rius.
231 1816 261 1835 v.
278 1805 326 1836 in.

181 1849 267 1880 Rota
282 1849 437 1879 fortunae.
463 1848 527 1878 Pis.
550 1851 597 1879 10.

180 1892 363 1930 Rotundus,
379 1893 414 1922 in
437 1893 588 1922 oratione
612 1896 662 1925 est
685 1893 725 1923 de
740 1892 883 1933 periodis

136 1941 170 1967 et
185 1937 403 1967 collocatione
420 1937 607 1967 verborum.
637 1936 733 1967 Brut.
749 1940 802 1971 78.
832 1947 884 1967 ro-

135 1981 243 2011 tunda
274 1981 479 2011 constructio
510 1976 696 2012 verbo'rum.
739 1982 797 2011 Or.
833 1983 882 2012 13.

136 2023 330 2056 Theodorus
357 2025 419 2065 (ita
442 2024 636 2063 legendum,
660 2033 728 2054 non
749 2024 884 2065 Thucy-

137 2067 242 2107 dides)
275 2068 493 2108 praefractior,
520 2077 582 2098 nec
609 2069 690 2098 satis
714 2068 883 2099 rotundus.

136 2111 283 2142 Ducitur
308 2111 506 2152 metaphora
530 2121 550 2141 a
576 2111 673 2151 globo
696 2117 756 2142 aut
779 2111 884 2152 cylin-

137 2155 196 2185 dro
224 2157 339 2194 tereti,
368 2156 403 2185 in
433 2165 498 2194 quo
528 2155 614 2186 nihil
647 2156 768 2196 asperi,
800 2155 884 2185 nihil

136 2199 344 2237 eminentiae,
377 2199 460 2229 nihil
491 2198 702 2237 lacunarum,
733 2204 772 2230 ut
802 2200 884 2230 adeo

135 2242 233 2273 facile
263 2243 314 2273 vel
344 2243 461 2273 leviter
498 2243 660 2283 impulsus
697 2248 883 2283 procurrat.

134 2287 240 2316 oratio
262 2287 403 2317 rotunda
427 2296 506 2325 ergo
529 2293 580 2317 est
602 2288 651 2317 ita
670 2286 834 2317 collocata
849 2292 884 2318 et

134 2335 277 2368 structa,
293 2335 333 2360 ut
358 2330 451 2360 nulla
474 2331 646 2370 asperitas,
665 2330 749 2360 nulli
773 2331 883 2361 hiatus

134 2374 215 2412 nint,
231 2374 289 2404 sed
304 2379 342 2404 ut
358 2375 572 2414 pronunciari
589 2374 706 2405 leviter
720 2375 884 2405 suaviter-

135 2428 199 2456 que
215 2419 328 2458 possit.

179 2460 300 2500 Ηιιὸεο,
317 2461 432 2502 pudet.
456 2461 526 2492 Att.
545 2472 595 2492 xv.
611 2464 643 2493 4.

179 2504 304 2542 Rubor,
332 2505 541 2535 verecundia.
570 2505 627 2536 Or.
651 2505 686 2537 ii.
711 2509 762 2540 59.
788 2506 883 2537 rubo-

136 2558 206 2578 rem
222 2558 320 2578 suum
337 2554 506 2588 praestare.

180 2592 299 2629 Rudis,
310 2591 462 2628 baculus,
476 2602 575 2631 quem
591 2593 802 2633 accipiebant
814 2593 884 2633 gla-

135 2634 292 2673 diatores,
308 2636 365 2674 qui
389 2636 615 2666 mittebantur
637 2647 654 2666 e
679 2637 770 2675 ludo,
796 2642 883 2667 tam-

134 2689 236 2718 quam
263 2681 397 2718 signum
425 2679 600 2710 libertatis,
627 2680 764 2711 rudibus
791 2681 883 2711 enim

134 2729 328 2753 exercentes
365 2733 399 2753 se
438 2723 636 2762 gladiatores
675 2725 882 2764 pugnabant.

135 2766 220 2796 Pliil.
243 2767 276 2796 ii.
302 2768 353 2801 29.
377 2768 493 2797 rudem
516 2767 678 2807 accipere.
701 2777 731 2798 v.
753 2768 883 2800 Schott.

133 2809 221 2840 Nod.
247 2809 316 2841 Civ.
333 2811 369 2841 ii.
381 2811 411 2841 6.
747 2837 754 2845 .

177 2853 302 2891 Ruere,
326 2853 366 2884 de
389 2864 441 2891 e0,
466 2854 523 2893 qui
550 2854 753 2894 impotentia
778 2856 883 2886 animi

133 2902 306 2938 permotus
331 2897 483 2930 violentis
508 2898 654 2931 consiliis
677 2899 799 2942 utitur,
814 2899 883 2932 fere

1590 89 1675 129 415

922 189 973 223 ut,
991 186 1047 224 qui
1063 185 1173 215 furere
1190 183 1361 217 dicuntur.
1392 184 1465 219 Att.
1482 187 1539 217 vii.
1557 188 1610 219 20.
1638 185 1679 218 il·

921 229 990 258 lum
1004 239 1101 259 ruere
1117 230 1291 260 nunciant.
1309 230 1352 260 ib.
1367 231 1420 261 21.
1437 230 1498 260 sed
1510 232 1679 270 antiquiu-

921 282 972 302 res
990 272 1108 310 literae,
1126 282 1226 312 quam
1243 284 1340 304 ruere
1356 275 1468 313 coepit.
1487 274 1585 305 Rosc.
1601 275 1678 306 Am.

921 317 973 346 32.
1005 317 1074 355 qui,
1090 324 1265 356 tamquam
1285 319 1312 347 si
1329 316 1436 348 offusa
1456 319 1538 358 reip.
1555 320 1680 359 sempi-

922 367 1019 389 terna
1036 369 1100 389 nox
1116 368 1216 398 esset,
1236 362 1283 391 ita
1299 363 1438 393 ruebant
1457 363 1491 392 in
1514 364 1678 401 tenebris¹

922 404 1101 442 omniaque
1118 399 1316 436 miscebant.
1333 405 1423 435 Sext.
1437 406 1490 436 64.
1506 415 1583 436 cum
1598 417 1680 445 quo-

922 446 1005 476 tidie
1028 452 1150 477 rueret.
1177 448 1362 488 *peccare,
1390 448 1467 479 labi.
1497 449 1600 480 Dom.
1626 453 1679 481 55.

925 500 990 520 non
1005 492 1115 530 potuit
1129 490 1196 521 ullo
1209 492 1307 522 inodo
1317 502 1384 523 non
1396 493 1428 522 in
1443 493 1572 532 agendo
1582 503 1680 526 ruere

925 544 963 564 ac
986 544 1073 574 saepe
1098 545 1246 574 peccare.
1269 536 1373 567 *Fut
1398 537 1432 567 ii.
1457 537 1488 567 6.
1516 537 1574 567 sed
1597 537 1679 568 dum

925 577 1136 608 dialecticam
1169 581 1360 616 contemnit
1398 580 1680 620 Epicurus—ruit

926 622 960 651 in
977 621 1132 660 dicendo,
1148 627 1187 652 ut
1202 624 1284 653 milii
1303 623 1439 663 quidem
1456 624 1602 662 videtur,
1616 635 1681 656 nec

926 675 977 702 ea,
993 675 1067 704 quae
1083 665 1200 696 docere
1220 666 1304 705 vult,
1320 667 1389 698 ulla
1403 672 1473 698 arte
1487 667 1678 708 distinguit.

970 709 1101 746 Ιέιιίηιε,
1119 710 1219 747 mala,
1238 711 1459 742 calamitates.
1482 712 1559 742 Sen.
1585 723 1617 753 p.
1638 713 1679 744 R.

928 756 958 784 8.
982 753 1102 783 horum
1125 754 1300 785 consulum
1325 757 1441 787 ruinas
1460 756 1616 796 (quarum
1633 767 1679 788 sc.

927 802 1061 827 autores
1088 796 1182 836 suut)
1211 808 1266 828 vos
1295 798 1456 829 Consules
1483 805 1593 830 vestra
1616 801 1680 831 vir-

927 846 1002 871 tute
1025 840 1176 871 fulsistis.
1199 841 1271 873 Att.
1295 853 1326 873 x.
1354 846 1382 874 1.
1409 843 1498 882 quod
1522 847 1597 884 post
1619 844 1680 876 has

927 887 1046 915 ruinas
1062 885 1143 915 mihi
1157 895 1224 916 non
1237 887 1416 917 acciderat.

972 929 1109 959 Rumor.
1143 928 1278 961 cluent.
1295 933 1349 964 47.
1378 941 1418 961 ex
1435 936 1508 962 tota
1523 933 1587 962 ista
1602 932 1680 963 sub-

928 973 1108 1012 scriptione
1131 983 1298 1004 rumorem
1320 975 1517 1015 popularem
1533 980 1568 1007 et
1583 975 1680 1015 plau·

928 1027 1001 1047 sum
1024 1027 1094 1047 esse
1121 1018 1313 1056 quaesitum.
1338 1023 1489 1059 apparet,
1512 1030 1679 1050 rumorem

928 1060 1122 1101 popularem
1146 1071 1216 1091 esse
1239 1062 1378 1101 famam,
1395 1062 1529 1094 laudem
1553 1063 1679 1104 populi.

928 1105 971 1135 ib.
995 1107 1047 1136 28.
1072 1115 1245 1136 rumorum
1269 1107 1370 1138 venti.
1395 1107 1437 1137 cf.
1461 1110 1514 1138 38.
1536 1117 1568 1137 v.
1585 1117 1679 1139 aura.

927 1153 1057 1179 ventus.
1073 1149 1175 1180 Gron.
1189 1149 1275 1180 Sest.
1293 1150 1335 1182 iv.
1350 1154 1383 1185 9.
1405 1160 1551 1191 namque
1574 1152 1678 1182 etiam

928 1191 966 1222 de
984 1197 1083 1223 vento
1096 1193 1167 1233 ipso
1183 1193 1318 1224 dicitur.
1342 1194 1418 1225 Div.
1430 1195 1452 1226 i.
1469 1196 1517 1226 16.
1534 1205 1552 1225 e
1563 1200 1680 1228 vetere

928 1240 1037 1276 poeta.
1061 1237 1187 1267 solvere
1210 1248 1342 1268 rumore
1355 1239 1504 1269 secundo
1519 1240 1677 1280 imperat.

928 1290 957 1310 v.
974 1279 1180 1321 Interpretes
1197 1281 1238 1312 ad
1254 1281 1372 1322 virgil.
1388 1282 1466 1313 AEn.
1481 1284 1549 1313 viii.
1565 1287 1618 1318 90.

970 1323 1082 1355 Rana.
1108 1334 1212 1364 genus
1236 1325 1308 1356 teli.
1336 1325 1417 1365 Leg.
1446 1327 1493 1358 iii.
1522 1331 1554 1362 9.
1582 1335 1680 1360 runoe

927 1371 961 1398 et
975 1368 1066 1406 sicae,
1082 1378 1100 1398 e
1116 1368 1260 1400 lectione
1277 1369 1416 1401 Davisii.

970 1412 1052 1443 Rus.
1069 1422 1145 1442 rure
1156 1423 1216 1453 pro
1233 1414 1313 1444 ruri.
1327 1414 1398 1445 Att.
1414 1424 1466 1444 xv.
1476 1414 1507 1445 6.
1516 1415 1683 1455 rurejam»

927 1456 1082 1486 redierim
1100 1468 1107 1487 ε
1126 1456 1198 1487 libri
1224 1461 1352 1488 veteres
1369 1462 1404 1488 et
1427 1458 1505 1488 boni
1525 1458 1676 1492 habent:

927 1499 1025 1539 idque
1054 1499 1206 1531 defendit
1233 1501 1350 1532 multis
1371 1501 1571 1542 Malaspina.
1599 1503 1676 1535 add.

926 1543 1120 1574 Broukhus.
1136 1544 1178 1574 ad
1191 1544 1317 1575 Tibull.
1335 1546 1369 1576 ii.
1390 1548 1417 1577 l.
1434 1548 1487 1581 49.

971 1587 1152 1619 Rusticum.
1176 1588 1276 1620 Arch.
1293 1593 1325 1623 7.
1347 1589 1404 1620 Or.
1417 1590 1451 1620 ii.
1469 1591 1500 1621 6.
1517 1589 1678 1623 dicuntur

925 1631 1069 1662 Romani
1084 1632 1250 1671 homines,
1265 1643 1342 1663 cum
1358 1643 1397 1664 ex
1408 1630 1496 1664 urbe'
1505 1634 1541 1664 in
1551 1635 1680 1675 praedia,

926 1676 1053 1706 rustica
1081 1676 1257 1716 secedunt,
1288 1676 1521 1709 delectationis
1551 1682 1587 1711 et
1616 1679 1679 1711 otii

926 1729 1037 1750 causa.

969 1763 1174 1803 Rzzstz‘eatus,
1190 1774 1241 1795 us,
1256 1763 1327 1795 Att.
1345 1766 1402 1796 xii.
1424 1768 1434 1796 1
1449 1788 1457 1797 .

971 1806 1116 1846 Rustice,
1133 1809 1300 1849 imperite,
1318 1809 1449 1840 inscite.
1484 1809 1549 1841 Off.
1573 1810 1620 1842 iii.
1643 1815 1678 1846 9.

926 1855 1050 1890 urgent
1063 1854 1195 1883 rustice.

971 1894 1135 1927 Rusticus.
1152 1895 1319 1928 indoctus.
1352 1898 1410 1928 Or.
1428 1897 1462 1928 ii.
1478 1897 1510 1929 6.
1540 1897 1560 1917 ’ἕ
1572 1898 1676 1929 rusti,

927 1938 956 1969 ci
972 1938 1128 1977 Romani,
1146 1944 1248 1979 atque
1272 1940 1354 1971 adeo
1376 1942 1493 1972 rustici
1512 1941 1676 1982 simplici-

925 1988 978 2012 ter
995 1982 1156 2014 dicuntur
1169 1984 1257 2014 cives
1280 1984 1378 2015 Rom.
1395 1995 1474 2015 cum
1498 1985 1538 2015 de
1562 1985 1673 2025 plebe,

925 2033 1001 2056 tum
1028 2027 1132 2058 etiam
1162 2027 1202 2058 de
1226 2029 1373 2067 equestri
1396 2029 1525 2066 ordine,
1560 2029 1672 2071 (Rosc.

926 2069 1000 2100 Am.
1017 2074 1048 2104 7.
1068 2070 1134 2111 18.)
1165 2072 1223 2110 qui
1240 2082 1308 2102 non
1325 2072 1455 2110 Romae,
1473 2072 1532 2103 sed
1547 2074 1582 2104 in
1598 2083 1675 2104 mu·

927 2114 1058 2154 nicipiis
1083 2121 1117 2145 et
1141 2115 1278 2146 coloniis
1302 2115 1468 2147 habitant.
1499 2116 1600 2148 Arch.
1623 2121 1674 2151 10.

927 2159 1018 2188 Sext.
1036 2161 1088 2189 45.
1120 2159 1162 2189 ad
1184 2160 1261 2190 Div.
1286 2160 1351 2191 xvi.
1376 2162 1430 2191 21.
1459 2160 1502 2191 cf.
1528 2160 1673 2201 Gronov.

927 2201 1011 2232 Sest.
1029 2202 1070 2232 iv.
1087 2206 1119 2236 9.

971 2244 1078 2283 Ruta,
1094 2246 1135 2276 de
1155 2245 1434 2287 dicendivgenere
1459 2249 1572 2280 minus
1596 2258 1674 2280 sua-

926 2289 971 2327 vi,
994 2289 1140 2320 horrido.
1166 2290 1208 2320 ad
1233 2291 1310 2321 Div.
1335 2292 1401 2322 xvi.
1426 2294 1480 2324 23.
1512 2292 1554 2323 ad
1577 2294 1674 2333 cujus

925 2337 1042 2363 rutam
1059 2333 1141 2364 mihi
1158 2334 1293 2374 pulegio
1312 2335 1362 2365 tui
1386 2338 1550 2367 sermonis
1572 2341 1675 2368 uten-

926 2376 1019 2407 dum.

970 2419 1076 2458 Ruta,
1106 2430 1214 2452 orum.
1255 2421 1341 2463 Top.
1372 2424 1426 2454 25.
1464 2423 1522 2454 Or.
1552 2424 1587 2455 ii.
1619 2427 1672 2459 55.

926 2463 1044 2495 Partit.
1062 2467 1115 2495 31.
1142 2470 1221 2496 ruta
1237 2475 1331 2497 caesa.
1379 2466 1432 2497 Ita
1448 2466 1570 2498 dieitur
1592 2477 1674 2509 sup-

925 2508 1035 2547 pellex
1058 2510 1180 2546 omnis,
1199 2519 1273 2548 quae
1298 2509 1371 2540 loco
1395 2511 1521 2542 moveri
1543 2517 1671 2553 potent,

926 2552 1022 2591 eique
1038 2558 1258 2593 opponuntur
1274 2553 1351 2584 fixa.

1281 2641 1315 2672 S.

971 2725 1086 2764 Sacer,
1103 2738 1180 2758 cum
1199 2728 1358 2767 genitivo.
1389 2728 1483 2760 verr.
1498 2729 1520 2760 i.
1540 2732 1589 2762 18.
1618 2730 1676 2763 in·.

926 2769 1000 2800 sula
1015 2781 1130 2801 eorum
1148 2772 1299 2802 Deorum
1315 2782 1413 2803 sacra
1427 2777 1578 2813 putatur.
1594 2774 1672 2805 imi-

925 2818 1018 2844 tatus
1041 2818 1093 2844 est
1113 2814 1223 2846 Tacit.
1245 2815 1286 2846 A.
1304 2825 1355 2846 xv.
1373 2819 1425 2848 53.
1456 2817 1514 2847 ubi
1538 2827 1568 2847 v.
1586 2817 1671 2849 Gro-

927 2866 1001 2888 nov.
1046 2858 1066 2876 ²¹²
1078 2857 1187 2890 Sacra
1215 2858 1311 2892 verr.
1343 2860 1380 2892 ii.
1413 2863 1444 2892 ⁵.
1488 2861 1671 2896 simulacra

926 2900 1078 2934 Deorum
1092 2907 1186 2935 sunt.
