1985 3206
719 114 868 143 mmsx
899 114 1182 143 ms‘romcus.
1633 106 1707 142 1111

237 204 282 237 P.
307 204 478 247 Popillius,
499 205 532 236 C.
557 205 594 237 F.
619 204 664 236 P.
689 205 738 236 N.
769 204 863 235 Verr.
884 205 928 235 iv.

194 251 246 282 50.
278 249 313 280 P.
328 249 456 289 Rupilii
476 249 606 289 collega
622 251 655 279 in
681 248 881 286 Consulatu,
897 259 930 279 α.

193 301 308 324 ncxxi.
323 304 353 323 v.
373 293 454 323 Veli.
472 293 506 323 ii.
523 297 554 327 7.
588 293 724 322 Cluent.
745 295 798 323 35.
829 292 930 322 Dom.

193 341 246 368 31.
277 347 296 367 a
320 336 359 367 C.
383 336 534 366 Graccho
559 335 631 374 lege
654 336 723 366 lata
739 337 774 366 in
790 334 930 366 exilium

194 381 356 411 mittitur.
388 380 483 419 Quir.
507 389 539 419 p.
563 379 645 409 Rcd.
671 383 701 410 3.
735 380 811 410 Sen.
835 389 867 419 p.
891 379 930 409 R.

198 427 247 456 15.
278 423 374 453 Brut.
399 426 452 454 34.
484 423 676 453 restituitur
699 423 872 461 rogatione
887 423 933 454 L.

194 465 315 498 Bestiae
327 467 458 507 trib.pl.
472 465 567 496 Brut.
579 468 631 496 95.
655 476 722 496 non
740 467 930 496 indisertus.

195 511 299 542 Hum-
309 515 478 550 putarunt
495 510 569 540 Viri
585 510 666 539 docti
686 511 820 549 quidam
837 512 932 540 inlel-

195 557 255 593 ligi
265 565 326 595 pro
347 554 452 585 Balbo
467 563 494 583 c.
515 556 564 584 ll.
594 555 698 593 ibique
717 564 778 593 pro
802 554 839 584 C.
858 554 931 584 1„ae-

195 608 255 629 nas
278 608 342 628 esse
365 597 537 636 legendum
561 597 595 626 P.
620 597 754 634 Laenas,
777 602 814 627 ut
838 598 932 627 habet

195 643 383 678 BIzmutius,
400 643 550 680 inprimis
573 650 648 670 cum
672 641 711 670 de
740 641 771 671 C.
798 641 932 681 Pqnz‘tlii

195 687 290 716 exilio
305 687 353 715 nil
367 687 443 724 ipsis
459 688 631 714 constaret.
660 684 775 723 Neque
789 685 932 715 absurda

195 734 243 760 est
265 731 327 759 ista
350 727 546 770 conjectura.
593 728 688 758 Nam
716 729 751 757 P.
777 733 809 758 et
836 729 873 758 C.
899 731 932 759 in

195 773 359 814 Popilliis,
383 777 480 812 atque
505 773 610 802 eodem
636 774 691 802 Ιιυι·
714 772 868 811 coufundi
892 783 933 802 cu·

201 817 326 848 Cluent.
346 819 398 848 35.
423 817 635 855 intelligitur,
650 817 705 845 ubi
727 817 802 846 olim
827 816 864 846 C.
888 818 932 846 le-

194 862 336 900 gebatur
352 870 414 900 pro
431 860 466 890 P.
513 860 630 898 lVeque
654 864 763 890 tamen
788 859 825 889 C.
850 858 933 899 reje-

197 907 309 935 cerim.
342 904 454 934 Potest
471 905 556 933 enim
573 905 711 941 intelligi
726 903 764 933 de
779 914 823 940 eo,
840 905 896 943 qui
911 914 933 933 a

202 948 294 979 Coelio
317 958 483 988 oppressus
504 952 562 983 est,
580 952 610 976 et
625 949 692 977 sine
708 948 802 977 (lubio
817 948 933 977 exula-

196 994 256 1023 vit.
273 992 336 1022 vid.
355 991 391 1020 C.
410 990 568 1030 Popillius
587 990 624 1020 C.
643 990 676 1020 F.

247 1035 291 1066 P.
326 1034 499 1074 Popillius,
525 1034 659 1064 cluent.
691 1035 744 1065 36.
783 1044 858 1065 reus
892 1034 932 1064 de

204 1080 348 1115 ambitu,
366 1078 557 1108 damnatur.

245 1123 378 1159 Porcia,
401 1122 471 1151 Att.
496 1132 548 1151 κν.
577 1124 625 1151 11.
655 1121 704 1152 M.
735 1122 862 1152 Catonis
885 1132 933 1151 so-

199 1177 267 1203 ror,
283 1165 422 1197 Domitii
436 1165 638 1196 Ahenobarbi
649 1175 743 1196 uxor.
768 1165 846 1195 ibid.
860 1166 931 1195 xiii.

200 1214 253 1244 37.
269 1213 322 1240 48.
355 1210 426 1248 ejus
446 1208 607 1238 laudatio.

243 1253 400 1290 Porcina,
425 1251 575 1282 Herenn.
600 1253 642 1281 iv.
671 1255 701 1282 5.
733 1257 855 1282 orator.
889 1258 934 1283 est

204 1297 237 1327 C.
253 1296 420 1327 AEmilius
436 1295 592 1326 Porcina.

243 1340 393 1377 Porcius,
408 1339 502 1370 Font.
522 1343 552 1371 5.
576 1340 616 1369 de
633 1339 770 1370 cohorte
788 1339 835 1369 M.
849 1339 934 1369 Fon-

200 1384 275 1421 teii,
293 1390 351 1413 aut
368 1384 521 1424 portitor.

243 1428 285 1458 L.
303 1427 442 1457 Porcius
466 1427 612 1457 Licinus.
642 1428 739 1458 Brut.
765 1431 814 1459 15.
847 1427 934 1457 Con-

198 1471 252 1501 sul
275 1481 353 1501 cum
377 1471 412 1501 P.
433 1470 586 1509 Claudio,
603 1482 681 1501 cinti.
707 1480 822 1501 mxu.
846 1471 935 1501 Lici-

200 1524 262 1544 nus
277 1516 480 1545 scribendum
496 1525 571 1552 esse,
588 1526 649 1545 non
670 1514 833 1551 Licinius,
851 1520 936 1545 ¹recte

199 1563 329 1588 monent
347 1558 419 1588 Viri·
434 1559 515 1589 docti
530 1560 574 1589 ιιι]
593 1560 666 1589 Liu.
684 1560 795 1589 xxxix.
813 1561 864 1590 352.

245 1602 288 1632 L.
314 1602 453 1632 Porcius
476 1602 613 1639 Nasica,
634 1604 692 1633 Or.
717 1603 752 1632 ii.
778 1604 831 1633 64.
863 1603 934 1642 ejus

198 1645 349 1676 facetum
365 1656 562 1686 responsum
581 1646 703 1676 Catoni
721 1646 860 1676 Censori
879 1647 936 1676 da-

200 1695 285 1720 tum.

245 1733 406 1771 Porsena,
431 1733 520 1764 Sext.
548 1736 600 1765 21.
634 1744 713 1765 eum
742 1734 934 1765 interficere

203 1784 346 1807 conatur
361 1778 403 1818 Ω.
420 1777 565 1808 Mucius.

244 1821 428 1858 Portunus,
452 1821 532 1852 Nat.
561 1823 605 1852 D.
631 1822 665 1852 ii.
690 1822 742 1853 26.
781 1821 890 1860 Deus,
914 1832 936 1852 α

197 1869 297 1906 portu
312 1865 428 1895 dictus.

245 1908 378 1940 Posides
406 1909 530 1946 Matro,
547 1908 752 1939 Solentinus.
782 1909 877 1940 Verr.
902 1910 936 1940 ii.

245 1996 450 2033 Posidonius,
467 1996 562 2027 offic.
586 1997 633 2026 iii.
651 1999 681 2027 2.
714 1997 854 2027 Panaetii
873 1997 937 2028 dis-

202 2039 344 2080 cipulus.
377 2040 446 2070 Att.
465 2041 500 2070 ii.
523 2044 548 2071 1.
575 2041 825 2071 commentariis
844 2041 938 2071 Cice-

203 2084 292 2113 ronis
316 2083 440 2113 Graeeis
464 2084 504 2113 de
530 2084 717 2114 Consulatu
735 2095 794 2114 suo
813 2085 938 2115 abster-

203 2132 297 2157 retur
320 2137 340 2156 a
361 2127 536 2157 scribendo
560 2128 601 2157 de
622 2128 751 2158 eodem.
781 2128 882 2159 Tusc.
901 2129 936 2158 ii.

203 2172 256 2201 25.
283 2170 412 2200 dolores
429 2172 563 2201 fortiter
578 2172 653 2202 fert.
686 2172 764 2202 Nat.
785 2172 827 2202 l).
846 2173 867 2202 i.
884 2175 938 2204 44.

202 2213 286 2244 liber
310 2225 337 2244 ν.
377 2214 416 2244 de
441 2220 560 2245 natura
586 2216 736 2246 deorum.
767 2216 844 2246 Div.
869 2216 890 2246 i.
907 2220 938 2247 3.

203 2259 350 2296 quinque
383 2257 480 2288 libros
506 2259 546 2289 de
573 2260 787 2289 Divinatione
819 2260 938 2290 edidit.

203 2301 278 2331 ibid.
289 2302 322 2332 ii.
333 2304 385 2332 21.
400 2304 690 2341 prognosticorum
701 2314 815 2333 causas
827 2314 939 2344 perse-

202 2345 328 2384 quitur.
347 2345 422 2375 ibid.
439 2346 472 2376 ii.
495 2349 543 2377 15.
574 2347 696 2377 statuit
719 2347 872 2378 homines
897 2347 940 2377 ad

203 2387 328 2419 hostias
353 2389 473 2419 deduci
499 2390 530 2419 vi
555 2391 699 2429 quadam
717 2392 887 2421 sentiente
904 2399 939 2422 et

203 2431 316 2462 divina
338 2442 398 2473 per
421 2439 533 2463 totum
562 2434 728 2464 mundum
755 2435 840 2466 fusa.
864 2436 938 2466 ibid.

202 2476 224 2505 i.
245 2479 297 2506 30.
326 2476 360 2506 ii.
382 2479 431 2507 15.
466 2478 646 2508 morientes
663 2478 811 2508 divinare
830 2484 938 2518 putat.

203 2517 284 2550 Nat.
308 2519 351 2549 D.
377 2521 410 2550 ii.
437 2523 489 2551 34.
523 2522 594 2559 ejus
618 2521 760 2561 sphaera.
777 2523 851 2553 ibid.
868 2524 890 2552 i.
908 2527 938 2554 3.

202 2563 355 2593 instituit
379 2564 587 2595 Ciceronem.
619 2566 690 2595 Att.
715 2566 751 2595 ii.
772 2569 799 2596 1.
831 2566 939 2596 Rhodi

203 2607 295 2636 vivit.
336 2606 406 2637 Fat.
434 2611 465 2638 3.
506 2610 577 2649 ejus
604 2609 776 2640 sententia
803 2609 842 2640 de
868 2611 940 2640 fato

206 2650 475 2690 reprehenditur.

248 2695 450 2733 I’ossidorus,
484 2694 578 2726 Verr.
620 2696 666 2726 iii.
706 2699 759 2728 42.
807 2696 939 2737 legatus

201 2736 514 2770 Thermitanorum.

248 2781 433 2821 Postumia,
451 2783 493 2813 ad
516 2783 593 2813 Div.
619 2784 660 2814 iv.
685 2785 716 2815 2.
748 2783 820 2814 Att.
839 2794 869 2814 v.
886 2786 941 2815 91.

205 2826 307 2856 Servii
325 2825 463 2865 Sulpicii
480 2837 574 2857 uxor.

247 2867 450 2906 Postumius,
475 2870 516 2900 ad
541 2871 617 2901 Div.
645 2871 686 2901 vi.
718 2873 766 2902 12.
801 2871 941 2903 Caesaris

206 2911 497 2944 familiarissimus.
527 2914 598 2945 Att.
616 2925 644 2945 v.
663 2916 722 2946 81-
739 2925 793 2946 xv.
810 2915 840 2946 Εἴ.
863 2924 942 2956 pro-

974 209 1110 234 curator
1126 203 1284 234 ludorum
1301 203 1447 241 Octavii,
1463 203 1520 234 sed
1533 204 1575 234 ihi
1591 203 1711 236 Postu—

973 256 1048 278 mus
1066 248 1198 278 (licitur.

1019 291 1212 321 Postumius
1228 291 1416 327 Cominius,
1432 291 1527 321 Balb.
1545 293 1598 323 23.
1622 291 1709 321 Con-

973 333 1025 365 sul
1043 345 1120 364 cuni
1138 336 1193 374 Sp.
1211 334 1325 365 Cassio
1340 344 1371 364 α.
1389 343 1490 364 ccml.

1018 377 1063 408 P.
1089 378 1293 416 Postumius,
1311 377 1381 408 Fin.
1400 378 1434 408 ii.
1451 379 1504 409 22.
1537 378 1639 410 homo
1655 390 1710 410 vo·

973 421 1260 462 luptuosissimus.
1320 421 1479 453 Davisius
1514 424 1633 463 reecpit
1670 434 1709 454 es

973 465 1192 496 emendacione
1207 464 1370 504 Scaliger-i
1383 465 1420 496 C.
1438 465 1572 497 Hirrius
1590 467 1713 498 Postu-

975 510 1074 539 iuius.

1017 553 1058 583 A.
1085 552 1277 583 Postumius
1300 554 1453 592 Albinus,
1480 553 1574 584 Verr.
1606 555 1627 585 i.
1654 556 1708 585 41.

976 596 1103 627 Censor
1119 606 1195 626 cum
1210 597 1250 636 Ω.
1268 596 1383 627 Fulvio
1399 608 1430 627 α.
1448 606 1585 629 mxxix.

1016 640 1058 670 A.
1083 639 1283 677 Postumius,
1300 641 1381 670 Nat.
1406 641 1448 670 D.
1473 641 1506 671 ii.
1530 644 1561 672 2.
1594 642 1712 672 Dicta-

973 688 1028 714 tor
1044 684 1079 713 in
1095 683 1182 713 bello
1199 694 1275 713 cum
1301 683 1514 721 Tusculanis,
1531 696 1563 716 u.
1581 694 1710 716 ccun.

979 738 1039 767 quo
1054 737 1138 757 anno
1149 731 1178 757 et
1193 727 1310 758 Consul
1324 738 1397 758 cum
1418 728 1454 758 T.
1470 729 1710 769 Virginiojuit.

1024 771 1056 801 C.
1074 771 1278 808 Postumius,
1295 771 1372 801 Div.
1390 772 1411 801 i.
1427 774 1479 802 33.
1511 773 1689 813 haruspex.

1025 815 1081 845 Cn.
1112 814 1314 852 Postumius,
1343 815 1436 845 Verr.
1470 817 1491 846 i.
1530 820 1582 851 39.
1623 817 1710 849 Civis

975 859 1073 901 Rom:
1090 859 1145 897 qni
1162 858 1273 888 Verris
1298 859 1456 898 pecunias
1481 861 1711 891 extraordina—

975 903 1039 932 rias
1056 902 1228 931 tractavit.
1246 903 1311 932 vid.
1334 903 1475 933 Curtius

1025 946 1082 976 Cn.
1100 946 1307 983 Postumius,
1326 946 1460 977 Muren.
1483 949 1536 981 ’Ξῖ-
1567 947 1712 978 subscri-

975 995 1052 1029 ptor
1076 989 1214 1029 Sulpicii
1240 995 1359 1020 contra
1375 991 1568 1029 Murenam,
1586 997 1711 1032 praetu-

977 1043 1047 1063 ram
1066 1034 1153 1073 petit
1171 1033 1332 1063 Cicerone
1350 1034 1507 1064 Consule.

1019 1077 1068 1107 M.
1086 1077 1291 1116 Postumius,
1308 1077 1403 1108 Verr.
1428 1078 1462 1108 ii.
1487 1081 1535 1110 18.
1567 1085 1713 1118 quaestor

975 1121 1102 1151 Verris.

1021 1165 1065 1194 P.
1084 1164 1276 1195 Postumius
1297 1164 1481 1204 Tubertus,
1498 1165 1578 1206 Leg.
1603 1167 1637 1197 ii.
1657 1168 1712 1199 23.

975 1219 1006 1238 v.
1026 1208 1201 1238 Tubertus.

1022 1252 1066 1282 P.
1085 1251 1291 1289 Postumius,
1308 1251 1351 1282 ad
1373 1252 1450 1282 Div.
1471 1253 1513 1283 ἰν.
1534 1255 1583 1285 12.
1613 1253 1713 1285 fami—

977 1295 1066 1325 liaris
1085 1295 1132 1325 M.
1150 1295 1313 1326 Marcelli.

1021 1340 1064 1380 2.
1097 1339 1301 1378 Postumius,
1334 1340 1427 1371 Verr.
1458 1341 1480 1370 i.
1520 1343 1572 1376 39.
1620 1342 1712 1374 Civis

976 1383 1074 1414 Rom.
1091 1384 1148 1422 qui
1164 1383 1276 1414 Verris
1300 1385 1460 1424 pecunias
1484 1385 1714 1416 extraordina—

977 1427 1041 1456 rias
1057 1427 1236 1457 tractabat.
1252 1437 1282 1457 v.
1304 1427 1452 1458 Curtius.

1020 1471 1064 1512 Q.
1083 1471 1289 1507 Postumi-us,
1306 1472 1407 1501 Dom.
1423 1475 1476 1503 44.
1501 1483 1525 1503 s.
1536 1474 1658 1513 potius,
1676 1477 1715 1505 ut

977 1518 1023 1544 est
1046 1517 1081 1544 in
1097 1516 1214 1554 prima
1237 1515 1442 1546 Munatium
1465 1520 1496 1546 et
1522 1517 1715 1557 Groeviana,

977 1558 1018 1598 Ω.
1036 1558 1129 1588 Seius
1148 1559 1338 1589 Postumus.

1023 1602 1080 1641 Sp.
1098 1602 1303 1640 Postumius,
1321 1603 1397 1632 Sen.
1419 1605 1468 1634 12.
1495 1603 1621 1635 Consul
1635 1615 1713 1636 cum

977 1645 1017 1676 T.
1034 1646 1187 1684 Veturio,
1203 1657 1235 1676 α.
1254 1655 1420 1678 ccccxxx.

1025 1689 1062 1720 T.
1089 1690 1292 1728 Postumius,
1310 1690 1406 1720 Brut.
1431 1695 1484 1725 77.
1516 1692 1623 1722 bonus
1639 1703 1713 1723 ora-

978 1741 1044 1771 tor,
1077 1733 1220 1764 bellator
1248 1735 1443 1773 acerrimus,
1469 1736 1556 1775 juris
1588 1737 1716 1776 publici

978 1777 1213 1817 peritissimus.
1254 1777 1490 1820 Praetorfuit,
1514 1789 1546 1810 u.
1572 1789 1715 1812 Dcxcw.

978 1831 1009 1851 v.
1028 1821 1221 1852 Postumus.

1024 1865 1294 1904 Postumulenus,
1319 1866 1359 1896 ad
1391 1866 1467 1897 Div.
1500 1867 1543 1897 vi.
1571 1870 1621 1898 10.
1660 1877 1716 1898 co—

980 1919 1127 1948 gnomen
1143 1909 1279 1940 samiliae
1295 1911 1467 1941 Romanae.

1024 1953 1214 1992 Postumus,
1233 1954 1304 1984 Att.
1321 1955 1374 1984 vii.
1397 1958 1445 1985 15.
1478 1955 1508 1984 ei
1532 1954 1645 1985 Sicilia
1661 1954 1717 1985 de-

980 1997 1132 2027 cernitur
1161 2008 1180 2027 a
1210 1998 1336 2027 Senatu
1368 1998 1465 2028 initio
1490 1998 1565 2029 belli
1599 1999 1715 2030 civilis.

986 2040 1150 2072 Corradus
1173 2042 1212 2071 cle
1233 2041 1273 2072 T.
1299 2042 1473 2072 Postumio
1491 2043 1661 2081 intelligit,
1677 2044 1718 2074 de

980 2095 1041 2124 quo
1056 2089 1143 2115 unte.
1176 2085 1322 2124 Pighius
1338 2086 1384 2116 ud
1398 2096 1429 2116 α.
1448 2094 1585 2116 ncxcvl.

1027 2128 1218 2165 Postumus,
1265 2139 1438 2168 cognomen
1484 2129 1714 2170 Rabirtorum,

986 2171 1187 2202 Curtiomcm.
1205 2172 1259 2213 &a

1026 2216 1176 2254 Potamo,
1195 2217 1230 2246 in
1255 2217 1366 2248 Caecil.
1391 2222 1421 2251 9.
1453 2217 1561 2247 scriba
1582 2218 1623 2259 Ω.
1645 2218 1717 2249 Coe-

982 2259 1050 2290 eiiii
1069 2261 1245 2299 quaest‹›ris
1264 2261 1298 2290 in
1316 2260 1440 2291 Sicilia.

1026 2303 1071 2334 P.
1090 2304 1247 2342 Potitius,
1265 2305 1359 2336 Verr.
1377 2306 1398 2335 i.
1418 2308 1469 2335 51.
1503 2305 1656 2335 Senator.

1026 2347 1215 2387 Praecilius,
1234 2348 1276 2379 ad
1301 2349 1377 2379 Div.
1395 2349 1464 2378 xiii.
1486 2351 1534 2379 15.
1567 2353 1664 2389 pater
1679 2354 1715 2387 et

983 2391 1084 2421 filius.

1027 2435 1230 2473 Praxiteles,
1255 2435 1294 2465 de
1323 2436 1400 2465 Div.
1429 2436 1450 2466 i.
1480 2437 1532 2467 36.
1572 2436 1719 2467 caelator.

981 2480 1038 2509 ubi
1061 2483 1172 2509 tumen
1198 2479 1465 2517 lVinkelmumm,
1482 2480 1570 2510 Hist.
1591 2482 1720 2510 artium

976 2533 1012 2562 p.
1045 2526 1119 2553 3423.
1166 2524 1339 2562 legendum
1379 2525 1511 2554 ‘videtur
1549 2524 1720 2555 Pasiteles.

983 2567 1060 2596 ibid.
1077 2567 1110 2596 ii.
1127 2569 1179 2597 24.
1211 2566 1390 2597 Praxitelia
1407 2569 1529 2607 capita.
1557 2569 1721 2598 laudatur

977 2614 1141 2650 pra-terea
1159 2610 1200 2640 ad
1217 2611 1367 2641 Herenn.
1392 2612 1433 2641 iv.
1452 2612 1482 2641 6.
1516 2611 1610 2642 Verr.
1628 2611 1670 2642 ἰν.
1687 2614 1718 2644 2.

985 2657 1045 2683 esc.

1028 2697 1230 2735 Pru-ianus,
1261 2698 1304 2728 ad
1334 2699 1412 2729 Div.
1444 2699 1500 2728 vii.
1532 2702 1562 2730 8.
1600 2698 1722 2736 setus,

983 2742 1075 2782 apud
1110 2741 1269 2772 Caesarem
1298 2744 1465 2781 gratiosus
1495 2747 1525 2773 et
1561 2742 1723 2773 Ciceronis

984 2787 1122 2815 amicus.
1169 2786 1299 2816 lVomen
1317 2787 1440 2817 indicat
1456 2797 1472 2816 e
1485 2791 1582 2826 gente
1598 2786 1721 2817 Precia

983 2831 1020 2859 in
1035 2830 1140 2859 ulium
1158 2831 1311 2860 transisse
1326 2831 1503 2869 adoptione.

1033 2872 1073 2902 L.
1094 2873 1242 2911 Prelius,
1260 2874 1354 2905 Verr.
1378 2884 1407 2903 ν.
1425 2874 1476 2905 62.
1508 2883 1608 2914 eques
1624 2873 1724 2905 Rom.

987 2917 1179 2955 negotiator
1196 2917 1466 2948 Panormitanus.
