1985 3206
302 73 383 110 206
826 82 972 110 mnnx
994 80 1289 109 LATIMTATIS.

299 178 378 198 cum
424 168 540 199 bestiis
589 173 850 208 componuntur.
906 170 1032 201 Eorum

300 212 428 242 mentio
445 214 535 242 Sext.
553 213 604 242 64.
628 213 694 252 Qu.
710 212 761 242 Fr.
778 213 811 242 ii.
829 214 859 242 6.
881 231 884 233 —

346 256 442 286 Rem.
468 265 572 294 genus
599 256 709 293 oleris,
740 257 834 295 cujus
858 255 938 286 folia
962 267 1035 296 spc—

301 300 385 329 ciem
411 299 535 329 Graecae
563 299 668 329 litera:
697 299 858 329 referunt.
891 300 932 330 ad
958 301 1034 331 l)iv.

300 344 354 373 vii.
374 344 426 373 26.
451 353 471 371 a
487 343 557 372 beta
576 349 609 372 et
627 343 737 372 malva
752 343 911 382 deeeptus
925 354 1011 373 sum.

343 386 549 417 Bibliotheca
583 386 623 416 ad
640 387 715 416 Div.
733 387 800 416 xiii.
820 390 871 420 77.
897 388 953 425 qui
971 388 1035 417 mb-

300 431 453 459 liotheeen
483 429 667 459 multorum
699 439 880 460 numorum
911 436 1035 460 tracta-

300 474 360 502 vit.

344 516 436 547 Bebo.
461 516 555 546 Verr.
574 516 593 546 i.
612 517 662 547 ⁶26.
690 523 729 546 ut
746 516 861 546 Graeeo
884 526 974 546 more
991 518 1034 546 hi-

301 560 439 589 beretur.
486 560 545 589 Est
562 565 676 590 autem
702 560 837 589 Graecus
856 570 938 596 mos,
956 571 1032 589 cum

301 613 432 633 merum
459 603 586 642 cyathis
612 603 731 640 libant,
755 603 941 633 salutantes
969 604 1034 643 pri-

302 657 355 676 mo
381 646 471 684 deos,
490 647 608 676 deinde
633 648 756 677 amicos
781 657 856 676 suos
883 648 1034 676 nomina-

299 691 374 720 tim.
398 700 475 719 nam
494 691 592 720 toties
612 701 741 721 merum
760 690 891 726 bibunt,
906 691 1033 729 quoties

300 739 335 763 et
365 734 453 764 Deos
482 740 515 763 et
546 744 637 764 caros
665 735 726 764 sibi
752 735 950 764 nominatim
979 745 1034 764 vo-

301 783 390 808 cant.
416 777 588 807 Asconius.

345 821 543 852 Binum-itus.
582 822 723 851 duarum
763 820 944 851 mulierum
976 820 1034 850 vir.

301 865 412 895 Plane.
438 867 484 894 1⁸2.
511 866 700 894 bimaritum
724 864 884 904 appellas,
901 868 941 893 ut
963 873 1035 893 ver-

301 908 343 938 ba
359 909 461 938 etiam
480 909 598 947 fingas,
617 918 683 938 non
701 909 807 937 solum
826 907 977 937 crimina.

344 952 474 982 Bimus.
507 952 547 981 ad
575 953 648 982 Div.
677 952 723 981 iii.
750 955 779 982 8.
813 951 1032 981 Hortensium

300 1005 409 1035 roges,
435 1001 473 1025 ut
499 995 538 1025 de
566 996 737 1025 sententia
764 996 849 1025 bima.
872 994 1033 1032 discedat,

302 1039 334 1070 h.
353 1050 381 1070 e.
399 1049 464 1078 qua
487 1040 630 1075 censuit,
648 1039 729 1068 mihi
754 1039 788 1068 in
813 1038 956 1068 alterum
975 1048 1033 1067 an—

302 1093 384 1113 num
401 1093 472 1112 esse
489 1083 692 1122 provinciam
711 1082 964 1122 prorogandam.
993 1082 1034 1111 ad

301 1126 378 1157 Div.
395 1138 426 1156 x.
444 1129 495 1157 24.
520 1126 605 1165 legio
631 1127 729 1163 bima,
752 1126 783 1156 h.
802 1136 831 1156 e.
855 1135 929 1165 quae
952 1125 1032 1156 duos

301 1180 405 1201 annos
422 1175 557 1200 meruit.

346 1214 526 1245 Blanditiae
543 1213 714 1252 flagitiosae
733 1213 869 1253 Apronii
882 1213 975 1242 Verr.
987 1213 1032 1242 iii.

303 1258 355 1288 96.
373 1257 455 1287 mihi
469 1258 624 1287 videntur
639 1258 673 1287 in
690 1268 728 1285 co
743 1258 937 1293 consistere,
949 1257 1035 1295 quod

302 1302 332 1331 ei
357 1311 415 1341 pro
439 1306 548 1331 scorto
570 1301 646 1330 fuit.
691 1301 779 1330 Nam
805 1300 967 1330 blanditiae
988 1300 1035 1329 fe-

302 1345 400 1375 minis
426 1345 569 1374 maxime
594 1350 628 1373 et
655 1345 887 1374 meretricibus
916 1354 1035 1374 conve-

304 1390 417 1419 niunt.

345 1432 494 1463 Bonitas.
520 1432 612 1462 fides.
644 1432 709 1461 Off.
733 1432 778 1461 iii.
802 1434 849 1466 19.
875 1441 950 1461 cum
977 1431 1036 1461 ali-

301 1476 396 1515 cujus
438 1476 538 1505 fidem
580 1476 814 1514 bonitatemque
851 1474 1037 1505 laudamus.

302 1520 345 1549 cf.
361 1520 441 1550 Nat.
459 1520 501 1549 D.
520 1520 564 1549 iii.
583 1522 613 1549 3.
641 1519 695 1549 ubi
720 1519 901 1558 opponitur
916 1519 1036 1549 fraudi.

302 1563 321 1582 ‘
334 1564 438 1593 virtus
456 1562 536 1593 Lael.
556 1568 585 1594 8.
601 1567 632 1596 9.
656 1563 830 1601 aliquoties
848 1563 1036 1602 promiscue

302 1607 462 1637 (licuntur
485 1608 589 1636 virtus
615 1614 649 1635 et
673 1607 814 1636 bouitas.
839 1617 867 1636 c.
884 1610 914 1640 9.
931 1607 1036 1636 virtus

303 1655 338 1680 et
354 1651 484 1680 bonitas
501 1661 560 1690 pro
576 1652 767 1690 synonymis
777 1651 984 1689 junguntur.

347 1695 491 1725 Bonum.
515 1694 586 1724 Fin.
614 1693 655 1723 iv.
681 1694 733 1724 (ΖΟ.
758 1695 886 1730 bonum,
904 1703 944 1723 ex
972 1703 1036 1733 quo

303 1737 509 1778 appellatum
526 1738 581 1773 sit,
599 1738 719 1767 nescio.
745 1737 817 1767 Mil.
839 1739 887 1769 12.
905 1737 1035 1767 dictum

305 1782 501 1812 Cassianum
516 1793 522 1810 :
544 1781 605 1810 Cui
623 1782 696 1811 bono
712 1780 824 1811 fuerit.
848 1782 944 1811 Rosc.
961 1782 1036 1811 Am.

305 1828 336 1857 5.
360 1829 508 1863 accusat,
533 1825 651 1863 quibus
677 1826 750 1855 bono
771 1825 849 1862 fuit,
871 1826 891 1855 i.
909 1835 937 1855 e.
964 1835 1037 1865 pro-

302 1869 381 1900 fuit.

348 1912 471 1943 Bonus.
495 1913 585 1942 Sext.
598 1912 649 1943 66.
666 1912 754 1941 bona
770 1911 859 1942 fama
874 1913 1036 1942 bonorum.

305 1957 327 1987 i·.
345 1966 374 1987 e.
389 1956 618 1996 optimatium,
636 1956 675 1985 de
694 1955 813 1994 quibus
838 1955 1036 1995 capiendum

304 2010 449 2040 semper,
466 2010 543 2030 cum
568 2000 607 2029 de
633 1999 803 2039 republica
826 1999 963 2038 loquens
989 1999 1037 2028 bo-

304 2054 359 2074 nos
388 2044 471 2073 viros
498 2045 662 2073 nominat.
710 2043 750 2072 In
777 2043 873 2072 rebus
900 2043 1037 2082 privatis

305 2088 354 2117 vir
378 2088 474 2117 bonus
497 2092 561 2123 est,
585 2087 642 2126 qui
668 2086 767 2116 fidem
789 2090 907 2116 servat.
932 2086 1039 2126 *pro-

304 2132 375 2171 prie
400 2136 515 2161 autem
538 2131 587 2160 vir
610 2131 708 2160 bonus
731 2135 782 2160 est
804 2130 963 2170 locuples,
981 2131 1038 2169 qui

304 2175 407 2204 habet
424 2175 459 2204 in
474 2175 569 2204 honis
585 2186 591 2203 z
617 2174 805 2212 cujusmodi
819 2174 972 2203 homines
988 2183 1039 2203 so-

303 2218 376 2248 lent
394 2218 493 2248 fidem
510 2227 651 2255 servare,
668 2217 859 2257 reipublicae
881 2217 965 2247 bene
982 2227 1039 2247 cu-

305 2272 397 2302 pere,
414 2266 453 2291 ut
478 2266 529 2291 est
555 2261 627 2291 Att.
653 2262 696 2291 ix.
718 2264 766 2292 1⁶2.
790 2262 845 2291 vii.
862 2264 893 2291 4.
917 2261 974 2290 ubi
999 2261 1038 2290 li-

304 2306 475 2336 bertinum
491 2312 589 2335 vocat
602 2305 710 2335 virum
727 2304 824 2344 plane
842 2305 968 2334 bonum.
998 2305 1038 2334 de

305 2359 370 2388 quo
402 2349 466 2379 vid.
499 2348 589 2378 Cort.
617 2348 658 2378 ad
689 2348 825 2378 Sallust.
853 2348 954 2378 Catil.
985 2351 1038 2378 33.

304 2393 406 2423 Gron.
423 2393 500 2423 Obs.
519 2393 560 2422 iv.
577 2396 607 2426 9.
645 2393 702 2422 Or.
720 2393 754 2422 ii.
772 2395 823 2423 54.
840 2392 918 2421 bona
936 2391 1038 2429 dicta,

304 2441 386 2467 sunt
408 2437 551 2473 facetiae,
570 2436 638 2475 joci
663 2437 766 2473 acuti,
783 2435 879 2465 sales.
909 2435 928 2453 '¹²
944 2435 1037 2464 Verr.

305 2481 326 2511 i.
344 2481 396 2511 56.
424 2481 539 2510 bonum
563 2489 623 2509 suo
650 2480 770 2518 cuique
798 2479 910 2509 facito.
956 2479 1038 2508 Erat

304 2525 338 2555 in
362 2524 436 2563 lege
458 2523 581 2560 Verris,
600 2533 700 2562 quam
726 2523 904 2553 redemtori
928 2523 1035 2562 operis

303 2568 429 2608 publici
453 2567 713 2607 praescripserat,
730 2571 766 2596 et
787 2566 873 2596 hanc
890 2567 957 2596 vim
978 2566 1036 2595 ha-

302 2612 416 2649 bebat,
432 2615 471 2640 ut
494 2611 628 2649 singula
651 2620 773 2650 genera
789 2610 938 2640 materiae
956 2610 1036 2640 bona

303 2659 426 2687 essent.
459 2653 580 2684 *Mun
608 2657 638 2688 7.
670 2655 744 2684 bono
768 2663 889 2693 genere
916 2659 1035 2683 natum

303 2709 385 2730 esse.
410 2699 431 2728 i.
446 2707 475 2727 e.
500 2696 611 2738 amplo
633 2701 668 2727 et
685 2697 835 2727 honesto.
866 2696 935 2726 *ad
959 2696 1034 2726 Div.

303 2744 348 2774 ix.
375 2742 424 2772 16.
449 2742 563 2772 bonam
590 2741 718 2781 copiam
745 2743 886 2781 ejurare.
920 2749 949 2770 v.
967 2740 1038 2780 eju-

302 2796 386 2819 rare.

347 2830 426 2861 Bos.
458 2827 500 2859 ad
530 2827 602 2858 Att.
627 2838 658 2858 v.
693 2831 743 2860 15.
775 2828 842 2860 bovi
870 2827 1037 2868 impositae

303 2873 451 2906 clitellae.
474 2881 506 2904 v,
522 2871 678 2903 Clitellae.

1124 169 1321 200 Bran-catus.
1354 167 1418 198 Pis.
1435 170 1486 199 ⁶23.
1512 169 1669 200 braccaloe
1691 179 1813 210 cogna-

1078 214 1178 243 tionis
1195 211 1348 241 dedecus.
1395 212 1558 251 Cognati'o
1582 214 1733 253 braccata
1760 218 1812 244 est

1079 266 1155 286 cum
1175 256 1364 285 homiuibus
1380 265 1397 285 e
1415 256 1550 286 natione
1564 258 1716 288 braccata
1733 257 1812 288 Gal-

1079 300 1200 330 lorum.

1123 343 1336 373 Bracchium.
1360 341 1430 371 Att.
1448 342 1480 373 ii.
1505 346 1530 373 l.
1555 343 1646 374 molli
1665 345 1812 374 bracchia

1078 386 1252 424 objurgare
1268 385 1424 425 aliquem.
1450 385 1483 416 h.
1500 396 1529 416 e.
1546 387 1672 418 leviter.

1125 429 1248 460 Bucca.
1276 429 1339 458 Pis.
1363 432 1408 459 ll.
1436 429 1577 460 fluentes
1602 434 1635 460 et
1660 440 1811 461 cerussa-

1077 478 1121 502 tm
1140 474 1251 503 haecce.
1276 483 1306 502 ν.
1323 472 1442 503 Fluens
1458 478 1492 502 et
1509 479 1708 505 cerussatus.

1123 517 1331 546 Buecinator.
1363 516 1403 546 ad
1434 517 1508 547 Div.
1538 518 1600 547 xvi.
1629 519 1682 548 21.
1721 517 1810 556 quod

1079 559 1256 599 polliceris,
1282 564 1317 589 te
1343 559 1411 589 fore
1435 561 1670 590 buccinatorem
1698 561 1811 591 existi-

1079 604 1236 633 mationis
1254 613 1349 633 meze.

1122 646 1365 677 Buleatcrimn-
1405 647 1495 676 loeus
1534 647 1717 687 SyracusiS,
1754 647 1811 678 ubi

1078 691 1173 720 curia
1189 695 1271 720 erat.
1295 690 1388 720 Verr.
1406 691 1437 720 ii.
1456 692 1506 720 2‘1.

1122 733 1238 765 Baua.
1261 744 1362 763 aurea
1379 735 1466 763 bulla
1484 734 1613 773 insigne
1631 744 1810 774 puerorum

1078 777 1315 817 ingenuorum,
1332 777 1437 807 cordis
1462 778 1581 816 figura,
1599 777 1687 815 quod
1710 786 1726 807 e
1744 777 1812 807 col-

1079 820 1109 850 lo
1135 822 1169 850 in
1196 826 1313 860 pectus
1342 820 1560 859 dependebat.
1592 821 1684 850 Vcrr.
1711 821 1731 849 i.
1757 824 1809 851 58.

1077 865 1147 894 sine
1165 865 1252 894 bulla
1268 869 1415 893 venerat.
1440 864 1503 893 *in
1520 863 1726 893 ornamentis
1744 864 1811 893 val-

1077 918 1192 938 varum
1224 913 1532 937 commemorantur
1562 907 1664 936 etiam
1700 916 1808 937 aureae

1077 952 1183 982 bulloe.
1207 952 1299 981 Verr.
1317 951 1358 980 iv.
1379 952 1429 981 56.

1120 995 1334 1026 thslzcwias.
1361 995 1422 1024 Pis.
1440 999 1471 1028 9.
1496 993 1671 1033 gladiator,
1688 993 1744 1032 qui
1767 993 1809 1023 ad

1077 1039 1214 1069 bustum
1231 1038 1371 1077 alicujus
1394 1038 1579 1077 depugnat,
1596 1037 1683 1076 quod
1703 1037 1736 1066 in
1751 1037 1810 1066 ho-

1077 1092 1192 1112 norem
1217 1086 1426 1112 mortuorum
1451 1081 1563 1111 fiebat.
1600 1091 1628 1109 v.
1645 1080 1736 1120 Lips.
1752 1080 1810 1110 Sa-

1076 1126 1201 1155 turnal.
1222 1126 1243 1155 i.
1261 1129 1290 1156 8.

1121 1169 1274 1199 Bustum.
1304 1169 1404 1199 Tuzc.
1433 1179 1462 1197 v.
1488 1170 1539 1198 35.
1564 1167 1807 1207 Sardanapalus

1078 1213 1178 1242 incidi
1188 1213 1291 1251 jussit
1309 1213 1343 1242 in
1361 1213 1460 1249 busto,
1478 1212 1538 1241 i.e.
1555 1211 1720 1250 sepulcro,
1738 1221 1808 1240 mo-

1078 1262 1242 1286 numento
1257 1256 1444 1296 sepulcrali.
1477 1256 1529 1285 Sic
1547 1256 1677 1284 bustum
1692 1254 1808 1291 Basili,

1077 1300 1149 1330 Att.
1165 1301 1219 1329 vii.
1236 1304 1267 1334 9.
1292 1301 1373 1330 item
1389 1312 1394 1328 :
1415 1299 1527 1329 Catuli
1545 1300 1684 1328 bustum.
1709 1298 1809 1328 Petit.

1079 1343 1214 1373 Consul.
1242 1346 1272 1373 3.
1315 1344 1396 1382 Leg.
1426 1343 1460 1373 ii.
1490 1343 1542 1373 26.
1568 1343 1668 1371 Poena
1690 1346 1753 1379 est,
1781 1342 1809 1371 si

1078 1387 1151 1424 quis
1168 1388 1293 1417 bustum
1312 1387 1403 1427 (uam
1421 1387 1453 1416 id
1468 1390 1550 1425 puto
1564 1385 1722 1425 appellari
1735 1383 1809 1423 τύμ-

1079 1430 1136 1465 Cn)
1158 1431 1216 1460 &a
1248 1431 1267 1449 ²*
1282 1431 1344 1460 Pis.
1362 1433 1393 1460 4.
1418 1430 1504 1459 Cum
1529 1434 1567 1459 tu
1590 1429 1726 1459 interim
1752 1430 1809 1459 bu-

1078 1481 1165 1504 stum
1181 1474 1372 1515 reipublicae
1390 1474 1450 1504 &a

1428 1604 1466 1634 C.

1130 1691 1258 1723 Cadere.
1289 1691 1414 1722 dicitur
1441 1691 1481 1721 dc
1505 1691 1655 1721 oratione
1683 1691 1718 1720 in
1743 1690 1810 1720 fine

1080 1736 1218 1775 periodi.
1249 1736 1343 1766 Orat.
1370 1736 1422 1769 69.
1450 1735 1538 1766 cadit
1566 1735 1682 1765 oratio.
1716 1734 1811 1764 Brut.

1081 1784 1110 1810 8.
1135 1789 1310 1809 numerose
1334 1780 1458 1810 cadere.
1499 1778 1563 1809 *in
1588 1779 1732 1817 aliquem
1756 1787 1811 1808 ca-

1079 1824 1166 1860 dere,
1198 1828 1261 1860 est,
1294 1823 1405 1853 locum
1437 1822 1527 1863 apud
1564 1832 1641 1852 eum
1678 1821 1811 1851 habere.

1079 1866 1179 1897 Tusc.
1197 1867 1243 1896 iii.
1259 1869 1290 1897 4.
1320 1867 1413 1897 Cadit
1440 1867 1474 1896 111
1501 1866 1687 1906 sapientem
1715 1865 1810 1904 a‘gri-

1081 1907 1176 1940 tudoT
1213 1910 1292 1940 ibid.
1325 1920 1391 1940 non
1418 1910 1506 1940 cadit
1533 1911 1568 1939 in
1595 1908 1812 1939 eonsuetudi-

1082 1964 1159 1983 nem
1184 1959 1344 1984 nostram.
1375 1953 1448 1983 *de
1476 1954 1528 1990 iiS,
1552 1953 1608 1991 qui
1635 1953 1670 1982 in
1698 1961 1812 1991 pugna

1082 1998 1265 2028 intereunt.
1297 1996 1382 2027 Phil.
1398 1998 1444 2027 iii.
1466 1999 1514 2027 14.
1538 1997 1652 2027 cadere
1667 2005 1743 2025 cum
1761 1995 1811 2024 di-

1081 2042 1223 2080 gnitate.
1254 2041 1433 2078 *causam,
1449 2041 1545 2070 litem
1563 2040 1710 2080 perdere.
1734 2038 1812 2068 Mu-

1082 2095 1151 2116 ren.
1168 2087 1220 2117 28.
1243 2086 1359 2115 cadere
1383 2085 1417 2114 in
1440 2084 1575 2124 judicio.
1606 2083 1647 2113 ad
1662 2083 1738 2113 Div.
1756 2082 1812 2111 vii.

1085 2131 1134 2159 14.
1169 2139 1269 2158 causa
1304 2129 1431 2159 cadent.
1479 2127 1552 2157 *de
1591 2131 1713 2157 eventu
1752 2126 1811 2155 rei.

1082 2172 1176 2202 Brut.
1193 2175 1245 2202 40.
1270 2173 1327 2202 sed
1344 2173 1392 2202 ita
1411 2172 1545 2202 cadebat
1562 2171 1621 2200 &e.
1658 2169 1813 2200 *incide-

1081 2226 1127 2245 re.
1158 2215 1258 2246 Tusc.
1275 2217 1318 2246 iv,
1340 2218 1387 2246 14.
1412 2225 1479 2245 non
1508 2216 1541 2244 in
1566 2223 1700 2244 omnem
1726 2222 1814 2242 mor-

1081 2260 1161 2289 bum
1186 2260 1317 2289 animus
1344 2259 1508 2298 ingeniosi
1534 2259 1632 2288 cadit.
1667 2257 1812 2286 *venire

1082 2304 1116 2332 in
1150 2308 1352 2343 potestatem
1384 2302 1533 2332 alterius.
1577 2302 1670 2331 verr.
1701 2310 1730 2330 V.
1761 2303 1813 2331 55.

1081 2347 1195 2377 cadere
1216 2347 1277 2377 sub
1301 2346 1413 2385 legum
1438 2350 1471 2375 et
1491 2345 1696 2384 judiciorum
1719 2348 1815 2384 pote-

1081 2396 1216 2420 statem.
1247 2390 1343 2420 Font.
1363 2393 1390 2420 l.
1415 2390 1475 2419 sub
1499 2389 1662 2419 ditionem
1680 2398 1756 2428 pop.
1772 2388 1813 2418 R.

1079 2435 1276 2464 ceciderunt.
1317 2434 1499 2463 cadendum
1528 2434 1563 2462 in
1591 2433 1690 2461 unius
1719 2435 1816 2471 pote-

1081 2482 1215 2508 statem.
1239 2477 1310 2507 Att.
1337 2477 1404 2507 viii.
1431 2480 1462 2508 3.
1495 2476 1626 2506 *everti
1658 2475 1813 2505 fortunis.

1081 2521 1124 2551 ib.
1141 2521 1207 2550 xvi.
1229 2524 1276 2551 15.
1300 2520 1447 2560 Turpius
1471 2524 1520 2550 est
1545 2519 1701 2560 privatim
1719 2519 1813 2549 cade-

1079 2575 1128 2601 re,
1155 2574 1255 2604 quam
1284 2563 1427 2604 publice.
1462 2564 1532 2604 *Q.
1556 2563 1607 2593 Fr.
1632 2563 1652 2593 i.
1673 2565 1704 2593 3.
1735 2573 1754 2592 a
1779 2566 1815 2592 te

1081 2608 1163 2638 mihi
1188 2618 1320 2647 semper
1345 2608 1461 2637 omnia
1485 2608 1584 2646 bona,
1610 2606 1753 2636 honesta
1780 2610 1815 2636 et

1073 2651 1229 2691 jucunda
1244 2652 1438 2682 ceciderunt.

1129 2695 1288 2726 (helucus.
1316 2695 1419 2725 Cato.
1438 2697 1487 2725 15.
1509 2693 1596 2725 Vitis
1619 2698 1741 2724 natura
1763 2703 1817 2724 ca-

1081 2738 1166 2769 duca
1188 2746 1250 2769 est.
1280 2738 1396 2768 *PhiL
1419 2748 1451 2768 x.
1469 2741 1499 2768 5.
1523 2737 1691 2767 hereditas
1714 2738 1815 2768 eadu-

1080 2792 1130 2812 ca.
1161 2783 1256 2812 Orat.
1273 2782 1320 2812 iii.
1337 2785 1389 2813 31.
1413 2782 1576 2821 possessio
1592 2781 1728 2812 caduca.
1745 2781 1769 2811 i.
1785 2790 1815 2811 e.

1081 2826 1226 2863 deserta,
1244 2835 1344 2865 quam
1361 2835 1461 2855 nemo
1478 2825 1576 2866 petit.

1130 2869 1283 2902 Caecatus.
1305 2869 1403 2903 Brut.
1424 2872 1442 2905 7
1448 2869 1478 2901 6.
1504 2868 1621 2910 rapida
1642 2873 1678 2900 et
1701 2867 1818 2899 celeri-
