1920 3196
301 109 387 147 384

307 205 407 236 verbo
427 213 445 233 e
470 201 593 232 tabulis
618 205 832 242 acceptorum
857 207 891 231 ct
915 211 1038 241 expcn-

311 245 439 285 sorum)
459 247 527 276 sive
544 246 577 275 in
596 245 703 284 elogio
720 245 860 275 Sthenii.
893 245 1038 275 Nomine

309 292 418 321 dicere
436 290 469 320 h.
486 289 507 319 l.
524 289 645 327 noluit,
663 288 751 328 quod
768 298 843 318 mox
861 288 949 319 idcm
967 299 1038 318 ver-

310 336 389 365 bum
408 333 565 363 occurrit.

355 378 574 408 Perillustris.
599 375 670 405 Aa.
701 385 730 405 v.
761 378 813 406 ΩΟ.
845 375 889 404 ibi
916 376 1037 405 morati

310 422 450 452 biduum
472 421 676 460 perillustres
691 418 838 449 fuimus:
865 418 897 448 h.
923 428 952 447 e.
970 428 1039 448 ma-

310 475 412 505 gnam
427 464 559 494 laudem
573 474 606 493 rc
616 464 699 493 bene
712 461 858 501 gerenda
868 462 1038 492 consecuti

314 518 444 545 sumus,
461 517 530 537 rcm
548 507 674 546 optime
692 506 865 545 gessimus.

355 551 536 587 Perimere,
550 550 666 579 tollere
680 561 686 578 t
705 550 785 579 item
804 548 964 588 impedire
979 547 1040 578 ali-

311 596 404 635 quid,
433 604 473 624 ne
498 594 569 623 fiat.
594 594 704 623 Plane.
737 595 789 623 42.
813 593 838 621 si
864 592 911 621 vis
928 591 1040 630 aliqua

314 640 423 678 major
440 637 584 668 reditum
607 637 806 676 peremisset.
830 635 930 665 Tusc.
946 635 967 664 i.
984 638 1036 668 37.

312 692 416 714 sensu
449 685 603 721 peremto.
644 680 725 710 Har.
753 680 792 709 R.
825 682 871 708 ll.
900 679 1040 717 peremti

311 730 392 757 sunt
408 725 488 755 ludi.
513 725 603 753 Sext.
628 725 681 754 ⁶2⁶2.
709 733 796 752 mors
814 732 888 752 mea
904 731 1038 751 causam

310 769 479 810 publicam
491 768 688 808 peremisset.
704 766 768 796 Off.
782 766 827 796 iii.
845 769 874 799 7.
900 766 961 795 nisi
980 765 1039 795 ali-

312 813 370 853 qui
387 821 482 842 casus
496 810 670 841 consilium
684 811 881 849 peremisset.

357 856 597 896 Peripetasma,
629 854 729 883 vestis
761 852 920 891 stragula.
944 851 1038 882 Verr.

311 899 354 931 iv.
382 902 429 930 12.
453 898 600 930 Attalica
615 899 881 938 peripetasmata.
912 907 941 926 v.
966 895 1038 926 Ind.

311 944 402 977 Hist.

357 987 575 1023 Pei-istrorum
593 985 692 1015 idem.
717 983 802 1014 Phil.
817 983 850 1013 ii.
868 985 919 1016 27.

356 1030 585 1068 Peristylium.
626 1028 755 1059 Domit.
796 1030 850 1057 44.
890 1026 1038 1067 porticus

313 1084 392 1104 cum
420 1073 633 1103 conclavibus
657 1072 886 1111 pavimentata
907 1075 1039 1100 trecen-

309 1122 386 1148 tum
404 1117 540 1157 pedum,
558 1115 802 1156 amplissimum
821 1114 1039 1154 peristylium.

312 1161 373 1192 Est
390 1168 503 1190 autem
522 1160 729 1200 peristylium
753 1159 858 1195 locus,
872 1158 927 1196 qui
945 1167 964 1186 a
986 1167 1039 1186 co-

314 1205 439 1234 lumnis
469 1204 616 1242 undiquc
655 1201 880 1232 ambientibus
915 1210 1037 1231 nomeu

311 1248 425 1278 habet.
442 1258 472 1277 v.
492 1247 573 1277 lntt.
591 1246 632 1277 ad
644 1248 781 1276 Sueton.
797 1245 882 1284 Aug.
900 1247 951 1275 82.

356 1289 555 1332 Perjurare,
582 1292 619 1321 it.
647 1287 842 1330 Perjurium
865 1288 944 1327 quid
967 1288 1036 1317 sit?

313 1335 379 1366 vid.
413 1336 509 1365 Offie.
539 1335 585 1364 iii.
616 1336 669 1367 29.
709 1330 898 1373 Peijurare
925 1337 1037 1361 autem

311 1382 364 1409 cst
382 1389 459 1409 vera
486 1378 585 1408 lectio
612 1377 702 1407 illius
730 1376 806 1413 loci,
834 1384 934 1414 quam
953 1384 1039 1404 asse-

312 1426 395 1454 runt
422 1422 617 1458 Lambinus,
647 1421 814 1450 Fabricius
845 1419 905 1449 Sic.
930 1417 1038 1457 Vulgo

310 1470 425 1496 autem
452 1465 532 1495 olim
566 1464 756 1504 legebatur:
783 1461 949 1503 pejerare,
978 1462 1039 1491 sub

311 1521 378 1549 qua
392 1520 472 1539 voce
494 1509 596 1539 etiam
623 1508 735 1538 locuni
759 1507 859 1537 habet
876 1505 1039 1536 Nizolius.

309 1554 354 1584 Et
385 1553 542 1592 quoniam
573 1552 661 1582 idem
689 1557 739 1581 est
764 1548 928 1591 pejerare,
951 1549 1039 1588 quod

302 1595 495 1638 perjurare,
512 1601 551 1625 ut
563 1596 687 1626 tirones
699 1596 801 1624 etiam
814 1593 906 1623 illam
924 1603 1037 1623 vocem

310 1646 401 1672 recte
433 1639 673 1678 intelligerent,
685 1639 785 1668 etiam
809 1638 854 1667 ibi
877 1637 967 1666 hunc
992 1637 1039 1666 lo-

313 1695 392 1714 cum
404 1683 626 1714 laudavimus.
640 1683 798 1713 Ceterum
811 1678 989 1721 perjurare
1005 1686 1039 1711 et

305 1726 461 1769 pejerare
473 1727 537 1757 dici
548 1727 691 1756 arbitror
702 1726 741 1755 de
752 1725 834 1754 falso
848 1724 1038 1763 jurejuran-

311 1772 367 1809 do,
379 1777 416 1801 ut
431 1771 584 1800 Graecum
613 1770 749 1812 ἐπιορκεῖν
764 1782 769 1798 :
795 1768 883 1807 quod
899 1771 949 1797 est
965 1777 1039 1807 pro-

309 1816 393 1856 prie,
405 1824 493 1854 saepe
505 1820 539 1844 et
554 1813 700 1843 multum
710 1813 837 1851 jurare.
852 1813 907 1850 qui
923 1816 1038 1841 autem

311 1858 374 1889 hoc
387 1858 530 1895 faciunt,
547 1858 646 1887 iidem
664 1856 759 1886 facile
776 1855 859 1885 falso
870 1855 1001 1894 jurant.

359 1899 617 1942 Pevjurissimus
638 1900 726 1930 leno.
743 1899 839 1930 Rosc.
857 1899 951 1929 Com.
964 1902 995 1932 7.

354 1946 492 1977 Perlahi
515 1945 626 1975 venire
651 1947 725 1984 post
747 1943 884 1981 longum
902 1952 947 1971 sc.
965 1951 1039 1971 cur-

309 2000 396 2021 sum.
418 1988 519 2019 Tusc.
542 1989 564 2018 i.
596 1989 643 2018 12.
661 1989 835 2028 perlapsus
857 1985 898 2015 ad
927 1995 984 2016 nos
1004 1989 1037 2015 et

310 2043 416 2072 usque
432 2032 475 2062 ad
489 2032 662 2063 Oceanum
679 2030 853 2061 Hercules.

354 2077 519 2113 Per-litus,
550 2075 756 2114 inquinatus.
787 2073 883 2103 Rosc.
914 2071 954 2102 A.
985 2074 1037 2103 52.

306 2122 450 2162 perlitus
482 2119 655 2158 sanguinis
683 2117 896 2153 crudelitate,
919 2116 958 2145 de
985 2126 1037 2153 co,

308 2165 367 2204 qui
384 2163 509 2194 caedem
526 2163 617 2192 fecit.

355 2208 574 2238 Permanare.
599 2206 656 2235 Or.
674 2205 707 2235 ii.
733 2208 785 2239 77.
810 2207 848 2233 ut
864 2203 904 2233 ad
921 2213 1037 2233 eorum

311 2256 442 2288 mentes
469 2249 648 2280 movendas
666 2258 867 2288 permanare
898 2247 1036 2282 possint.

308 2295 410 2326 Tusc.
426 2295 460 2324 ii.
480 2297 529 2324 18.
547 2292 829 2322 conclusiunculae
847 2291 887 2320 ad
902 2300 1037 2320 sensum

309 2348 377 2369 non
399 2341 656 2378 permanantes:
676 2336 709 2365 h.
726 2345 754 2364 e.
772 2345 845 2375 quae
868 2344 935 2363 non
964 2343 1038 2373 per-

308 2381 466 2419 suadent,
494 2380 626 2410 etiamsi
655 2379 704 2409 nil
729 2383 847 2409 contra
873 2377 937 2407 dici
965 2386 1039 2417 pos-

308 2426 366 2457 sit.

354 2468 569 2500 Permiscere.
603 2468 660 2497 Or.
685 2470 717 2500 9.
753 2465 793 2494 ab
818 2463 1038 2505 Aristophane

309 2511 619 2553 poeta—Graeciam
640 2510 838 2549 permiscere
853 2507 962 2538 dietus
989 2511 1040 2538 est

308 2556 464 2587 Pericles.
480 2554 537 2584 Gr.
554 2554 658 2593 κυκᾷν.

355 2600 565 2630 Permittere.
581 2596 711 2627 Verrin.
729 2595 751 2625 i.
777 2596 828 2625 32.
849 2595 1040 2634 permittere

309 2643 416 2674 dolori
444 2652 504 2672 suo
534 2638 767 2670 incommodae
802 2637 834 2667 h.
868 2648 896 2666 e.
929 2638 1037 2677 ipsum

310 2686 427 2717 ulcisci
443 2685 580 2724 injurias
593 2683 654 2713 sibi
671 2681 792 2712 illatas.
807 2681 932 2710 Contra
947 2681 1037 2711 Sext.

310 2733 364 2761 33.
381 2730 575 2769 permittere
601 2726 796 2756 inimicitias
829 2725 980 2763 patribus
1005 2729 1039 2755 et

309 2772 452 2813 reipubl.
478 2777 530 2802 est
545 2780 612 2801 non
629 2769 757 2805 ulcisci,
774 2771 908 2798 senatus
925 2772 959 2797 et
976 2768 1038 2797 rei-

308 2816 401 2857 publ.
429 2824 540 2845 causa.
562 2825 591 2844 v.
617 2812 812 2849 concedere,
838 2811 1038 2841 condonare.

310 2861 330 2880 ²*
342 2859 474 2891 tradere
489 2859 524 2889 in
540 2860 756 2898 potestatem.
774 2854 852 2894 Agr.
866 2855 901 2885 ii.
920 2857 970 2885 15.
989 2864 1048 2895 re·-

332 2913 378 2936 na
413 2902 679 2935 decemvirorum
713 2899 1037 2940 ditioni—permissa

787 113 932 142 INDEX
963 113 1098 142 LATIN
1106 114 1259 142 lTATIS.

1082 211 1152 231 esse
1169 201 1253 232 dico.
1279 201 1379 232 Catil.
1396 202 1417 231 i.
1435 203 1465 233 2.
1476 202 1637 242 permissa
1653 204 1705 232 est
1719 210 1808 243 resp.

1080 245 1291 275 Consulibus.
1321 245 1353 274 id
1386 245 1488 276 fiebat
1524 246 1629 275 Scto:
1666 245 1803 276 videant

1081 289 1172 319 Coss.
1186 298 1227 318 ne
1245 288 1321 327 quid
1341 289 1399 318 διο.
1424 289 1636 328 quoliberam
1658 293 1805 329 potesta-

1079 336 1147 362 tem
1179 332 1399 371 accipiebant,
1432 332 1571 372 reipubl.
1609 333 1712 362 etiam
1738 341 1806 362 non

1081 375 1233 405 consulto
1257 381 1392 412 senatu,
1410 376 1530 415 quibus
1543 376 1711 406 videretur
1727 376 1807 406 rati-

1080 419 1212 455 onibus,
1230 418 1459 449 defemlendae.

1125 462 1289 492 Permotio
1316 463 1430 492 animi.
1456 463 1544 492 Part.
1577 465 1625 492 ll.
1650 472 1728 492 cum
1745 461 1806 492 ali-

1081 516 1145 544 qua
1161 515 1194 534 re
1212 504 1396 544 impellitur
1412 506 1453 535 ad
1469 505 1647 543 agendum.

1124 546 1325 578 Permalare
1357 550 1547 588 pecuniam.
1585 549 1625 578 ad
1664 548 1740 579 Div.
1770 549 1804 578 ii.

1086 595 1132 625 17.
1157 591 1226 621 Att.
1252 592 1295 621 xi.
1322 595 1374 622 ⁶22.
1403 594 1454 623 524.
1479 603 1529 622 xv.
1551 595 1599 623 15.
1622 592 1710 631 quod
1726 601 1805 631 per-

1080 637 1205 665 mutavi
1223 646 1311 666 cum.
1324 646 1351 665 v.
1369 640 1436 666 not.
1454 636 1508 666 xii.
1527 637 1578 666 ⁶24.
1596 635 1653 665 ἀρ.
1672 645 1806 675 permu-

1080 680 1159 709 tatio
1174 678 1307 718 publica
1322 680 1472 718 pecuniae
1496 679 1537 708 ad
1554 679 1629 709 Div.
1646 679 1692 709 iii.
1711 682 1740 710 5.
1756 683 1808 709 est

1081 722 1240 762 collybus,
1257 723 1296 752 de
1323 733 1388 761 quo
1412 733 1522 763 supra.
1547 723 1611 753 Pis.
1640 725 1692 753 21.
1717 722 1804 752 vide-

1081 770 1138 795 tur
1154 776 1224 795 esse
1241 776 1387 796 versura.
1412 767 1417 772 '

1125 807 1306 839 Pernicies.
1332 810 1428 839 Rosc.
1445 809 1482 838 A.
1500 812 1552 840 45.
1585 819 1726 848 quorum
1756 809 1808 839 ni-

1080 853 1126 883 hil
1137 855 1276 892 pernicii
1291 863 1391 882 causa
1403 853 1540 882 consilio
1553 853 1662 882 divino
1678 853 1806 883 factum

1080 903 1249 936 putamus.
1266 896 1305 926 de
1322 896 1384 926 hoc
1401 897 1559 935 genitivo,
1574 906 1672 935 quem
1689 907 1728 926 ex
1745 896 1807 926 hoe

1081 940 1154 970 loco
1179 939 1304 969 Gellius
1332 940 1375 969 ix.
1406 943 1437 969 4.
1465 939 1592 977 laudat,
1623 940 1687 970 vid.
1709 940 1804 970 Voss.

1079 983 1175 1014 Anal.
1194 984 1226 1013 ii.
1249 987 1296 1017 19.
1319 984 1400 1012 item
1416 986 1483 1012 not.
1501 989 1661 1013 nostram.

1125 1027 1299 1057 Perorare.
1321 1027 1438 1066 Quint.
1460 1030 1506 1056 10.
1532 1036 1703 1066 nunquam
1726 1036 1804 1066 per-

1079 1072 1169 1100 orari
1194 1072 1364 1110 potuisse:
1398 1070 1431 1100 h.
1458 1081 1487 1099 e.
1507 1070 1592 1099 finiri
1617 1076 1808 1100 controver-

1080 1115 1176 1144 siam.
1214 1116 1266 1144 Sic
1292 1114 1384 1143 Verr.
1412 1114 1458 1143 iii.
1484 1114 1536 1144 66.
1563 1114 1718 1153 perorabo
1743 1113 1807 1143 hoe

1081 1158 1208 1188 crimen
1234 1158 1480 1195 decumanun13
1516 1157 1714 1196 simpliciter
1739 1162 1802 1194 est,

1081 1202 1230 1231 desim-m
1248 1201 1287 1231 de
1303 1200 1365 1230 hoc
1382 1201 1522 1230 crimine
1539 1201 1658 1230 dicere.
1696 1200 1760 1230 Sed
1775 1211 1805 1231 ν.

1082 1250 1152 1274 not.
1170 1245 1211 1275 ad
1229 1245 1352 1275 Hercu.
1370 1246 1390 1274 i.
1412 1248 1459 1275 lO.
1469 1254 1626 1284 perorare
1643 1245 1807 1274 narratio-

1082 1298 1170 1318 nem.

1125 1331 1303 1370 Perpessio,
1327 1331 1469 1361 facultas
1484 1332 1684 1371 perpetiendi
1705 1336 1739 1361 et
1756 1337 1806 1361 to-

1081 1375 1220 1405 lei-andi.
1241 1375 1341 1405 Tusc.
1371 1376 1417 1405 iii.
1447 1377 1500 1406 24.
1523 1380 1709 1404 ceterorum
1726 1385 1807 1414 per-

1075 1421 1175 1459 pessio
1198 1419 1292 1457 facit,
1320 1424 1358 1448 ut
1387 1418 1496 1449 multo
1519 1419 1649 1449 minora
1672 1418 1805 1448 videan-

1080 1469 1147 1493 tur.

1126 1506 1342 1546 Perpetuare.
1373 1505 1429 1535 Or.
1462 1506 1508 1536 iii.
1536 1505 1590 1536 46.
1608 1510 1806 1545 perpetuare

1080 1550 1192 1586 verba,
1219 1553 1269 1579 est
1291 1550 1407 1579 eodem
1424 1550 1543 1590 spiritu
1571 1551 1805 1588 pronunciare,

1081 1593 1164 1623 nihil
1180 1593 1338 1623 incidere.

1126 1637 1344 1676 Perpetuitas.
1369 1636 1426 1666 Or.
1457 1637 1492 1666 ii.
1525 1639 1576 1666 54.
1602 1637 1805 1676 perpetuitas

1079 1681 1254 1718 sermonis,
1281 1680 1320 1710 de
1350 1681 1498 1710 oratione
1530 1682 1702 1717 continua,
1730 1690 1804 1719 quae

1081 1725 1263 1764 opponitur
1278 1725 1322 1761 ei,
1348 1734 1421 1762 qua*
1439 1728 1490 1753 est
1517 1724 1550 1753 in
1568 1724 1805 1762 interrogando

1080 1773 1139 1798 aut
1155 1767 1394 1808 respondendo.
1411 1767 1489 1797 ibid.
1506 1767 1551 1797 iii.
1568 1770 1620 1801 49.
1638 1769 1804 1807 perpetui-

1080 1816 1130 1842 tas
1147 1812 1342 1849 verborum;
1366 1811 1407 1841 de
1433 1811 1580 1851 periodo:
1602 1811 1659 1841 Or.
1677 1813 1708 1841 2.
1729 1821 1804 1851 per·

1075 1857 1218 1895 petuitas
1245 1854 1389 1892 dicendi,
1404 1854 1443 1884 de
1467 1858 1539 1884 tota
1563 1855 1646 1884 serie
1669 1859 1701 1884 et
1725 1864 1805 1884 con-

1079 1904 1177 1928 textu
1194 1899 1364 1928 orationis.
1388 1899 1489 1935 Nam,
1508 1898 1541 1927 in
1553 1900 1805 1938 perpetuitatem

1080 1942 1225 1979 dicendi,
1263 1947 1312 1971 est
1350 1952 1410 1981 per
1451 1946 1557 1971 totam
1605 1943 1802 1971 orationem.

1079 1986 1097 2004 ³*
1114 1985 1213 2015 Tusc.
1228 1996 1258 2015 v.
1281 1989 1329 2015 10.
1353 1990 1437 2015 extr.
1454 1995 1520 2015 non
1540 1995 1578 2014 cx
1593 1985 1732 2023 singulis
1749 1996 1805 2014 vo-

1080 2029 1172 2059 cibus
1187 2028 1373 2068 philosophi
1390 2029 1564 2068 spectandi
1581 2034 1673 2065 sunt,
1691 2029 1747 2058 sed
1763 2039 1804 2059 ex

1074 2074 1292 2113 perpetuitate
1307 2077 1341 2102 ct
1358 2073 1558 2103 constantia.
1593 2072 1807 2112 Philosopho-

1080 2126 1153 2147 rum
1173 2117 1374 2156 perpetuitas
1391 2120 1454 2153 est,
1471 2126 1546 2145 cum
1574 2116 1688 2145 omnia
1717 2117 1805 2146 inter

1079 2170 1113 2190 se
1131 2166 1210 2200 apta
1225 2163 1317 2196 suut,
1332 2169 1439 2189 unum
1465 2159 1505 2189 ab
1522 2159 1627 2189 altero
1656 2159 1804 2197 ducitur,

1080 2203 1165 2233 nihil
1188 2208 1267 2233 ante
1294 2203 1390 2232 dictis
1414 2206 1588 2243 repugnat.
1613 2202 1676 2233 Off.
1704 2205 1723 2233 i.
1752 2207 1805 2234 33.

1081 2251 1119 2277 ut
1134 2252 1286 2277 constare
1314 2247 1347 2276 in
1371 2246 1449 2277 vitae
1468 2248 1685 2287 perpetuitate
1712 2247 1805 2277 nobis

1081 2291 1257 2331 possimus.
1283 2290 1354 2320 Fiu.
1385 2291 1419 2321 ii.
1449 2292 1502 2324 27.
1526 2291 1559 2320 in
1585 2293 1805 2330 perpetuitate

1079 2335 1239 2374 temporis
1255 2334 1323 2363 vita
1338 2334 1436 2363 beata
1450 2334 1526 2363 duci
1541 2334 1639 2364 solet.

1126 2377 1321 2418 Perpetuus.
1336 2378 1410 2408 Act.
1429 2377 1449 2407 i.
1465 2377 1558 2408 Verr.
1580 2381 1628 2407 11.
1639 2382 1806 2416 perpetua

1080 2422 1246 2452 orati0.v.
1270 2422 1475 2461 perpetuitas
1491 2430 1524 2450 n.
1552 2424 1578 2450 l.
1603 2421 1644 2450 ad
1666 2421 1742 2451 Div.
1773 2431 1802 2451 v.

1086 2467 1134 2495 1⁶2.
1158 2464 1306 2495 historiae
1324 2470 1502 2503 perpetuas
1525 2469 1618 2502 sunt,
1634 2469 1705 2502 aut,
1722 2475 1804 2503 quas

1081 2518 1140 2538 nos
1167 2508 1368 2538 universales
1385 2507 1605 2548 appellamus,
1629 2512 1686 2538 aut
1713 2513 1805 2538 certe

1081 2553 1175 2591 regni
1192 2555 1251 2581 aut
1267 2551 1405 2591 reipubl.
1433 2552 1550 2588 totius,
1574 2555 1806 2591 opponuntur-

1081 2606 1145 2634 que
1162 2595 1306 2625 historiis
1320 2595 1528 2634 singulorum
1545 2595 1732 2625 hominum.
1749 2595 1807 2629 Or.

1081 2639 1134 2670 36.
1160 2643 1318 2678 perpetua
1347 2639 1499 2677 quaestio,
1525 2645 1575 2668 est
1596 2639 1806 2677 universalis,

1082 2692 1157 2711 cum
1176 2682 1215 2711 de
1232 2691 1352 2721 genere
1368 2682 1524 2711 universo
1535 2683 1706 2721 quaeritur.
1723 2683 1807 2722 Top.

1081 2726 1134 2756 26.
1158 2726 1306 2755 actiones
1317 2730 1492 2765 perpetuae.
1518 2726 1540 2755 i.
1557 2735 1585 2754 e.
1607 2729 1701 2762 totae‚
1726 2735 1806 2755 nam

1081 2774 1300 2808 opponuntur
1314 2774 1438 2809 partes,
1456 2769 1643 2806 exordium,
1659 2770 1806 2799 narratio

1083 2813 1143 2843 ἃς,
1167 2812 1235 2842 Att.
1253 2822 1283 2842 v.
1299 2815 1351 2843 21.
1375 2818 1411 2842 ut
1439 2813 1630 2843 centesimae
1650 2817 1809 2853 perpetuo

1081 2855 1207 2886 foenore
1235 2855 1455 2886 ducerentur:
1486 2855 1520 2886 li.
1548 2865 1578 2886 e.
1602 2863 1641 2886 ut
1666 2856 1809 2886 centesi-

1076 2909 1147 2931 mae
1163 2908 1273 2932 usurae
1289 2901 1325 2930 in
1349 2898 1498 2940 singulos
1524 2908 1629 2931 annos
1646 2899 1806 2932 duceren-
