<?xml version="1.0" encoding="UTF-8"?>
<!DOCTYPE html PUBLIC "-//W3C//DTD XHTML 1.0 Transitional//EN"
    "http://www.w3.org/TR/xhtml1/DTD/xhtml1-transitional.dtd">
<html xmlns="http://www.w3.org/1999/xhtml" xml:lang="en" lang="en">
 <head>
  <title>
</title>
<meta http-equiv="Content-Type" content="text/html;charset=utf-8" />
  <meta name='ocr-system' content='tesseract 3.04.00' />
  <meta name='ocr-capabilities' content='ocr_page ocr_carea ocr_par ocr_line ocrx_word'/>
</head>
<body>
  <div class='ocr_page' id='page_1' title='image "./clavisciceronian00erneuoft/clavisciceronian00erneuoft_0144.png"; bbox 0 0 1985 3206; ppageno 0'>
   <div class='ocr_carea' id='block_1_1' title="bbox 235 87 314 124">
    <p class='ocr_par' dir='ltr' id='par_1_1' title="bbox 235 87 314 124">
     <span class='ocr_line' id='line_1_1' title="bbox 235 87 314 124; baseline -0.013 0"><span class='ocrx_word' id='word_1_1' title='bbox 235 87 314 124; x_wconf 76' lang='lat'>138</span> 
     </span>
    </p>
   </div>
   <div class='ocr_carea' id='block_1_2' title="bbox 211 184 968 2920">
    <p class='ocr_par' dir='ltr' id='par_1_2' title="bbox 231 184 968 260">
     <span class='ocr_line' id='line_1_2' title="bbox 231 184 968 226; baseline 0.004 -10"><span class='ocrx_word' id='word_1_2' title='bbox 231 185 399 226; x_wconf 69' lang='lat' dir='ltr'>Bithyniae</span> <span class='ocrx_word' id='word_1_3' title='bbox 416 189 451 216; x_wconf 78' lang='lat' dir='ltr'>et</span> <span class='ocrx_word' id='word_1_4' title='bbox 467 187 578 217; x_wconf 81' lang='lat' dir='ltr'>Ponti.</span> <span class='ocrx_word' id='word_1_5' title='bbox 594 196 627 216; x_wconf 87' lang='lat' dir='ltr'>a.</span> <span class='ocrx_word' id='word_1_6' title='bbox 650 184 690 216; x_wconf 84' lang='lat' dir='ltr'>U.</span> <span class='ocrx_word' id='word_1_7' title='bbox 710 194 812 217; x_wconf 84' lang='lat' dir='ltr'>Decv.</span> <span class='ocrx_word' id='word_1_8' title='bbox 841 187 968 219; x_wconf 80' lang='lat' dir='ltr'>Coesare</span> 
     </span>
     <span class='ocr_line' id='line_1_3' title="bbox 232 229 444 260; baseline 0.005 -1"><span class='ocrx_word' id='word_1_9' title='bbox 232 229 282 259; x_wconf 88' lang='grc' dir='ltr'>ΙΙ.</span> <span class='ocrx_word' id='word_1_10' title='bbox 305 231 444 260; x_wconf 65' lang='lat' dir='ltr'>(ons-ule.</span> 
     </span>
    </p>

    <p class='ocr_par' dir='ltr' id='par_1_3' title="bbox 230 270 966 400">
     <span class='ocr_line' id='line_1_4' title="bbox 276 270 966 313; baseline 0.004 -12"><span class='ocrx_word' id='word_1_11' title='bbox 276 270 434 310; x_wconf 81' lang='lat' dir='ltr'>Plautus,</span> <span class='ocrx_word' id='word_1_12' title='bbox 461 273 574 309; x_wconf 58' lang='lat' dir='ltr'>Poissta,</span> <span class='ocrx_word' id='word_1_13' title='bbox 599 273 694 303; x_wconf 86' lang='lat' dir='ltr'>Offic.</span> <span class='ocrx_word' id='word_1_14' title='bbox 718 273 739 303; x_wconf 89' lang='lat' dir='ltr'>i.</span> <span class='ocrx_word' id='word_1_15' title='bbox 764 275 815 308; x_wconf 71' lang='lat'>29.</span> <span class='ocrx_word' id='word_1_16' title='bbox 854 274 895 304; x_wconf 85' lang='lat' dir='ltr'>ad</span> <span class='ocrx_word' id='word_1_17' title='bbox 912 275 966 313; x_wconf 82' lang='lat' dir='ltr'>jo-</span> 
     </span>
     <span class='ocr_line' id='line_1_5' title="bbox 231 316 965 358; baseline 0.004 -13"><span class='ocrx_word' id='word_1_18' title='bbox 231 316 377 346; x_wconf 84' lang='lat' dir='ltr'>candum</span> <span class='ocrx_word' id='word_1_19' title='bbox 415 317 541 346; x_wconf 77' lang='lat' dir='ltr'>urbane</span> <span class='ocrx_word' id='word_1_20' title='bbox 579 320 613 345; x_wconf 87' lang='lat' dir='ltr'>et</span> <span class='ocrx_word' id='word_1_21' title='bbox 650 317 821 355; x_wconf 73' lang='lat' dir='ltr'>ingeniose</span> <span class='ocrx_word' id='word_1_22' title='bbox 855 324 965 358; x_wconf 83' lang='lat' dir='ltr'>aptus.</span> 
     </span>
     <span class='ocr_line' id='line_1_6' title="bbox 230 358 796 400; baseline 0 -11"><span class='ocrx_word' id='word_1_23' title='bbox 230 358 327 389; x_wconf 81' lang='lat' dir='ltr'>Brut.</span> <span class='ocrx_word' id='word_1_24' title='bbox 348 362 396 390; x_wconf 83' lang='lat'>15.</span> <span class='ocrx_word' id='word_1_25' title='bbox 421 360 553 400; x_wconf 85' lang='lat' dir='ltr'>quando</span> <span class='ocrx_word' id='word_1_26' title='bbox 571 364 722 390; x_wconf 88' lang='lat' dir='ltr'>mortuus</span> <span class='ocrx_word' id='word_1_27' title='bbox 741 360 796 390; x_wconf 81' lang='lat' dir='ltr'>sit.</span> 
     </span>
    </p>

    <p class='ocr_par' dir='ltr' id='par_1_4' title="bbox 229 401 965 702">
     <span class='ocr_line' id='line_1_7' title="bbox 275 401 965 442; baseline 0.003 -9"><span class='ocrx_word' id='word_1_28' title='bbox 275 401 433 441; x_wconf 78' lang='lat' dir='ltr'>Plautus,</span> <span class='ocrx_word' id='word_1_29' title='bbox 452 404 520 433; x_wconf 82' lang='lat' dir='ltr'>Att.</span> <span class='ocrx_word' id='word_1_30' title='bbox 537 404 558 433; x_wconf 87' lang='lat' dir='ltr'>i.</span> <span class='ocrx_word' id='word_1_31' title='bbox 585 404 633 433; x_wconf 87' lang='lat'>16.</span> <span class='ocrx_word' id='word_1_32' title='bbox 655 403 754 442; x_wconf 81' lang='lat' dir='ltr'>judex</span> <span class='ocrx_word' id='word_1_33' title='bbox 780 404 814 433; x_wconf 89' lang='lat' dir='ltr'>in</span> <span class='ocrx_word' id='word_1_34' title='bbox 835 404 965 442; x_wconf 82' lang='lat' dir='ltr'>judicio</span> 
     </span>
     <span class='ocr_line' id='line_1_8' title="bbox 232 445 965 485; baseline 0.004 -10"><span class='ocrx_word' id='word_1_35' title='bbox 232 445 338 476; x_wconf 81' lang='lat' dir='ltr'>Clodii</span> <span class='ocrx_word' id='word_1_36' title='bbox 369 446 408 476; x_wconf 84' lang='lat' dir='ltr'>de</span> <span class='ocrx_word' id='word_1_37' title='bbox 441 447 540 476; x_wconf 84' lang='lat' dir='ltr'>sacris</span> <span class='ocrx_word' id='word_1_38' title='bbox 572 446 701 476; x_wconf 82' lang='lat' dir='ltr'>violatis</span> <span class='ocrx_word' id='word_1_39' title='bbox 732 447 793 485; x_wconf 85' lang='lat' dir='ltr'>rei,</span> <span class='ocrx_word' id='word_1_40' title='bbox 826 448 965 478; x_wconf 80' lang='lat' dir='ltr'>absolvit</span> 
     </span>
     <span class='ocr_line' id='line_1_9' title="bbox 231 488 965 531; baseline 0.004 -13"><span class='ocrx_word' id='word_1_41' title='bbox 231 488 396 519; x_wconf 86' lang='lat' dir='ltr'>Clodium.</span> <span class='ocrx_word' id='word_1_42' title='bbox 423 490 561 521; x_wconf 70' lang='lat' dir='ltr'>Videtur</span> <span class='ocrx_word' id='word_1_43' title='bbox 576 500 637 520; x_wconf 82' lang='lat' dir='ltr'>non</span> <span class='ocrx_word' id='word_1_44' title='bbox 653 500 766 520; x_wconf 82' lang='lat' dir='ltr'>verum</span> <span class='ocrx_word' id='word_1_45' title='bbox 782 491 839 520; x_wconf 81' lang='lat' dir='ltr'>sed</span> <span class='ocrx_word' id='word_1_46' title='bbox 841 491 965 531; x_wconf 86' lang='lat' dir='ltr'>fictum</span> 
     </span>
     <span class='ocr_line' id='line_1_10' title="bbox 230 533 963 565; baseline 0.004 -4"><span class='ocrx_word' id='word_1_47' title='bbox 230 533 276 562; x_wconf 79' lang='lat' dir='ltr'>ml</span> <span class='ocrx_word' id='word_1_48' title='bbox 290 535 516 564; x_wconf 81' lang='lat' dir='ltr'>contumeliam</span> <span class='ocrx_word' id='word_1_49' title='bbox 534 543 647 563; x_wconf 82' lang='lat' dir='ltr'>nomen</span> <span class='ocrx_word' id='word_1_50' title='bbox 670 543 743 564; x_wconf 82' lang='lat' dir='ltr'>esse.</span> <span class='ocrx_word' id='word_1_51' title='bbox 767 544 797 564; x_wconf 88' lang='grc' dir='ltr'>υ.</span> <span class='ocrx_word' id='word_1_52' title='bbox 827 534 963 565; x_wconf 82' lang='lat' dir='ltr'>Casaub.</span> 
     </span>
     <span class='ocr_line' id='line_1_11' title="bbox 229 576 962 616; baseline 0.004 -11"><span class='ocrx_word' id='word_1_53' title='bbox 229 576 276 605; x_wconf 81' lang='lat' dir='ltr'>ad</span> <span class='ocrx_word' id='word_1_54' title='bbox 298 578 328 606; x_wconf 86' lang='lat' dir='ltr'>h.</span> <span class='ocrx_word' id='word_1_55' title='bbox 354 578 375 606; x_wconf 88' lang='lat' dir='ltr'>l.</span> <span class='ocrx_word' id='word_1_56' title='bbox 415 577 509 607; x_wconf 78' lang='lat' dir='ltr'>Forte</span> <span class='ocrx_word' id='word_1_57' title='bbox 536 579 584 607; x_wconf 80' lang='lat' dir='ltr'>ila</span> <span class='ocrx_word' id='word_1_58' title='bbox 610 579 755 616; x_wconf 78' lang='lat' dir='ltr'>appellat</span> <span class='ocrx_word' id='word_1_59' title='bbox 777 577 962 608; x_wconf 75' lang='lat' dir='ltr'>Lentulum</span> 
     </span>
     <span class='ocr_line' id='line_1_12' title="bbox 230 618 960 661; baseline 0.005 -13"><span class='ocrx_word' id='word_1_60' title='bbox 230 620 326 656; x_wconf 61' lang='lat' dir='ltr'>(frus,</span> <span class='ocrx_word' id='word_1_61' title='bbox 342 630 437 659; x_wconf 81' lang='lat' dir='ltr'>quem</span> <span class='ocrx_word' id='word_1_62' title='bbox 453 622 538 650; x_wconf 75' lang='lat' dir='ltr'>inter</span> <span class='ocrx_word' id='word_1_63' title='bbox 553 618 684 661; x_wconf 74' lang='lat' dir='ltr'>judiees</span> <span class='ocrx_word' id='word_1_64' title='bbox 703 626 826 651; x_wconf 74' lang='lat' dir='ltr'>constat</span> <span class='ocrx_word' id='word_1_65' title='bbox 837 620 960 660; x_wconf 72' lang='lat' dir='ltr'>juisse,</span> 
     </span>
     <span class='ocr_line' id='line_1_13' title="bbox 229 664 686 702; baseline 0.004 -10"><span class='ocrx_word' id='word_1_66' title='bbox 229 664 287 702; x_wconf 75' lang='lat' dir='ltr'>qui</span> <span class='ocrx_word' id='word_1_67' title='bbox 307 664 451 693; x_wconf 73' lang='lat' dir='ltr'>(lodium</span> <span class='ocrx_word' id='word_1_68' title='bbox 469 665 686 694; x_wconf 63' lang='lat' dir='ltr'>absolverunt.</span> 
     </span>
    </p>

    <p class='ocr_par' dir='ltr' id='par_1_5' title="bbox 223 706 961 868">
     <span class='ocr_line' id='line_1_14' title="bbox 273 706 960 745; baseline 0 -8"><span class='ocrx_word' id='word_1_69' title='bbox 273 706 460 745; x_wconf 74' lang='lat' dir='ltr'>Pleurales,</span> <span class='ocrx_word' id='word_1_70' title='bbox 479 708 541 737; x_wconf 78' lang='lat' dir='ltr'>Pis.</span> <span class='ocrx_word' id='word_1_71' title='bbox 560 710 612 738; x_wconf 74' lang='lat'>34.</span> <span class='ocrx_word' id='word_1_72' title='bbox 638 707 792 743; x_wconf 82' lang='lat' dir='ltr'>Macedo,</span> <span class='ocrx_word' id='word_1_73' title='bbox 808 706 960 744; x_wconf 80' lang='lat' dir='ltr'>Platoris,</span> 
     </span>
     <span class='ocr_line' id='line_1_15' title="bbox 228 751 961 789; baseline 0.001 -10"><span class='ocrx_word' id='word_1_74' title='bbox 228 751 268 780; x_wconf 75' lang='lat' dir='ltr'>cle</span> <span class='ocrx_word' id='word_1_75' title='bbox 282 760 342 789; x_wconf 81' lang='lat' dir='ltr'>quo</span> <span class='ocrx_word' id='word_1_76' title='bbox 357 755 445 786; x_wconf 82' lang='lat' dir='ltr'>ante,</span> <span class='ocrx_word' id='word_1_77' title='bbox 464 760 587 788; x_wconf 83' lang='lat' dir='ltr'>comcs,</span> <span class='ocrx_word' id='word_1_78' title='bbox 604 761 680 780; x_wconf 91' lang='lat' dir='ltr'>cum</span> <span class='ocrx_word' id='word_1_79' title='bbox 705 761 744 780; x_wconf 83' lang='lat' dir='ltr'>eo</span> <span class='ocrx_word' id='word_1_80' title='bbox 762 751 961 781; x_wconf 80' lang='lat' dir='ltr'>interfectus</span> 
     </span>
     <span class='ocr_line' id='line_1_16' title="bbox 223 794 960 835; baseline 0.003 -12"><span class='ocrx_word' id='word_1_81' title='bbox 223 794 319 832; x_wconf 73' lang='lat' dir='ltr'>jussu</span> <span class='ocrx_word' id='word_1_82' title='bbox 338 795 477 826; x_wconf 73' lang='lat' dir='ltr'>Pisonis.</span> <span class='ocrx_word' id='word_1_83' title='bbox 502 794 651 834; x_wconf 74' lang='lat' dir='ltr'>Regulus</span> <span class='ocrx_word' id='word_1_84' title='bbox 666 794 837 825; x_wconf 84' lang='lat' dir='ltr'>Pleurates</span> <span class='ocrx_word' id='word_1_85' title='bbox 850 798 896 825; x_wconf 79' lang='lat' dir='ltr'>est</span> <span class='ocrx_word' id='word_1_86' title='bbox 907 805 960 835; x_wconf 81' lang='lat' dir='ltr'>ap.</span> 
     </span>
     <span class='ocr_line' id='line_1_17' title="bbox 230 837 492 868; baseline 0 0"><span class='ocrx_word' id='word_1_87' title='bbox 230 837 306 868; x_wconf 67' lang='lat' dir='ltr'>Liv.</span> <span class='ocrx_word' id='word_1_88' title='bbox 325 838 422 868; x_wconf 81' lang='lat' dir='ltr'>xxvii.</span> <span class='ocrx_word' id='word_1_89' title='bbox 440 842 492 868; x_wconf 71' lang='lat'>30.</span> 
     </span>
    </p>

    <p class='ocr_par' dir='ltr' id='par_1_6' title="bbox 225 881 961 1094">
     <span class='ocr_line' id='line_1_18' title="bbox 272 881 960 918; baseline 0.001 -7"><span class='ocrx_word' id='word_1_90' title='bbox 272 882 313 911; x_wconf 84' lang='lat' dir='ltr'>A.</span> <span class='ocrx_word' id='word_1_91' title='bbox 331 882 459 912; x_wconf 74' lang='lat' dir='ltr'>Plotius</span> <span class='ocrx_word' id='word_1_92' title='bbox 476 881 647 918; x_wconf 73' lang='lat' dir='ltr'>Silvanus,</span> <span class='ocrx_word' id='word_1_93' title='bbox 665 881 777 911; x_wconf 80' lang='lat' dir='ltr'>Plane.</span> <span class='ocrx_word' id='word_1_94' title='bbox 795 885 826 915; x_wconf 78' lang='grc'>7.</span> <span class='ocrx_word' id='word_1_95' title='bbox 845 881 960 912; x_wconf 82' lang='lat' dir='ltr'>AEdili-</span> 
     </span>
     <span class='ocr_line' id='line_1_19' title="bbox 225 924 960 964; baseline 0.003 -11"><span class='ocrx_word' id='word_1_96' title='bbox 225 928 335 954; x_wconf 75' lang='lat' dir='ltr'>tatem</span> <span class='ocrx_word' id='word_1_97' title='bbox 360 935 436 954; x_wconf 88' lang='lat' dir='ltr'>cum</span> <span class='ocrx_word' id='word_1_98' title='bbox 466 926 525 955; x_wconf 93' lang='lat' dir='ltr'>Cn.</span> <span class='ocrx_word' id='word_1_99' title='bbox 550 925 685 955; x_wconf 79' lang='lat' dir='ltr'>Plancio</span> <span class='ocrx_word' id='word_1_100' title='bbox 712 925 808 964; x_wconf 81' lang='lat' dir='ltr'>petit.</span> <span class='ocrx_word' id='word_1_101' title='bbox 831 924 902 954; x_wconf 84' lang='lat' dir='ltr'>Att.</span> <span class='ocrx_word' id='word_1_102' title='bbox 930 935 960 955; x_wconf 80' lang='lat' dir='ltr'>v.</span> 
     </span>
     <span class='ocr_line' id='line_1_20' title="bbox 231 968 959 1008; baseline 0.003 -11"><span class='ocrx_word' id='word_1_103' title='bbox 231 971 281 997; x_wconf 77' lang='lat'>15.</span> <span class='ocrx_word' id='word_1_104' title='bbox 311 974 446 1008; x_wconf 65' lang='lat' dir='ltr'>fvrzt‘tor,</span> <span class='ocrx_word' id='word_1_105' title='bbox 468 968 625 1000; x_wconf 56' lang='lat' dir='ltr'>Macella</span> <span class='ocrx_word' id='word_1_106' title='bbox 651 973 681 998; x_wconf 82' lang='lat' dir='ltr'>el</span> <span class='ocrx_word' id='word_1_107' title='bbox 706 969 850 1008; x_wconf 73' lang='lat' dir='ltr'>Sulpicio</span> <span class='ocrx_word' id='word_1_108' title='bbox 880 969 959 999; x_wconf 66' lang='lat' dir='ltr'>(oss.</span> 
     </span>
     <span class='ocr_line' id='line_1_21' title="bbox 226 1012 961 1052; baseline 0 -10"><span class='ocrx_word' id='word_1_109' title='bbox 226 1012 322 1042; x_wconf 69' lang='lat' dir='ltr'>Pbrle</span> <span class='ocrx_word' id='word_1_110' title='bbox 345 1013 426 1042; x_wconf 75' lang='lat' dir='ltr'>idem</span> <span class='ocrx_word' id='word_1_111' title='bbox 453 1017 496 1042; x_wconf 75' lang='lat' dir='ltr'>est</span> <span class='ocrx_word' id='word_1_112' title='bbox 520 1023 594 1042; x_wconf 77' lang='lat' dir='ltr'>cam</span> <span class='ocrx_word' id='word_1_113' title='bbox 617 1023 662 1049; x_wconf 88' lang='lat' dir='ltr'>eo,</span> <span class='ocrx_word' id='word_1_114' title='bbox 686 1013 741 1051; x_wconf 79' lang='lat' dir='ltr'>qui</span> <span class='ocrx_word' id='word_1_115' title='bbox 759 1014 873 1052; x_wconf 79' lang='lat' dir='ltr'>paullo</span> <span class='ocrx_word' id='word_1_116' title='bbox 889 1017 961 1052; x_wconf 80' lang='lat' dir='ltr'>post</span> 
     </span>
     <span class='ocr_line' id='line_1_22' title="bbox 228 1055 873 1094; baseline 0 -10"><span class='ocrx_word' id='word_1_117' title='bbox 228 1056 426 1094; x_wconf 73' lang='lat' dir='ltr'><em>Bithyniam</em></span> <span class='ocrx_word' id='word_1_118' title='bbox 443 1057 588 1086; x_wconf 75' lang='lat' dir='ltr'><em>obtinuit.</em></span> <span class='ocrx_word' id='word_1_119' title='bbox 605 1066 634 1085; x_wconf 95' lang='lat' dir='ltr'>v.</span> <span class='ocrx_word' id='word_1_120' title='bbox 653 1055 690 1086; x_wconf 89' lang='lat' dir='ltr'>A.</span> <span class='ocrx_word' id='word_1_121' title='bbox 710 1055 873 1085; x_wconf 83' lang='lat' dir='ltr'>Plautius.</span> 
     </span>
    </p>

    <p class='ocr_par' dir='ltr' id='par_1_7' title="bbox 226 1099 959 1173">
     <span class='ocr_line' id='line_1_23' title="bbox 276 1099 959 1139; baseline 0 -10"><span class='ocrx_word' id='word_1_122' title='bbox 276 1099 308 1129; x_wconf 82' lang='lat' dir='ltr'>C.</span> <span class='ocrx_word' id='word_1_123' title='bbox 324 1099 464 1136; x_wconf 81' lang='lat' dir='ltr'>Plotius,</span> <span class='ocrx_word' id='word_1_124' title='bbox 482 1100 589 1130; x_wconf 83' lang='lat' dir='ltr'>Flacc.</span> <span class='ocrx_word' id='word_1_125' title='bbox 605 1101 657 1129; x_wconf 72' lang='lat'>21.</span> <span class='ocrx_word' id='word_1_126' title='bbox 683 1100 837 1137; x_wconf 80' lang='lat' dir='ltr'>Senator,</span> <span class='ocrx_word' id='word_1_127' title='bbox 855 1099 959 1139; x_wconf 82' lang='lat' dir='ltr'>Lega-</span> 
     </span>
     <span class='ocr_line' id='line_1_24' title="bbox 226 1142 517 1173; baseline 0.007 -2"><span class='ocrx_word' id='word_1_128' title='bbox 226 1147 281 1172; x_wconf 77' lang='lat' dir='ltr'>tus</span> <span class='ocrx_word' id='word_1_129' title='bbox 299 1143 332 1172; x_wconf 93' lang='lat' dir='ltr'>in</span> <span class='ocrx_word' id='word_1_130' title='bbox 350 1142 426 1173; x_wconf 81' lang='lat' dir='ltr'>Asia</span> <span class='ocrx_word' id='word_1_131' title='bbox 443 1143 517 1173; x_wconf 77' lang='lat' dir='ltr'>fuit.</span> 
     </span>
    </p>

    <p class='ocr_par' dir='ltr' id='par_1_8' title="bbox 227 1186 735 1269">
     <span class='ocr_line' id='line_1_25' title="bbox 276 1186 735 1224; baseline -0.002 -8"><span class='ocrx_word' id='word_1_132' title='bbox 276 1187 309 1217; x_wconf 82' lang='lat' dir='ltr'>C.</span> <span class='ocrx_word' id='word_1_133' title='bbox 342 1186 482 1224; x_wconf 79' lang='lat' dir='ltr'>Plotius,</span> <span class='ocrx_word' id='word_1_134' title='bbox 514 1187 584 1217; x_wconf 87' lang='lat' dir='ltr'>Fin.</span> <span class='ocrx_word' id='word_1_135' title='bbox 618 1186 651 1216; x_wconf 89' lang='lat' dir='ltr'>ii.</span> <span class='ocrx_word' id='word_1_136' title='bbox 685 1189 735 1217; x_wconf 86' lang='grc'>18.</span> 
     </span>
     <span class='ocr_line' id='line_1_26' title="bbox 227 1231 526 1269; baseline -0.003 -9"><span class='ocrx_word' id='word_1_137' title='bbox 227 1238 327 1269; x_wconf 74' lang='lat' dir='ltr'>eques</span> <span class='ocrx_word' id='word_1_138' title='bbox 343 1231 526 1260; x_wconf 77' lang='lat' dir='ltr'>Romanus.</span> 
     </span>
    </p>

    <p class='ocr_par' dir='ltr' id='par_1_9' title="bbox 218 1273 959 1357">
     <span class='ocr_line' id='line_1_27' title="bbox 270 1273 959 1315; baseline 0 -11"><span class='ocrx_word' id='word_1_139' title='bbox 270 1274 312 1304; x_wconf 91' lang='lat' dir='ltr'>L.</span> <span class='ocrx_word' id='word_1_140' title='bbox 334 1274 474 1311; x_wconf 78' lang='lat' dir='ltr'>Plotius,</span> <span class='ocrx_word' id='word_1_141' title='bbox 491 1273 589 1304; x_wconf 81' lang='lat' dir='ltr'>Arch.</span> <span class='ocrx_word' id='word_1_142' title='bbox 612 1279 643 1309; x_wconf 85' lang='lat'>9.</span> <span class='ocrx_word' id='word_1_143' title='bbox 667 1277 767 1315; x_wconf 57' lang='lat' dir='ltr'>polta</span> <span class='ocrx_word' id='word_1_144' title='bbox 790 1273 827 1304; x_wconf 92' lang='lat' dir='ltr'>C.</span> <span class='ocrx_word' id='word_1_145' title='bbox 851 1273 959 1304; x_wconf 82' lang='lat' dir='ltr'>Mario</span> 
     </span>
     <span class='ocr_line' id='line_1_28' title="bbox 218 1318 402 1357; baseline 0.011 -11"><span class='ocrx_word' id='word_1_146' title='bbox 218 1318 402 1357; x_wconf 81' lang='lat' dir='ltr'>jucundus.</span> 
     </span>
    </p>

    <p class='ocr_par' dir='ltr' id='par_1_10' title="bbox 226 1361 957 1435">
     <span class='ocr_line' id='line_1_29' title="bbox 270 1361 957 1399; baseline 0.003 -9"><span class='ocrx_word' id='word_1_147' title='bbox 270 1361 367 1399; x_wconf 83' lang='lat' dir='ltr'>Pola,</span> <span class='ocrx_word' id='word_1_148' title='bbox 385 1361 531 1399; x_wconf 72' lang='lat' dir='ltr'>Servius,</span> <span class='ocrx_word' id='word_1_149' title='bbox 548 1361 589 1391; x_wconf 88' lang='lat' dir='ltr'>ad</span> <span class='ocrx_word' id='word_1_150' title='bbox 605 1362 680 1392; x_wconf 78' lang='lat' dir='ltr'>Div.</span> <span class='ocrx_word' id='word_1_151' title='bbox 697 1361 766 1391; x_wconf 83' lang='lat' dir='ltr'>viii.</span> <span class='ocrx_word' id='word_1_152' title='bbox 788 1363 836 1392; x_wconf 71' lang='lat'>12.</span> <span class='ocrx_word' id='word_1_153' title='bbox 859 1371 957 1392; x_wconf 86' lang='lat' dir='ltr'>accu-</span> 
     </span>
     <span class='ocr_line' id='line_1_30' title="bbox 226 1408 326 1435; baseline 0.03 -3"><span class='ocrx_word' id='word_1_154' title='bbox 226 1408 326 1435; x_wconf 70' lang='lat' dir='ltr'>sator.</span> 
     </span>
    </p>

    <p class='ocr_par' dir='ltr' id='par_1_11' title="bbox 267 1448 933 1488">
     <span class='ocr_line' id='line_1_31' title="bbox 267 1448 933 1488; baseline 0 -10"><span class='ocrx_word' id='word_1_155' title='bbox 267 1448 400 1485; x_wconf 73' lang='lat' dir='ltr'>Paleas,</span> <span class='ocrx_word' id='word_1_156' title='bbox 418 1448 509 1479; x_wconf 72' lang='lat' dir='ltr'>verr.</span> <span class='ocrx_word' id='word_1_157' title='bbox 528 1448 570 1479; x_wconf 79' lang='lat' dir='ltr'>iv.</span> <span class='ocrx_word' id='word_1_158' title='bbox 589 1450 639 1478; x_wconf 71' lang='lat'>42.</span> <span class='ocrx_word' id='word_1_159' title='bbox 671 1448 933 1488; x_wconf 82' lang='lat' dir='ltr'>Tyndaritanus.</span> 
     </span>
    </p>

    <p class='ocr_par' dir='ltr' id='par_1_12' title="bbox 223 1491 958 1566">
     <span class='ocr_line' id='line_1_32' title="bbox 270 1491 958 1532; baseline 0.004 -11"><span class='ocrx_word' id='word_1_160' title='bbox 270 1491 517 1529; x_wconf 77' lang='lat' dir='ltr'>Polemarchns,</span> <span class='ocrx_word' id='word_1_161' title='bbox 534 1492 627 1522; x_wconf 90' lang='lat' dir='ltr'>Verr.</span> <span class='ocrx_word' id='word_1_162' title='bbox 649 1493 695 1523; x_wconf 85' lang='lat' dir='ltr'>iii.</span> <span class='ocrx_word' id='word_1_163' title='bbox 719 1495 772 1524; x_wconf 71' lang='lat'>23.</span> <span class='ocrx_word' id='word_1_164' title='bbox 797 1493 958 1532; x_wconf 80' lang='lat' dir='ltr'>Murgen-</span> 
     </span>
     <span class='ocr_line' id='line_1_33' title="bbox 223 1537 331 1566; baseline 0 -1"><span class='ocrx_word' id='word_1_165' title='bbox 223 1537 331 1566; x_wconf 78' lang='lat' dir='ltr'>tinus.</span> 
     </span>
    </p>

    <p class='ocr_par' dir='ltr' id='par_1_13' title="bbox 222 1579 958 1871">
     <span class='ocr_line' id='line_1_34' title="bbox 273 1579 955 1615; baseline 0.001 -6"><span class='ocrx_word' id='word_1_166' title='bbox 273 1580 413 1615; x_wconf 74' lang='lat' dir='ltr'>Polemo,</span> <span class='ocrx_word' id='word_1_167' title='bbox 431 1579 530 1609; x_wconf 83' lang='lat' dir='ltr'>Acad.</span> <span class='ocrx_word' id='word_1_168' title='bbox 555 1580 576 1609; x_wconf 89' lang='lat' dir='ltr'>i.</span> <span class='ocrx_word' id='word_1_169' title='bbox 597 1583 628 1613; x_wconf 89' lang='lat'>9.</span> <span class='ocrx_word' id='word_1_170' title='bbox 652 1579 841 1610; x_wconf 78' lang='lat' dir='ltr'>Acadcmiae</span> <span class='ocrx_word' id='word_1_171' title='bbox 865 1584 955 1610; x_wconf 85' lang='lat' dir='ltr'>vete-</span> 
     </span>
     <span class='ocr_line' id='line_1_35' title="bbox 226 1622 958 1664; baseline -0.001 -11"><span class='ocrx_word' id='word_1_172' title='bbox 226 1624 271 1653; x_wconf 82' lang='lat' dir='ltr'>ris</span> <span class='ocrx_word' id='word_1_173' title='bbox 287 1623 515 1664; x_wconf 72' lang='lat' dir='ltr'>philosophus,</span> <span class='ocrx_word' id='word_1_174' title='bbox 533 1624 567 1653; x_wconf 91' lang='lat' dir='ltr'>in</span> <span class='ocrx_word' id='word_1_175' title='bbox 586 1623 762 1663; x_wconf 78' lang='lat' dir='ltr'>disciplina</span> <span class='ocrx_word' id='word_1_176' title='bbox 785 1622 958 1653; x_wconf 82' lang='lat' dir='ltr'>Platonica</span> 
     </span>
     <span class='ocr_line' id='line_1_36' title="bbox 224 1666 956 1698; baseline 0.001 -2"><span class='ocrx_word' id='word_1_177' title='bbox 224 1666 271 1696; x_wconf 90' lang='lat' dir='ltr'>nil</span> <span class='ocrx_word' id='word_1_178' title='bbox 288 1671 407 1696; x_wconf 86' lang='lat' dir='ltr'>mutat.</span> <span class='ocrx_word' id='word_1_179' title='bbox 426 1668 483 1697; x_wconf 72' lang='lat' dir='ltr'>Ur.</span> <span class='ocrx_word' id='word_1_180' title='bbox 499 1668 544 1697; x_wconf 86' lang='lat' dir='ltr'>iii.</span> <span class='ocrx_word' id='word_1_181' title='bbox 565 1671 612 1698; x_wconf 81' lang='grc'>18.</span> <span class='ocrx_word' id='word_1_182' title='bbox 642 1666 841 1696; x_wconf 78' lang='lat' dir='ltr'>Xenocratis</span> <span class='ocrx_word' id='word_1_183' title='bbox 863 1667 956 1697; x_wconf 89' lang='lat' dir='ltr'>audi-</span> 
     </span>
     <span class='ocr_line' id='line_1_37' title="bbox 222 1710 955 1747; baseline 0.001 -7"><span class='ocrx_word' id='word_1_184' title='bbox 222 1713 288 1747; x_wconf 83' lang='lat' dir='ltr'>tor,</span> <span class='ocrx_word' id='word_1_185' title='bbox 316 1711 362 1740; x_wconf 87' lang='lat' dir='ltr'>nil</span> <span class='ocrx_word' id='word_1_186' title='bbox 391 1711 431 1740; x_wconf 83' lang='lat' dir='ltr'>ab</span> <span class='ocrx_word' id='word_1_187' title='bbox 457 1710 636 1741; x_wconf 72' lang='lat' dir='ltr'>Aristotele</span> <span class='ocrx_word' id='word_1_188' title='bbox 664 1710 831 1741; x_wconf 80' lang='lat' dir='ltr'>dissensit.</span> <span class='ocrx_word' id='word_1_189' title='bbox 854 1710 955 1741; x_wconf 87' lang='lat' dir='ltr'>Acad.</span> 
     </span>
     <span class='ocr_line' id='line_1_38' title="bbox 223 1754 956 1794; baseline 0.001 -11"><span class='ocrx_word' id='word_1_190' title='bbox 223 1754 264 1783; x_wconf 77' lang='lat' dir='ltr'>iv.</span> <span class='ocrx_word' id='word_1_191' title='bbox 281 1756 333 1785; x_wconf 70' lang='lat'>42.</span> <span class='ocrx_word' id='word_1_192' title='bbox 365 1754 435 1791; x_wconf 73' lang='lat' dir='ltr'>ejus</span> <span class='ocrx_word' id='word_1_193' title='bbox 452 1755 588 1794; x_wconf 83' lang='lat' dir='ltr'>scripta.</span> <span class='ocrx_word' id='word_1_194' title='bbox 604 1754 643 1784; x_wconf 82' lang='lat' dir='ltr'>dc</span> <span class='ocrx_word' id='word_1_195' title='bbox 659 1754 731 1784; x_wconf 77' lang='lat' dir='ltr'>Fin.</span> <span class='ocrx_word' id='word_1_196' title='bbox 749 1754 790 1784; x_wconf 90' lang='lat' dir='ltr'>iv.</span> <span class='ocrx_word' id='word_1_197' title='bbox 808 1755 838 1785; x_wconf 89' lang='grc'>6.</span> <span class='ocrx_word' id='word_1_198' title='bbox 865 1764 956 1784; x_wconf 86' lang='lat' dir='ltr'>sum-</span> 
     </span>
     <span class='ocr_line' id='line_1_39' title="bbox 224 1797 955 1838; baseline 0.003 -12"><span class='ocrx_word' id='word_1_199' title='bbox 224 1807 318 1827; x_wconf 84' lang='lat' dir='ltr'>mum</span> <span class='ocrx_word' id='word_1_200' title='bbox 334 1798 460 1828; x_wconf 86' lang='lat' dir='ltr'>bonum</span> <span class='ocrx_word' id='word_1_201' title='bbox 476 1803 589 1838; x_wconf 83' lang='lat' dir='ltr'>putat,</span> <span class='ocrx_word' id='word_1_202' title='bbox 602 1797 787 1828; x_wconf 80' lang='lat' dir='ltr'>secundum</span> <span class='ocrx_word' id='word_1_203' title='bbox 799 1803 955 1828; x_wconf 84' lang='lat' dir='ltr'>naturam</span> 
     </span>
     <span class='ocr_line' id='line_1_40' title="bbox 224 1851 344 1871; baseline 0.017 -2"><span class='ocrx_word' id='word_1_204' title='bbox 224 1851 344 1871; x_wconf 76' lang='lat' dir='ltr'>vivere.</span> 
     </span>
    </p>

    <p class='ocr_par' dir='ltr' id='par_1_14' title="bbox 223 1883 955 1959">
     <span class='ocr_line' id='line_1_41' title="bbox 268 1883 955 1926; baseline 0.003 -12"><span class='ocrx_word' id='word_1_205' title='bbox 268 1885 517 1923; x_wconf 76' lang='lat' dir='ltr'>Polemocrates,</span> <span class='ocrx_word' id='word_1_206' title='bbox 549 1884 656 1915; x_wconf 83' lang='lat' dir='ltr'>Flacc.</span> <span class='ocrx_word' id='word_1_207' title='bbox 694 1888 747 1916; x_wconf 76' lang='lat'>30.</span> <span class='ocrx_word' id='word_1_208' title='bbox 785 1883 955 1926; x_wconf 80' lang='lat' dir='ltr'>Apolloni-</span> 
     </span>
     <span class='ocr_line' id='line_1_42' title="bbox 223 1928 356 1959; baseline 0.008 -1"><span class='ocrx_word' id='word_1_209' title='bbox 223 1928 356 1959; x_wconf 75' lang='lat' dir='ltr'>diensis.</span> 
     </span>
    </p>

    <p class='ocr_par' dir='ltr' id='par_1_15' title="bbox 266 1972 780 2009">
     <span class='ocr_line' id='line_1_43' title="bbox 266 1972 780 2009; baseline 0 -7"><span class='ocrx_word' id='word_1_210' title='bbox 266 1973 375 2009; x_wconf 87' lang='lat' dir='ltr'>Poles,</span> <span class='ocrx_word' id='word_1_211' title='bbox 392 1972 498 2003; x_wconf 83' lang='lat' dir='ltr'>Flacc.</span> <span class='ocrx_word' id='word_1_212' title='bbox 520 1975 568 2004; x_wconf 80' lang='grc'>18.</span> <span class='ocrx_word' id='word_1_213' title='bbox 595 1972 780 2003; x_wconf 82' lang='lat' dir='ltr'>Temnites.</span> 
     </span>
    </p>

    <p class='ocr_par' dir='ltr' id='par_1_16' title="bbox 218 2016 955 2222">
     <span class='ocr_line' id='line_1_44' title="bbox 265 2016 955 2056; baseline 0 -10"><span class='ocrx_word' id='word_1_214' title='bbox 265 2016 372 2053; x_wconf 83' lang='lat' dir='ltr'>Potes,</span> <span class='ocrx_word' id='word_1_215' title='bbox 390 2017 470 2056; x_wconf 79' lang='lat' dir='ltr'>Leg.</span> <span class='ocrx_word' id='word_1_216' title='bbox 494 2016 527 2047; x_wconf 88' lang='lat' dir='ltr'>ii.</span> <span class='ocrx_word' id='word_1_217' title='bbox 556 2020 604 2047; x_wconf 77' lang='lat'>13.</span> <span class='ocrx_word' id='word_1_218' title='bbox 628 2026 746 2056; x_wconf 78' lang='lat' dir='ltr'>augur.</span> <span class='ocrx_word' id='word_1_219' title='bbox 769 2016 826 2046; x_wconf 83' lang='lat' dir='ltr'>sed</span> <span class='ocrx_word' id='word_1_220' title='bbox 847 2016 955 2048; x_wconf 73' lang='lat' dir='ltr'>Davi-</span> 
     </span>
     <span class='ocr_line' id='line_1_45' title="bbox 218 2060 953 2100; baseline -0.001 -10"><span class='ocrx_word' id='word_1_221' title='bbox 218 2061 316 2090; x_wconf 79' lang='lat' dir='ltr'>siana</span> <span class='ocrx_word' id='word_1_222' title='bbox 346 2061 439 2090; x_wconf 80' lang='lat' dir='ltr'>habel</span> <span class='ocrx_word' id='word_1_223' title='bbox 475 2060 643 2099; x_wconf 73' lang='lat' dir='ltr'>Polyidus.</span> <span class='ocrx_word' id='word_1_224' title='bbox 684 2060 790 2089; x_wconf 84' lang='lat' dir='ltr'>Polles</span> <span class='ocrx_word' id='word_1_225' title='bbox 819 2061 953 2100; x_wconf 81' lang='lat' dir='ltr'>quidam</span> 
     </span>
     <span class='ocr_line' id='line_1_46' title="bbox 218 2103 952 2143; baseline 0.003 -10"><span class='ocrx_word' id='word_1_226' title='bbox 218 2109 489 2134; x_wconf 77' lang='lat' dir='ltr'>commemoratur</span> <span class='ocrx_word' id='word_1_227' title='bbox 503 2104 595 2143; x_wconf 76' lang='lat' dir='ltr'>apud</span> <span class='ocrx_word' id='word_1_228' title='bbox 610 2104 749 2134; x_wconf 83' lang='lat' dir='ltr'>Suidam</span> <span class='ocrx_word' id='word_1_229' title='bbox 765 2106 799 2133; x_wconf 80' lang='lat' dir='ltr'>in</span> <span class='ocrx_word' id='word_1_230' title='bbox 817 2103 952 2137; x_wconf 70' lang='grc' dir='ltr'><strong>Πέλλης.</strong></span> 
     </span>
     <span class='ocr_line' id='line_1_47' title="bbox 220 2145 952 2188; baseline 0.001 -11"><span class='ocrx_word' id='word_1_231' title='bbox 220 2147 375 2187; x_wconf 80' lang='lat' dir='ltr'>Polyidus</span> <span class='ocrx_word' id='word_1_232' title='bbox 391 2148 481 2188; x_wconf 80' lang='lat' dir='ltr'>apud</span> <span class='ocrx_word' id='word_1_233' title='bbox 503 2147 686 2178; x_wconf 78' lang='lat' dir='ltr'>Homerum</span> <span class='ocrx_word' id='word_1_234' title='bbox 710 2147 810 2178; x_wconf 80' lang='lat' dir='ltr'>Iliad.</span> <span class='ocrx_word' id='word_1_235' title='bbox 827 2145 857 2177; x_wconf 79' lang='grc' dir='ltr'>ε’.</span> <span class='ocrx_word' id='word_1_236' title='bbox 882 2150 952 2178; x_wconf 72' lang='grc'><strong>148.</strong></span> 
     </span>
     <span class='ocr_line' id='line_1_48' title="bbox 222 2190 512 2222; baseline 0 -1"><span class='ocrx_word' id='word_1_237' title='bbox 222 2196 253 2221; x_wconf 77' lang='lat' dir='ltr'>et</span> <span class='ocrx_word' id='word_1_238' title='bbox 269 2192 306 2221; x_wconf 73' lang='lat' dir='ltr'>tle</span> <span class='ocrx_word' id='word_1_239' title='bbox 322 2190 403 2222; x_wconf 73' lang='lat' dir='ltr'>Dio.</span> <span class='ocrx_word' id='word_1_240' title='bbox 421 2192 442 2221; x_wconf 92' lang='lat' dir='ltr'>i.</span> <span class='ocrx_word' id='word_1_241' title='bbox 458 2194 512 2221; x_wconf 84' lang='lat'>40.</span> 
     </span>
    </p>

    <p class='ocr_par' dir='ltr' id='par_1_17' title="bbox 220 2234 952 2315">
     <span class='ocr_line' id='line_1_49' title="bbox 264 2234 952 2270; baseline 0.001 -6"><span class='ocrx_word' id='word_1_242' title='bbox 264 2235 376 2270; x_wconf 81' lang='lat' dir='ltr'>Polla,</span> <span class='ocrx_word' id='word_1_243' title='bbox 406 2235 448 2265; x_wconf 89' lang='lat' dir='ltr'>ad</span> <span class='ocrx_word' id='word_1_244' title='bbox 484 2235 561 2265; x_wconf 83' lang='lat' dir='ltr'>Div.</span> <span class='ocrx_word' id='word_1_245' title='bbox 594 2235 637 2264; x_wconf 86' lang='lat' dir='ltr'>xi.</span> <span class='ocrx_word' id='word_1_246' title='bbox 670 2237 699 2264; x_wconf 81' lang='grc'>8.</span> <span class='ocrx_word' id='word_1_247' title='bbox 740 2239 786 2264; x_wconf 83' lang='lat' dir='ltr'>est</span> <span class='ocrx_word' id='word_1_248' title='bbox 817 2234 952 2265; x_wconf 79' lang='lat' dir='ltr'>Valeria</span> 
     </span>
     <span class='ocr_line' id='line_1_50' title="bbox 220 2277 655 2315; baseline 0 -7"><span class='ocrx_word' id='word_1_249' title='bbox 220 2277 362 2315; x_wconf 86' lang='lat' dir='ltr'>Paulla,</span> <span class='ocrx_word' id='word_1_250' title='bbox 378 2277 426 2308; x_wconf 92' lang='lat' dir='ltr'>D.</span> <span class='ocrx_word' id='word_1_251' title='bbox 444 2279 546 2309; x_wconf 82' lang='lat' dir='ltr'>Bruti</span> <span class='ocrx_word' id='word_1_252' title='bbox 563 2287 655 2308; x_wconf 66' lang='lat' dir='ltr'>uxor.</span> 
     </span>
    </p>

    <p class='ocr_par' dir='ltr' id='par_1_18' title="bbox 217 2321 952 2448">
     <span class='ocr_line' id='line_1_51' title="bbox 264 2321 949 2357; baseline 0 -5"><span class='ocrx_word' id='word_1_253' title='bbox 264 2322 392 2357; x_wconf 65' lang='lat' dir='ltr'>Pollex,</span> <span class='ocrx_word' id='word_1_254' title='bbox 417 2322 458 2351; x_wconf 88' lang='lat' dir='ltr'>ad</span> <span class='ocrx_word' id='word_1_255' title='bbox 482 2322 557 2352; x_wconf 82' lang='lat' dir='ltr'>Div.</span> <span class='ocrx_word' id='word_1_256' title='bbox 582 2322 646 2351; x_wconf 84' lang='lat' dir='ltr'>xiv.</span> <span class='ocrx_word' id='word_1_257' title='bbox 671 2322 701 2351; x_wconf 94' lang='lat'>6.</span> <span class='ocrx_word' id='word_1_258' title='bbox 736 2321 807 2351; x_wconf 80' lang='lat' dir='ltr'>Att.</span> <span class='ocrx_word' id='word_1_259' title='bbox 832 2323 899 2352; x_wconf 77' lang='lat' dir='ltr'>viii.</span> <span class='ocrx_word' id='word_1_260' title='bbox 920 2326 949 2353; x_wconf 86' lang='lat'>5.</span> 
     </span>
     <span class='ocr_line' id='line_1_52' title="bbox 217 2365 952 2397; baseline 0.003 -2"><span class='ocrx_word' id='word_1_261' title='bbox 217 2365 261 2395; x_wconf 82' lang='lat' dir='ltr'>xi.</span> <span class='ocrx_word' id='word_1_262' title='bbox 285 2368 315 2396; x_wconf 90' lang='lat'>4.</span> <span class='ocrx_word' id='word_1_263' title='bbox 353 2375 465 2396; x_wconf 70' lang='lat' dir='ltr'>servus</span> <span class='ocrx_word' id='word_1_264' title='bbox 499 2366 666 2396; x_wconf 70' lang='lat' dir='ltr'>Ciceronis.</span> <span class='ocrx_word' id='word_1_265' title='bbox 704 2365 769 2395; x_wconf 76' lang='lat' dir='ltr'>Sed</span> <span class='ocrx_word' id='word_1_266' title='bbox 804 2366 952 2397; x_wconf 66' lang='lat' dir='ltr'>Gravius</span> 
     </span>
     <span class='ocr_line' id='line_1_53' title="bbox 217 2409 576 2448; baseline 0 -9"><span class='ocrx_word' id='word_1_267' title='bbox 217 2411 297 2448; x_wconf 76' lang='lat' dir='ltr'>legit</span> <span class='ocrx_word' id='word_1_268' title='bbox 314 2409 442 2439; x_wconf 87' lang='lat' dir='ltr'>Pollux.</span> <span class='ocrx_word' id='word_1_269' title='bbox 461 2420 490 2439; x_wconf 73' lang='grc' dir='ltr'>ν.</span> <span class='ocrx_word' id='word_1_270' title='bbox 506 2414 576 2439; x_wconf 83' lang='lat' dir='ltr'>not.</span> 
     </span>
    </p>

    <p class='ocr_par' dir='ltr' id='par_1_19' title="bbox 215 2452 949 2535">
     <span class='ocr_line' id='line_1_54' title="bbox 261 2452 949 2489; baseline 0.003 -7"><span class='ocrx_word' id='word_1_271' title='bbox 261 2453 378 2489; x_wconf 83' lang='lat' dir='ltr'>Pollio,</span> <span class='ocrx_word' id='word_1_272' title='bbox 396 2453 437 2482; x_wconf 92' lang='lat' dir='ltr'>ad</span> <span class='ocrx_word' id='word_1_273' title='bbox 453 2453 529 2483; x_wconf 86' lang='lat' dir='ltr'>Div.</span> <span class='ocrx_word' id='word_1_274' title='bbox 546 2453 567 2482; x_wconf 87' lang='lat' dir='ltr'>i.</span> <span class='ocrx_word' id='word_1_275' title='bbox 585 2453 615 2482; x_wconf 83' lang='lat'>6.</span> <span class='ocrx_word' id='word_1_276' title='bbox 639 2452 684 2481; x_wconf 87' lang='lat' dir='ltr'>ix.</span> <span class='ocrx_word' id='word_1_277' title='bbox 700 2453 752 2482; x_wconf 68' lang='lat'>95.</span> <span class='ocrx_word' id='word_1_278' title='bbox 779 2452 823 2482; x_wconf 80' lang='lat' dir='ltr'>xi.</span> <span class='ocrx_word' id='word_1_279' title='bbox 841 2457 871 2487; x_wconf 88' lang='grc'>9.</span> <span class='ocrx_word' id='word_1_280' title='bbox 891 2454 949 2484; x_wconf 83' lang='lat' dir='ltr'>&amp;c.</span> 
     </span>
     <span class='ocr_line' id='line_1_55' title="bbox 215 2497 776 2535; baseline -0.002 -9"><span class='ocrx_word' id='word_1_281' title='bbox 215 2506 389 2535; x_wconf 76' lang='lat' dir='ltr'>cognomen</span> <span class='ocrx_word' id='word_1_282' title='bbox 404 2497 520 2533; x_wconf 82' lang='lat' dir='ltr'>Asinii,</span> <span class='ocrx_word' id='word_1_283' title='bbox 537 2497 576 2525; x_wconf 71' lang='lat' dir='ltr'>tle</span> <span class='ocrx_word' id='word_1_284' title='bbox 589 2506 650 2535; x_wconf 80' lang='lat' dir='ltr'>quo</span> <span class='ocrx_word' id='word_1_285' title='bbox 664 2506 776 2535; x_wconf 75' lang='lat' dir='ltr'>supra.</span> 
     </span>
    </p>

    <p class='ocr_par' dir='ltr' id='par_1_20' title="bbox 216 2539 949 2623">
     <span class='ocr_line' id='line_1_56' title="bbox 265 2539 947 2578; baseline 0.001 -8"><span class='ocrx_word' id='word_1_286' title='bbox 265 2540 397 2576; x_wconf 55' lang='lat' dir='ltr'>Pollux,</span> <span class='ocrx_word' id='word_1_287' title='bbox 410 2540 486 2570; x_wconf 83' lang='lat' dir='ltr'>Div.</span> <span class='ocrx_word' id='word_1_288' title='bbox 504 2541 524 2569; x_wconf 92' lang='lat' dir='ltr'>i.</span> <span class='ocrx_word' id='word_1_289' title='bbox 542 2542 594 2570; x_wconf 78' lang='lat'>43.</span> <span class='ocrx_word' id='word_1_290' title='bbox 618 2540 689 2578; x_wconf 77' lang='lat' dir='ltr'>ejus</span> <span class='ocrx_word' id='word_1_291' title='bbox 702 2539 787 2569; x_wconf 77' lang='lat' dir='ltr'>aedes</span> <span class='ocrx_word' id='word_1_292' title='bbox 798 2539 947 2571; x_wconf 76' lang='lat' dir='ltr'>Tusculi.</span> 
     </span>
     <span class='ocr_line' id='line_1_57' title="bbox 216 2583 949 2623; baseline 0.003 -10"><span class='ocrx_word' id='word_1_293' title='bbox 216 2584 295 2613; x_wconf 87' lang='lat' dir='ltr'>ibid.</span> <span class='ocrx_word' id='word_1_294' title='bbox 309 2587 361 2614; x_wconf 73' lang='lat'>34.</span> <span class='ocrx_word' id='word_1_295' title='bbox 375 2584 445 2621; x_wconf 81' lang='lat' dir='ltr'>ejus</span> <span class='ocrx_word' id='word_1_296' title='bbox 457 2583 554 2613; x_wconf 84' lang='lat' dir='ltr'>stella</span> <span class='ocrx_word' id='word_1_297' title='bbox 566 2593 665 2612; x_wconf 77' lang='lat' dir='ltr'>aurea</span> <span class='ocrx_word' id='word_1_298' title='bbox 678 2583 817 2623; x_wconf 79' lang='lat' dir='ltr'>Delphis</span> <span class='ocrx_word' id='word_1_299' title='bbox 830 2585 949 2622; x_wconf 80' lang='lat' dir='ltr'>posita.</span> 
     </span>
    </p>

    <p class='ocr_par' dir='ltr' id='par_1_21' title="bbox 212 2626 949 2788">
     <span class='ocr_line' id='line_1_58' title="bbox 260 2626 949 2666; baseline 0.001 -9"><span class='ocrx_word' id='word_1_300' title='bbox 260 2626 447 2666; x_wconf 75' lang='lat' dir='ltr'>Polyoenus,</span> <span class='ocrx_word' id='word_1_301' title='bbox 479 2628 549 2657; x_wconf 86' lang='lat' dir='ltr'>Fin.</span> <span class='ocrx_word' id='word_1_302' title='bbox 582 2628 602 2656; x_wconf 91' lang='lat' dir='ltr'>i.</span> <span class='ocrx_word' id='word_1_303' title='bbox 633 2627 662 2656; x_wconf 93' lang='lat'>6.</span> <span class='ocrx_word' id='word_1_304' title='bbox 693 2626 794 2656; x_wconf 76' lang='lat' dir='ltr'>Acad.</span> <span class='ocrx_word' id='word_1_305' title='bbox 824 2627 866 2656; x_wconf 85' lang='lat' dir='ltr'>iv.</span> <span class='ocrx_word' id='word_1_306' title='bbox 896 2630 949 2658; x_wconf 83' lang='lat'>33.</span> 
     </span>
     <span class='ocr_line' id='line_1_59' title="bbox 214 2670 947 2710; baseline 0 -10"><span class='ocrx_word' id='word_1_307' title='bbox 214 2670 395 2701; x_wconf 75' lang='lat' dir='ltr'>Geometra</span> <span class='ocrx_word' id='word_1_308' title='bbox 421 2671 575 2710; x_wconf 82' lang='lat' dir='ltr'>insignis,</span> <span class='ocrx_word' id='word_1_309' title='bbox 601 2671 735 2710; x_wconf 82' lang='lat' dir='ltr'>Epicuri</span> <span class='ocrx_word' id='word_1_310' title='bbox 761 2670 947 2708; x_wconf 82' lang='lat' dir='ltr'>familiaris,</span> 
     </span>
     <span class='ocr_line' id='line_1_60' title="bbox 213 2713 948 2754; baseline 0 -10"><span class='ocrx_word' id='word_1_311' title='bbox 213 2713 359 2754; x_wconf 83' lang='lat' dir='ltr'>Epicuro</span> <span class='ocrx_word' id='word_1_312' title='bbox 384 2724 536 2744; x_wconf 77' lang='lat' dir='ltr'>assensus</span> <span class='ocrx_word' id='word_1_313' title='bbox 555 2718 620 2752; x_wconf 81' lang='lat' dir='ltr'>cst,</span> <span class='ocrx_word' id='word_1_314' title='bbox 634 2718 744 2743; x_wconf 77' lang='lat' dir='ltr'>totam</span> <span class='ocrx_word' id='word_1_315' title='bbox 761 2714 948 2744; x_wconf 87' lang='lat' dir='ltr'>Geometri-</span> 
     </span>
     <span class='ocr_line' id='line_1_61' title="bbox 212 2758 499 2788; baseline 0 -2"><span class='ocrx_word' id='word_1_316' title='bbox 212 2767 266 2787; x_wconf 77' lang='lat' dir='ltr'>am</span> <span class='ocrx_word' id='word_1_317' title='bbox 283 2758 401 2788; x_wconf 78' lang='lat' dir='ltr'>falsam</span> <span class='ocrx_word' id='word_1_318' title='bbox 418 2768 499 2788; x_wconf 79' lang='lat' dir='ltr'>esse.</span> 
     </span>
    </p>

    <p class='ocr_par' dir='ltr' id='par_1_22' title="bbox 211 2801 946 2920">
     <span class='ocr_line' id='line_1_62' title="bbox 257 2801 945 2840; baseline 0.003 -10"><span class='ocrx_word' id='word_1_319' title='bbox 257 2801 425 2840; x_wconf 69' lang='lat' dir='ltr'>Polybius,</span> <span class='ocrx_word' id='word_1_320' title='bbox 439 2802 607 2832; x_wconf 54' lang='lat' dir='ltr'>aleivw.</span> <span class='ocrx_word' id='word_1_321' title='bbox 629 2802 676 2830; x_wconf 73' lang='lat'>1⁶2.</span> <span class='ocrx_word' id='word_1_322' title='bbox 700 2801 945 2832; x_wconf 63' lang='lat' dir='ltr'>Numantinum</span> 
     </span>
     <span class='ocr_line' id='line_1_63' title="bbox 211 2844 946 2886; baseline 0.004 -13"><span class='ocrx_word' id='word_1_323' title='bbox 211 2844 337 2875; x_wconf 72' lang='lat' dir='ltr'>bellum</span> <span class='ocrx_word' id='word_1_324' title='bbox 365 2846 507 2886; x_wconf 70' lang='lat' dir='ltr'>scripsit.</span> <span class='ocrx_word' id='word_1_325' title='bbox 533 2845 574 2875; x_wconf 83' lang='lat' dir='ltr'>cf.</span> <span class='ocrx_word' id='word_1_326' title='bbox 599 2845 694 2876; x_wconf 78' lang='lat' dir='ltr'>Offic.</span> <span class='ocrx_word' id='word_1_327' title='bbox 719 2845 765 2875; x_wconf 86' lang='lat' dir='ltr'>iii.</span> <span class='ocrx_word' id='word_1_328' title='bbox 790 2847 842 2877; x_wconf 68' lang='lat'>32.</span> <span class='ocrx_word' id='word_1_329' title='bbox 872 2845 946 2876; x_wconf 74' lang='lat' dir='ltr'>Att.</span> 
     </span>
     <span class='ocr_line' id='line_1_64' title="bbox 211 2889 350 2920; baseline 0 -1"><span class='ocrx_word' id='word_1_330' title='bbox 211 2889 282 2919; x_wconf 78' lang='lat' dir='ltr'>xiii.</span> <span class='ocrx_word' id='word_1_331' title='bbox 297 2892 350 2920; x_wconf 78' lang='lat'>30.</span> 
     </span>
    </p>
   </div>
   <div class='ocr_carea' id='block_1_3' title="bbox 778 1187 959 1224">
    <p class='ocr_par' dir='ltr' id='par_1_23' title="bbox 778 1187 959 1224">
     <span class='ocr_line' id='line_1_65' title="bbox 778 1187 959 1224; baseline 0.006 -8"><span class='ocrx_word' id='word_1_332' title='bbox 778 1187 959 1224; x_wconf 85' lang='lat' dir='ltr'>Nursinus,</span> 
     </span>
    </p>
   </div>
   <div class='ocr_carea' id='block_1_4' title="bbox 758 97 1215 128">
    <p class='ocr_par' dir='ltr' id='par_1_24' title="bbox 758 97 1215 128">
     <span class='ocr_line' id='line_1_66' title="bbox 758 97 1215 128; baseline 0 -2"><span class='ocrx_word' id='word_1_333' title='bbox 758 97 904 127; x_wconf 80' lang='lat' dir='ltr'>INDEX</span> <span class='ocrx_word' id='word_1_334' title='bbox 935 98 1215 128; x_wconf 71' lang='lat' dir='ltr'>fflsromcus.</span> 
     </span>
    </p>
   </div>
   <div class='ocr_carea' id='block_1_5' title="bbox 1006 188 1739 564">
    <p class='ocr_par' dir='ltr' id='par_1_25' title="bbox 1008 188 1572 262">
     <span class='ocr_line' id='line_1_67' title="bbox 1053 188 1572 228; baseline 0.002 -9"><span class='ocrx_word' id='word_1_335' title='bbox 1053 188 1309 228; x_wconf 78' lang='lat' dir='ltr'>Polycharmus,</span> <span class='ocrx_word' id='word_1_336' title='bbox 1339 188 1412 219; x_wconf 84' lang='lat' dir='ltr'>Att.</span> <span class='ocrx_word' id='word_1_337' title='bbox 1450 198 1481 219; x_wconf 71' lang='grc' dir='ltr'>ν.</span> <span class='ocrx_word' id='word_1_338' title='bbox 1523 193 1572 220; x_wconf 90' lang='lat'>11.</span> 
     </span>
     <span class='ocr_line' id='line_1_68' title="bbox 1008 230 1277 262; baseline 0 -1"><span class='ocrx_word' id='word_1_339' title='bbox 1008 230 1277 262; x_wconf 70' lang='lat' dir='ltr'>Atheniensium.</span> 
     </span>
    </p>

    <p class='ocr_par' dir='ltr' id='par_1_26' title="bbox 1006 273 1739 446">
     <span class='ocr_line' id='line_1_69' title="bbox 1052 273 1739 314; baseline 0.004 -11"><span class='ocrx_word' id='word_1_340' title='bbox 1052 273 1252 314; x_wconf 70' lang='lat' dir='ltr'>Polycletus,</span> <span class='ocrx_word' id='word_1_341' title='bbox 1269 274 1362 305; x_wconf 81' lang='lat' dir='ltr'>Verr.</span> <span class='ocrx_word' id='word_1_342' title='bbox 1380 276 1422 305; x_wconf 87' lang='lat' dir='ltr'>iv.</span> <span class='ocrx_word' id='word_1_343' title='bbox 1439 279 1470 307; x_wconf 87' lang='lat'>3.</span> <span class='ocrx_word' id='word_1_344' title='bbox 1494 276 1613 307; x_wconf 89' lang='lat' dir='ltr'>nobilis</span> <span class='ocrx_word' id='word_1_345' title='bbox 1630 281 1739 307; x_wconf 86' lang='lat' dir='ltr'>statu-</span> 
     </span>
     <span class='ocr_line' id='line_1_70' title="bbox 1007 318 1737 350; baseline 0.003 -4"><span class='ocrx_word' id='word_1_346' title='bbox 1007 318 1107 347; x_wconf 81' lang='lat' dir='ltr'>arius.</span> <span class='ocrx_word' id='word_1_347' title='bbox 1124 319 1181 348; x_wconf 84' lang='lat' dir='ltr'>Or.</span> <span class='ocrx_word' id='word_1_348' title='bbox 1197 319 1230 348; x_wconf 91' lang='lat' dir='ltr'>ii.</span> <span class='ocrx_word' id='word_1_349' title='bbox 1252 319 1299 349; x_wconf 88' lang='lat'>16.</span> <span class='ocrx_word' id='word_1_350' title='bbox 1320 318 1501 350; x_wconf 86' lang='lat' dir='ltr'>Herculem</span> <span class='ocrx_word' id='word_1_351' title='bbox 1520 320 1626 350; x_wconf 85' lang='lat' dir='ltr'>finxit.</span> <span class='ocrx_word' id='word_1_352' title='bbox 1642 320 1737 350; x_wconf 85' lang='lat' dir='ltr'>Brut.</span> 
     </span>
     <span class='ocr_line' id='line_1_71' title="bbox 1008 361 1739 404; baseline 0.005 -14"><span class='ocrx_word' id='word_1_353' title='bbox 1008 361 1059 391; x_wconf 75' lang='lat'>86.</span> <span class='ocrx_word' id='word_1_354' title='bbox 1083 362 1153 401; x_wconf 84' lang='lat' dir='ltr'>ejus</span> <span class='ocrx_word' id='word_1_355' title='bbox 1171 361 1397 402; x_wconf 80' lang='lat' dir='ltr'>Doryphorus.</span> <span class='ocrx_word' id='word_1_356' title='bbox 1420 363 1520 393; x_wconf 87' lang='lat' dir='ltr'>Tusc.</span> <span class='ocrx_word' id='word_1_357' title='bbox 1538 364 1559 394; x_wconf 91' lang='lat' dir='ltr'>i.</span> <span class='ocrx_word' id='word_1_358' title='bbox 1576 366 1606 395; x_wconf 74' lang='lat'>2.</span> <span class='ocrx_word' id='word_1_359' title='bbox 1629 364 1739 404; x_wconf 87' lang='lat' dir='ltr'>pictor</span> 
     </span>
     <span class='ocr_line' id='line_1_72' title="bbox 1006 406 1506 446; baseline 0.008 -13"><span class='ocrx_word' id='word_1_360' title='bbox 1006 408 1041 433; x_wconf 88' lang='lat' dir='ltr'>et</span> <span class='ocrx_word' id='word_1_361' title='bbox 1058 406 1251 435; x_wconf 60' lang='lat' dir='ltr'>statuarius</span> <span class='ocrx_word' id='word_1_362' title='bbox 1268 416 1297 435; x_wconf 87' lang='lat' dir='ltr'>v.</span> <span class='ocrx_word' id='word_1_363' title='bbox 1314 406 1437 437; x_wconf 81' lang='lat' dir='ltr'>Davies</span> <span class='ocrx_word' id='word_1_364' title='bbox 1451 406 1506 446; x_wconf 62' lang='lat' dir='ltr'>&amp;a</span> 
     </span>
    </p>

    <p class='ocr_par' dir='ltr' id='par_1_27' title="bbox 1006 447 1736 564">
     <span class='ocr_line' id='line_1_73' title="bbox 1051 447 1736 487; baseline 0.004 -11"><span class='ocrx_word' id='word_1_365' title='bbox 1051 447 1243 487; x_wconf 69' lang='lat' dir='ltr'>Polycrates</span> <span class='ocrx_word' id='word_1_366' title='bbox 1267 448 1413 486; x_wconf 81' lang='lat' dir='ltr'>Samius,</span> <span class='ocrx_word' id='word_1_367' title='bbox 1430 450 1499 480; x_wconf 81' lang='lat' dir='ltr'>Fin.</span> <span class='ocrx_word' id='word_1_368' title='bbox 1515 461 1544 479; x_wconf 88' lang='lat' dir='ltr'>v.</span> <span class='ocrx_word' id='word_1_369' title='bbox 1569 454 1620 480; x_wconf 89' lang='lat'>30.</span> <span class='ocrx_word' id='word_1_370' title='bbox 1653 449 1736 480; x_wconf 91' lang='lat' dir='ltr'>nihil</span> 
     </span>
     <span class='ocr_line' id='line_1_74' title="bbox 1006 490 1734 533; baseline 0.005 -14"><span class='ocrx_word' id='word_1_371' title='bbox 1006 490 1132 521; x_wconf 83' lang='lat' dir='ltr'>adversi</span> <span class='ocrx_word' id='word_1_372' title='bbox 1148 496 1303 533; x_wconf 81' lang='lat' dir='ltr'>expertus</span> <span class='ocrx_word' id='word_1_373' title='bbox 1319 498 1382 530; x_wconf 84' lang='lat' dir='ltr'>est,</span> <span class='ocrx_word' id='word_1_374' title='bbox 1396 494 1456 523; x_wconf 84' lang='lat' dir='ltr'>nisi</span> <span class='ocrx_word' id='word_1_375' title='bbox 1469 493 1557 533; x_wconf 87' lang='lat' dir='ltr'>quod</span> <span class='ocrx_word' id='word_1_376' title='bbox 1572 493 1734 523; x_wconf 85' lang='lat' dir='ltr'>annulum</span> 
     </span>
     <span class='ocr_line' id='line_1_75' title="bbox 1007 534 1132 564; baseline 0.008 -1"><span class='ocrx_word' id='word_1_377' title='bbox 1007 534 1132 564; x_wconf 78' lang='lat' dir='ltr'>amisit.</span> 
     </span>
    </p>
   </div>
   <div class='ocr_carea' id='block_1_6' title="bbox 1617 197 1740 231">
    <p class='ocr_par' dir='ltr' id='par_1_28' title="bbox 1617 197 1740 231">
     <span class='ocr_line' id='line_1_76' title="bbox 1617 197 1740 231; baseline 0 -11"><span class='ocrx_word' id='word_1_378' title='bbox 1617 197 1740 231; x_wconf 80' lang='lat' dir='ltr'>praetor</span> 
     </span>
    </p>
   </div>
   <div class='ocr_carea' id='block_1_7' title="bbox 990 577 1736 2930">
    <p class='ocr_par' dir='ltr' id='par_1_29' title="bbox 1001 577 1736 702">
     <span class='ocr_line' id='line_1_77' title="bbox 1049 577 1736 617; baseline 0.004 -10"><span class='ocrx_word' id='word_1_379' title='bbox 1049 577 1245 617; x_wconf 79' lang='lat' dir='ltr'>Polydorus,</span> <span class='ocrx_word' id='word_1_380' title='bbox 1261 579 1318 610; x_wconf 83' lang='lat' dir='ltr'>Or.</span> <span class='ocrx_word' id='word_1_381' title='bbox 1337 579 1382 609; x_wconf 90' lang='lat' dir='ltr'>iii.</span> <span class='ocrx_word' id='word_1_382' title='bbox 1401 583 1452 610; x_wconf 75' lang='lat'>58.</span> <span class='ocrx_word' id='word_1_383' title='bbox 1477 580 1599 609; x_wconf 81' lang='lat' dir='ltr'>Priami</span> <span class='ocrx_word' id='word_1_384' title='bbox 1616 590 1653 609; x_wconf 85' lang='lat' dir='ltr'>ex</span> <span class='ocrx_word' id='word_1_385' title='bbox 1669 580 1736 610; x_wconf 71' lang='lat' dir='ltr'>He-</span> 
     </span>
     <span class='ocr_line' id='line_1_78' title="bbox 1005 620 1735 662; baseline 0.003 -12"><span class='ocrx_word' id='word_1_386' title='bbox 1005 621 1090 651; x_wconf 83' lang='lat' dir='ltr'>cuba</span> <span class='ocrx_word' id='word_1_387' title='bbox 1106 623 1264 652; x_wconf 87' lang='lat' dir='ltr'>minimus</span> <span class='ocrx_word' id='word_1_388' title='bbox 1282 623 1381 660; x_wconf 83' lang='lat' dir='ltr'>filius,</span> <span class='ocrx_word' id='word_1_389' title='bbox 1399 623 1436 653; x_wconf 85' lang='lat' dir='ltr'>de</span> <span class='ocrx_word' id='word_1_390' title='bbox 1451 620 1639 662; x_wconf 69' lang='lat' dir='ltr'>cujusjatis</span> <span class='ocrx_word' id='word_1_391' title='bbox 1657 623 1735 652; x_wconf 72' lang='grc' dir='ltr'>Γίν-</span> 
     </span>
     <span class='ocr_line' id='line_1_79' title="bbox 1001 665 1736 702; baseline 0.003 -8"><span class='ocrx_word' id='word_1_392' title='bbox 1001 666 1062 702; x_wconf 79' lang='lat' dir='ltr'>gil.</span> <span class='ocrx_word' id='word_1_393' title='bbox 1078 665 1164 696; x_wconf 90' lang='lat' dir='ltr'>AEn.</span> <span class='ocrx_word' id='word_1_394' title='bbox 1180 666 1224 695; x_wconf 89' lang='lat' dir='ltr'>iii.</span> <span class='ocrx_word' id='word_1_395' title='bbox 1241 669 1292 699; x_wconf 83' lang='lat'>49.</span> <span class='ocrx_word' id='word_1_396' title='bbox 1317 671 1347 696; x_wconf 80' lang='lat' dir='ltr'>et</span> <span class='ocrx_word' id='word_1_397' title='bbox 1367 666 1458 696; x_wconf 75' lang='lat' dir='ltr'>Ovirl.</span> <span class='ocrx_word' id='word_1_398' title='bbox 1475 665 1556 696; x_wconf 79' lang='lat' dir='ltr'>Met.</span> <span class='ocrx_word' id='word_1_399' title='bbox 1575 667 1642 696; x_wconf 87' lang='lat' dir='ltr'>xiii.</span> <span class='ocrx_word' id='word_1_400' title='bbox 1664 668 1736 696; x_wconf 71' lang='lat' dir='ltr'>init.</span> 
     </span>
    </p>

    <p class='ocr_par' dir='ltr' id='par_1_30' title="bbox 998 708 1736 922">
     <span class='ocr_line' id='line_1_80' title="bbox 1049 708 1735 749; baseline 0.003 -11"><span class='ocrx_word' id='word_1_401' title='bbox 1049 708 1262 747; x_wconf 76' lang='lat' dir='ltr'>Polygnotus,</span> <span class='ocrx_word' id='word_1_402' title='bbox 1273 709 1367 739; x_wconf 83' lang='lat' dir='ltr'>Brut.</span> <span class='ocrx_word' id='word_1_403' title='bbox 1388 713 1435 740; x_wconf 81' lang='lat'>18.</span> <span class='ocrx_word' id='word_1_404' title='bbox 1450 711 1568 749; x_wconf 83' lang='lat' dir='ltr'>pictor,</span> <span class='ocrx_word' id='word_1_405' title='bbox 1582 710 1735 747; x_wconf 77' lang='lat' dir='ltr'>Thasius,</span> 
     </span>
     <span class='ocr_line' id='line_1_81' title="bbox 1002 752 1736 792; baseline 0.004 -11"><span class='ocrx_word' id='word_1_406' title='bbox 1002 752 1087 782; x_wconf 62' lang='lat' dir='ltr'>viril</span> <span class='ocrx_word' id='word_1_407' title='bbox 1102 754 1191 782; x_wconf 73' lang='lat' dir='ltr'>circa</span> <span class='ocrx_word' id='word_1_408' title='bbox 1211 753 1338 792; x_wconf 78' lang='lat' dir='ltr'>Olymp.</span> <span class='ocrx_word' id='word_1_409' title='bbox 1356 762 1410 783; x_wconf 75' lang='lat' dir='ltr'>xc,</span> <span class='ocrx_word' id='word_1_410' title='bbox 1428 753 1520 783; x_wconf 71' lang='lat' dir='ltr'>Plin.</span> <span class='ocrx_word' id='word_1_411' title='bbox 1538 764 1633 783; x_wconf 79' lang='lat' dir='ltr'>xxxv.</span> <span class='ocrx_word' id='word_1_412' title='bbox 1651 757 1680 784; x_wconf 85' lang='grc'>8.</span> <span class='ocrx_word' id='word_1_413' title='bbox 1704 764 1736 784; x_wconf 76' lang='lat'>1¹.</span> 
     </span>
     <span class='ocr_line' id='line_1_82' title="bbox 1002 795 1735 837; baseline 0.004 -13"><span class='ocrx_word' id='word_1_414' title='bbox 1002 795 1128 825; x_wconf 64' lang='lat' dir='ltr'>‚lanius</span> <span class='ocrx_word' id='word_1_415' title='bbox 1143 797 1176 825; x_wconf 79' lang='lat' dir='ltr'>in</span> <span class='ocrx_word' id='word_1_416' title='bbox 1197 797 1302 826; x_wconf 81' lang='lat' dir='ltr'>C&#39;alal.</span> <span class='ocrx_word' id='word_1_417' title='bbox 1324 796 1411 826; x_wconf 73' lang='lat' dir='ltr'>Pice.</span> <span class='ocrx_word' id='word_1_418' title='bbox 1432 795 1487 835; x_wconf 63' lang='grc' dir='ltr'><strong>ᾇτ’.</strong></span> <span class='ocrx_word' id='word_1_419' title='bbox 1508 798 1541 826; x_wconf 81' lang='lat' dir='ltr'>z&#39;n</span> <span class='ocrx_word' id='word_1_420' title='bbox 1556 798 1735 837; x_wconf 73' lang='lat' dir='ltr'>superciliis</span> 
     </span>
     <span class='ocr_line' id='line_1_83' title="bbox 998 840 1734 879; baseline 0.007 -12"><span class='ocrx_word' id='word_1_421' title='bbox 998 840 1172 877; x_wconf 76' lang='lat' dir='ltr'>pingendis</span> <span class='ocrx_word' id='word_1_422' title='bbox 1194 840 1355 870; x_wconf 68' lang='lat' dir='ltr'>excelluit.</span> <span class='ocrx_word' id='word_1_423' title='bbox 1388 840 1530 871; x_wconf 81' lang='lat' dir='ltr'>Luciun.</span> <span class='ocrx_word' id='word_1_424' title='bbox 1544 840 1677 879; x_wconf 78' lang='lat' dir='ltr'>Imagg.</span> <span class='ocrx_word' id='word_1_425' title='bbox 1696 841 1734 872; x_wconf 91' lang='lat' dir='ltr'>T.</span> 
     </span>
     <span class='ocr_line' id='line_1_84' title="bbox 1003 883 1130 922; baseline 0.008 -10"><span class='ocrx_word' id='word_1_426' title='bbox 1003 883 1082 922; x_wconf 79' lang='lat' dir='ltr'>ii.p.</span> <span class='ocrx_word' id='word_1_427' title='bbox 1100 884 1130 913; x_wconf 77' lang='lat' dir='ltr'>G.</span> 
     </span>
    </p>

    <p class='ocr_par' dir='ltr' id='par_1_31' title="bbox 1003 926 1734 1044">
     <span class='ocr_line' id='line_1_85' title="bbox 1047 926 1734 965; baseline 0 -9"><span class='ocrx_word' id='word_1_428' title='bbox 1047 926 1220 965; x_wconf 75' lang='lat' dir='ltr'>Polyidus,</span> <span class='ocrx_word' id='word_1_429' title='bbox 1235 926 1313 957; x_wconf 85' lang='lat' dir='ltr'>Div.</span> <span class='ocrx_word' id='word_1_430' title='bbox 1329 926 1350 956; x_wconf 88' lang='lat' dir='ltr'>i.</span> <span class='ocrx_word' id='word_1_431' title='bbox 1366 929 1418 957; x_wconf 85' lang='lat'>40.</span> <span class='ocrx_word' id='word_1_432' title='bbox 1451 926 1658 964; x_wconf 83' lang='lat' dir='ltr'>Corinthius,</span> <span class='ocrx_word' id='word_1_433' title='bbox 1675 937 1734 956; x_wconf 75' lang='lat' dir='ltr'>au·</span> 
     </span>
     <span class='ocr_line' id='line_1_86' title="bbox 1003 970 1733 1010; baseline 0 -11"><span class='ocrx_word' id='word_1_434' title='bbox 1003 978 1078 1008; x_wconf 74' lang='lat' dir='ltr'>gur,</span> <span class='ocrx_word' id='word_1_435' title='bbox 1109 970 1178 999; x_wconf 85' lang='lat' dir='ltr'>filio</span> <span class='ocrx_word' id='word_1_436' title='bbox 1217 975 1359 1000; x_wconf 84' lang='lat' dir='ltr'>mortem</span> <span class='ocrx_word' id='word_1_437' title='bbox 1398 971 1560 1010; x_wconf 75' lang='lat' dir='ltr'>praedicit.</span> <span class='ocrx_word' id='word_1_438' title='bbox 1597 971 1733 1001; x_wconf 84' lang='lat' dir='ltr'>Homer.</span> 
     </span>
     <span class='ocr_line' id='line_1_87' title="bbox 1004 1012 1238 1044; baseline 0.004 -1"><span class='ocrx_word' id='word_1_439' title='bbox 1004 1014 1101 1043; x_wconf 76' lang='lat' dir='ltr'>iliad.</span> <span class='ocrx_word' id='word_1_440' title='bbox 1118 1012 1147 1043; x_wconf 81' lang='grc' dir='ltr'>ε’.</span> <span class='ocrx_word' id='word_1_441' title='bbox 1169 1016 1238 1044; x_wconf 75' lang='grc'><strong>148.</strong></span> 
     </span>
    </p>

    <p class='ocr_par' dir='ltr' id='par_1_32' title="bbox 1002 1056 1733 1131">
     <span class='ocr_line' id='line_1_88' title="bbox 1046 1056 1733 1099; baseline 0.001 -12"><span class='ocrx_word' id='word_1_442' title='bbox 1046 1056 1279 1096; x_wconf 80' lang='lat' dir='ltr'>Polyphemus,</span> <span class='ocrx_word' id='word_1_443' title='bbox 1311 1057 1411 1089; x_wconf 84' lang='lat' dir='ltr'>Tusc.</span> <span class='ocrx_word' id='word_1_444' title='bbox 1442 1068 1472 1087; x_wconf 82' lang='lat' dir='ltr'>V.</span> <span class='ocrx_word' id='word_1_445' title='bbox 1503 1061 1555 1091; x_wconf 82' lang='lat'>39.</span> <span class='ocrx_word' id='word_1_446' title='bbox 1594 1057 1733 1099; x_wconf 70' lang='lat' dir='ltr'>Cyclops</span> 
     </span>
     <span class='ocr_line' id='line_1_89' title="bbox 1002 1099 1147 1131; baseline 0.007 -1"><span class='ocrx_word' id='word_1_447' title='bbox 1002 1099 1147 1131; x_wconf 79' lang='lat' dir='ltr'>Siculus.</span> 
     </span>
    </p>

    <p class='ocr_par' dir='ltr' id='par_1_33' title="bbox 1000 1144 1732 1218">
     <span class='ocr_line' id='line_1_90' title="bbox 1047 1144 1732 1185; baseline 0.003 -12"><span class='ocrx_word' id='word_1_448' title='bbox 1047 1144 1215 1185; x_wconf 83' lang='lat' dir='ltr'>Pompeia,</span> <span class='ocrx_word' id='word_1_449' title='bbox 1240 1144 1281 1175; x_wconf 81' lang='lat' dir='ltr'>ad</span> <span class='ocrx_word' id='word_1_450' title='bbox 1304 1145 1380 1176; x_wconf 88' lang='lat' dir='ltr'>Div.</span> <span class='ocrx_word' id='word_1_451' title='bbox 1405 1154 1437 1175; x_wconf 77' lang='lat' dir='ltr'>v.</span> <span class='ocrx_word' id='word_1_452' title='bbox 1463 1148 1512 1176; x_wconf 92' lang='lat' dir='ltr'>ll.</span> <span class='ocrx_word' id='word_1_453' title='bbox 1543 1145 1578 1175; x_wconf 93' lang='lat' dir='ltr'>P.</span> <span class='ocrx_word' id='word_1_454' title='bbox 1606 1145 1732 1175; x_wconf 84' lang='lat' dir='ltr'>Vatinii</span> 
     </span>
     <span class='ocr_line' id='line_1_91' title="bbox 1000 1197 1094 1218; baseline 0.021 -2"><span class='ocrx_word' id='word_1_455' title='bbox 1000 1197 1094 1218; x_wconf 88' lang='lat' dir='ltr'>uxor.</span> 
     </span>
    </p>

    <p class='ocr_par' dir='ltr' id='par_1_34' title="bbox 1001 1231 1732 1312">
     <span class='ocr_line' id='line_1_92' title="bbox 1045 1231 1732 1271; baseline 0.001 -10"><span class='ocrx_word' id='word_1_456' title='bbox 1045 1231 1206 1271; x_wconf 82' lang='lat' dir='ltr'>Pompeii,</span> <span class='ocrx_word' id='word_1_457' title='bbox 1252 1232 1440 1269; x_wconf 86' lang='lat' dir='ltr'>Parcennii,</span> <span class='ocrx_word' id='word_1_458' title='bbox 1477 1232 1571 1262; x_wconf 69' lang='lat' dir='ltr'>verr.</span> <span class='ocrx_word' id='word_1_459' title='bbox 1608 1232 1650 1262; x_wconf 84' lang='lat' dir='ltr'>iv.</span> <span class='ocrx_word' id='word_1_460' title='bbox 1683 1235 1732 1262; x_wconf 89' lang='lat' dir='ltr'>ll.</span> 
     </span>
     <span class='ocr_line' id='line_1_93' title="bbox 1001 1273 1509 1312; baseline 0.002 -8"><span class='ocrx_word' id='word_1_461' title='bbox 1001 1273 1211 1312; x_wconf 84' lang='lat' dir='ltr'>Mamertini,</span> <span class='ocrx_word' id='word_1_462' title='bbox 1228 1276 1364 1305; x_wconf 85' lang='lat' dir='ltr'>civitate</span> <span class='ocrx_word' id='word_1_463' title='bbox 1382 1276 1509 1306; x_wconf 88' lang='lat' dir='ltr'>donati.</span> 
     </span>
    </p>

    <p class='ocr_par' dir='ltr' id='par_1_35' title="bbox 1001 1319 1731 1399">
     <span class='ocr_line' id='line_1_94' title="bbox 1045 1319 1731 1359; baseline 0.001 -11"><span class='ocrx_word' id='word_1_464' title='bbox 1045 1319 1221 1358; x_wconf 81' lang='lat' dir='ltr'>Pompeius</span> <span class='ocrx_word' id='word_1_465' title='bbox 1244 1319 1398 1359; x_wconf 78' lang='lat' dir='ltr'>Phrygio,</span> <span class='ocrx_word' id='word_1_466' title='bbox 1413 1320 1470 1349; x_wconf 82' lang='lat' dir='ltr'>Or.</span> <span class='ocrx_word' id='word_1_467' title='bbox 1492 1320 1526 1349; x_wconf 91' lang='lat' dir='ltr'>ii.</span> <span class='ocrx_word' id='word_1_468' title='bbox 1549 1322 1601 1352; x_wconf 73' lang='lat'>70.</span> <span class='ocrx_word' id='word_1_469' title='bbox 1631 1319 1731 1349; x_wconf 82' lang='lat' dir='ltr'>homo</span> 
     </span>
     <span class='ocr_line' id='line_1_95' title="bbox 1001 1361 1576 1399; baseline 0.002 -8"><span class='ocrx_word' id='word_1_470' title='bbox 1001 1361 1103 1399; x_wconf 74' lang='lat' dir='ltr'>dives,</span> <span class='ocrx_word' id='word_1_471' title='bbox 1122 1362 1216 1399; x_wconf 85' lang='lat' dir='ltr'>cujus</span> <span class='ocrx_word' id='word_1_472' title='bbox 1231 1363 1325 1392; x_wconf 83' lang='lat' dir='ltr'>heres</span> <span class='ocrx_word' id='word_1_473' title='bbox 1342 1363 1484 1392; x_wconf 80' lang='lat' dir='ltr'>Scaurus</span> <span class='ocrx_word' id='word_1_474' title='bbox 1500 1362 1576 1392; x_wconf 76' lang='lat' dir='ltr'>fuit.</span> 
     </span>
    </p>

    <p class='ocr_par' dir='ltr' id='par_1_36' title="bbox 999 1405 1731 1490">
     <span class='ocr_line' id='line_1_96' title="bbox 1044 1405 1731 1446; baseline 0 -10"><span class='ocrx_word' id='word_1_475' title='bbox 1044 1406 1218 1446; x_wconf 80' lang='lat' dir='ltr'>Pompeius</span> <span class='ocrx_word' id='word_1_476' title='bbox 1232 1406 1258 1435; x_wconf 87' lang='lat' dir='ltr'>V</span> <span class='ocrx_word' id='word_1_477' title='bbox 1262 1405 1422 1443; x_wconf 80' lang='lat' dir='ltr'>indullus,</span> <span class='ocrx_word' id='word_1_478' title='bbox 1439 1406 1509 1436; x_wconf 77' lang='lat' dir='ltr'>Att.</span> <span class='ocrx_word' id='word_1_479' title='bbox 1526 1406 1566 1436; x_wconf 88' lang='lat' dir='ltr'>vi.</span> <span class='ocrx_word' id='word_1_480' title='bbox 1588 1409 1614 1436; x_wconf 90' lang='lat'>1.</span> <span class='ocrx_word' id='word_1_481' title='bbox 1646 1406 1731 1436; x_wconf 73' lang='lat' dir='ltr'>vitle-</span> 
     </span>
     <span class='ocr_line' id='line_1_97' title="bbox 999 1449 1520 1490; baseline 0.002 -12"><span class='ocrx_word' id='word_1_482' title='bbox 999 1453 1057 1478; x_wconf 78' lang='lat' dir='ltr'>tur</span> <span class='ocrx_word' id='word_1_483' title='bbox 1072 1449 1218 1490; x_wconf 74' lang='lat' dir='ltr'>Pompeii</span> <span class='ocrx_word' id='word_1_484' title='bbox 1234 1450 1282 1480; x_wconf 90' lang='lat' dir='ltr'>M.</span> <span class='ocrx_word' id='word_1_485' title='bbox 1299 1450 1432 1480; x_wconf 80' lang='lat' dir='ltr'>libertus</span> <span class='ocrx_word' id='word_1_486' title='bbox 1447 1460 1520 1479; x_wconf 86' lang='lat' dir='ltr'>esse.</span> 
     </span>
    </p>

    <p class='ocr_par' dir='ltr' id='par_1_37' title="bbox 997 1493 1730 1566">
     <span class='ocr_line' id='line_1_98' title="bbox 1043 1493 1730 1534; baseline 0 -11"><span class='ocrx_word' id='word_1_487' title='bbox 1043 1494 1082 1523; x_wconf 88' lang='lat' dir='ltr'>A.</span> <span class='ocrx_word' id='word_1_488' title='bbox 1100 1494 1287 1534; x_wconf 75' lang='lat' dir='ltr'>Pompeius,</span> <span class='ocrx_word' id='word_1_489' title='bbox 1305 1493 1514 1533; x_wconf 75' lang='lat' dir='ltr'>Bithynicus,</span> <span class='ocrx_word' id='word_1_490' title='bbox 1530 1503 1559 1523; x_wconf 85' lang='lat' dir='ltr'>v.</span> <span class='ocrx_word' id='word_1_491' title='bbox 1576 1494 1730 1532; x_wconf 75' lang='lat' dir='ltr'>Bithyni-</span> 
     </span>
     <span class='ocr_line' id='line_1_99' title="bbox 997 1546 1066 1566; baseline 0 0"><span class='ocrx_word' id='word_1_492' title='bbox 997 1546 1066 1566; x_wconf 82' lang='lat' dir='ltr'>cus.</span> 
     </span>
    </p>

    <p class='ocr_par' dir='ltr' id='par_1_38' title="bbox 999 1580 1728 1698">
     <span class='ocr_line' id='line_1_100' title="bbox 1047 1580 1728 1622; baseline -0.001 -12"><span class='ocrx_word' id='word_1_493' title='bbox 1047 1580 1104 1611; x_wconf 82' lang='lat' dir='ltr'>Cn.</span> <span class='ocrx_word' id='word_1_494' title='bbox 1121 1580 1296 1622; x_wconf 78' lang='lat' dir='ltr'>Pompeius</span> <span class='ocrx_word' id='word_1_495' title='bbox 1310 1580 1501 1617; x_wconf 79' lang='lat' dir='ltr'>Basiliscus,</span> <span class='ocrx_word' id='word_1_496' title='bbox 1512 1580 1605 1610; x_wconf 84' lang='lat' dir='ltr'>Verr.</span> <span class='ocrx_word' id='word_1_497' title='bbox 1619 1580 1659 1609; x_wconf 84' lang='lat' dir='ltr'>iv.</span> <span class='ocrx_word' id='word_1_498' title='bbox 1679 1583 1728 1610; x_wconf 89' lang='lat'>11.</span> 
     </span>
     <span class='ocr_line' id='line_1_101' title="bbox 999 1623 1728 1664; baseline -0.001 -11"><span class='ocrx_word' id='word_1_499' title='bbox 999 1624 1236 1662; x_wconf 76' lang='lat' dir='ltr'>Mamertinus,</span> <span class='ocrx_word' id='word_1_500' title='bbox 1261 1635 1280 1654; x_wconf 85' lang='lat' dir='ltr'>a</span> <span class='ocrx_word' id='word_1_501' title='bbox 1311 1625 1372 1655; x_wconf 87' lang='lat' dir='ltr'>Cn.</span> <span class='ocrx_word' id='word_1_502' title='bbox 1402 1624 1561 1664; x_wconf 86' lang='lat' dir='ltr'>Pompeio</span> <span class='ocrx_word' id='word_1_503' title='bbox 1592 1623 1728 1653; x_wconf 73' lang='lat' dir='ltr'>civitate</span> 
     </span>
     <span class='ocr_line' id='line_1_102' title="bbox 999 1668 1157 1698; baseline 0.006 -1"><span class='ocrx_word' id='word_1_504' title='bbox 999 1668 1157 1698; x_wconf 84' lang='lat' dir='ltr'>donatus.</span> 
     </span>
    </p>

    <p class='ocr_par' dir='ltr' id='par_1_39' title="bbox 998 1711 1727 1795">
     <span class='ocr_line' id='line_1_103' title="bbox 1048 1711 1727 1752; baseline 0 -11"><span class='ocrx_word' id='word_1_505' title='bbox 1048 1711 1104 1742; x_wconf 84' lang='lat' dir='ltr'>Cn.</span> <span class='ocrx_word' id='word_1_506' title='bbox 1137 1712 1313 1752; x_wconf 82' lang='lat' dir='ltr'>Pompeius</span> <span class='ocrx_word' id='word_1_507' title='bbox 1343 1711 1447 1742; x_wconf 88' lang='lat' dir='ltr'>Philo.</span> <span class='ocrx_word' id='word_1_508' title='bbox 1476 1711 1571 1742; x_wconf 81' lang='lat' dir='ltr'>verr.</span> <span class='ocrx_word' id='word_1_509' title='bbox 1601 1712 1643 1741; x_wconf 86' lang='lat' dir='ltr'>iv.</span> <span class='ocrx_word' id='word_1_510' title='bbox 1674 1713 1727 1741; x_wconf 69' lang='lat'>92.</span> 
     </span>
     <span class='ocr_line' id='line_1_104' title="bbox 998 1755 1261 1795; baseline 0 -10"><span class='ocrx_word' id='word_1_511' title='bbox 998 1755 1071 1795; x_wconf 77' lang='lat' dir='ltr'>Tyn</span> <span class='ocrx_word' id='word_1_512' title='bbox 1078 1755 1248 1785; x_wconf 75' lang='lat' dir='ltr'>daritanus</span> <span class='ocrx_word' id='word_1_513' title='bbox 1254 1779 1261 1785; x_wconf 96' lang='lat'>.</span> 
     </span>
    </p>

    <p class='ocr_par' dir='ltr' id='par_1_40' title="bbox 997 1797 1728 1873">
     <span class='ocr_line' id='line_1_105' title="bbox 1045 1797 1728 1839; baseline -0.003 -9"><span class='ocrx_word' id='word_1_514' title='bbox 1045 1800 1103 1830; x_wconf 80' lang='lat' dir='ltr'>Cn.</span> <span class='ocrx_word' id='word_1_515' title='bbox 1138 1799 1312 1839; x_wconf 82' lang='lat' dir='ltr'>Pompeius</span> <span class='ocrx_word' id='word_1_516' title='bbox 1338 1798 1546 1836; x_wconf 88' lang='lat' dir='ltr'>Theodorus,</span> <span class='ocrx_word' id='word_1_517' title='bbox 1568 1798 1661 1828; x_wconf 79' lang='lat' dir='ltr'>verr.</span> <span class='ocrx_word' id='word_1_518' title='bbox 1693 1797 1728 1828; x_wconf 87' lang='lat' dir='ltr'>ii.</span> 
     </span>
     <span class='ocr_line' id='line_1_106' title="bbox 997 1842 1223 1873; baseline 0.004 -1"><span class='ocrx_word' id='word_1_519' title='bbox 997 1844 1051 1873; x_wconf 64' lang='lat'>4⁶2.</span> <span class='ocrx_word' id='word_1_520' title='bbox 1082 1842 1223 1873; x_wconf 79' lang='lat' dir='ltr'>Siculus.</span> 
     </span>
    </p>

    <p class='ocr_par' dir='ltr' id='par_1_41' title="bbox 994 1885 1728 2405">
     <span class='ocr_line' id='line_1_107' title="bbox 1045 1885 1728 1927; baseline -0.004 -10"><span class='ocrx_word' id='word_1_521' title='bbox 1045 1886 1101 1917; x_wconf 81' lang='lat' dir='ltr'>Cn.</span> <span class='ocrx_word' id='word_1_522' title='bbox 1120 1887 1293 1927; x_wconf 82' lang='lat' dir='ltr'>Pompeius</span> <span class='ocrx_word' id='word_1_523' title='bbox 1313 1885 1440 1922; x_wconf 81' lang='lat' dir='ltr'>Strabo,</span> <span class='ocrx_word' id='word_1_524' title='bbox 1460 1885 1511 1927; x_wconf 80' lang='lat' dir='ltr'>(ale</span> <span class='ocrx_word' id='word_1_525' title='bbox 1533 1886 1728 1923; x_wconf 56' lang='lat' dir='ltr'>comzominis</span> 
     </span>
     <span class='ocr_line' id='line_1_108' title="bbox 996 1928 1728 1968; baseline -0.001 -9"><span class='ocrx_word' id='word_1_526' title='bbox 996 1939 1095 1961; x_wconf 81' lang='lat' dir='ltr'>causa</span> <span class='ocrx_word' id='word_1_527' title='bbox 1110 1940 1140 1960; x_wconf 69' lang='grc' dir='ltr'>τ’.</span> <span class='ocrx_word' id='word_1_528' title='bbox 1158 1931 1251 1960; x_wconf 61' lang='lat' dir='ltr'>Ptin.</span> <span class='ocrx_word' id='word_1_529' title='bbox 1268 1930 1315 1960; x_wconf 88' lang='lat' dir='ltr'>H.</span> <span class='ocrx_word' id='word_1_530' title='bbox 1334 1930 1381 1960; x_wconf 92' lang='lat' dir='ltr'>N.</span> <span class='ocrx_word' id='word_1_531' title='bbox 1396 1929 1451 1958; x_wconf 81' lang='lat' dir='ltr'>vii.</span> <span class='ocrx_word' id='word_1_532' title='bbox 1479 1928 1540 1966; x_wconf 67' lang='lat'>12.)</span> <span class='ocrx_word' id='word_1_533' title='bbox 1563 1929 1654 1959; x_wconf 55' lang='lat' dir='ltr'>Sext.</span> <span class='ocrx_word' id='word_1_534' title='bbox 1666 1929 1728 1968; x_wconf 83' lang='lat' dir='ltr'>fil.</span> 
     </span>
     <span class='ocr_line' id='line_1_109' title="bbox 997 1973 1727 2012; baseline -0.001 -9"><span class='ocrx_word' id='word_1_535' title='bbox 997 1974 1031 2003; x_wconf 89' lang='lat' dir='ltr'>in</span> <span class='ocrx_word' id='word_1_536' title='bbox 1048 1974 1159 2004; x_wconf 77' lang='lat' dir='ltr'>Caecil.</span> <span class='ocrx_word' id='word_1_537' title='bbox 1185 1978 1234 2008; x_wconf 82' lang='lat'>19.</span> <span class='ocrx_word' id='word_1_538' title='bbox 1256 1974 1296 2004; x_wconf 94' lang='grc' dir='ltr'>Τ.</span> <span class='ocrx_word' id='word_1_539' title='bbox 1318 1973 1507 2010; x_wconf 80' lang='lat' dir='ltr'>Albucium,</span> <span class='ocrx_word' id='word_1_540' title='bbox 1524 1974 1618 2012; x_wconf 85' lang='lat' dir='ltr'>cujus</span> <span class='ocrx_word' id='word_1_541' title='bbox 1636 1982 1727 2011; x_wconf 79' lang='lat' dir='ltr'>quae-</span> 
     </span>
     <span class='ocr_line' id='line_1_110' title="bbox 995 2015 1726 2053; baseline -0.004 -6"><span class='ocrx_word' id='word_1_542' title='bbox 995 2024 1065 2047; x_wconf 85' lang='lat' dir='ltr'>stor</span> <span class='ocrx_word' id='word_1_543' title='bbox 1086 2018 1197 2048; x_wconf 80' lang='lat' dir='ltr'>fuerat</span> <span class='ocrx_word' id='word_1_544' title='bbox 1219 2018 1253 2047; x_wconf 91' lang='lat' dir='ltr'>in</span> <span class='ocrx_word' id='word_1_545' title='bbox 1275 2017 1440 2053; x_wconf 85' lang='lat' dir='ltr'>Sardinia,</span> <span class='ocrx_word' id='word_1_546' title='bbox 1461 2026 1616 2046; x_wconf 78' lang='lat' dir='ltr'>accusare</span> <span class='ocrx_word' id='word_1_547' title='bbox 1641 2015 1726 2052; x_wconf 77' lang='lat' dir='ltr'>vult,</span> 
     </span>
     <span class='ocr_line' id='line_1_111' title="bbox 995 2060 1726 2100; baseline 0.001 -11"><span class='ocrx_word' id='word_1_548' title='bbox 995 2061 1053 2090; x_wconf 78' lang='lat' dir='ltr'>sed</span> <span class='ocrx_word' id='word_1_549' title='bbox 1077 2062 1106 2091; x_wconf 89' lang='lat' dir='ltr'>ei</span> <span class='ocrx_word' id='word_1_550' title='bbox 1135 2071 1201 2091; x_wconf 89' lang='lat' dir='ltr'>nou</span> <span class='ocrx_word' id='word_1_551' title='bbox 1227 2060 1447 2100; x_wconf 82' lang='lat' dir='ltr'>permittitur.</span> <span class='ocrx_word' id='word_1_552' title='bbox 1478 2060 1571 2090; x_wconf 76' lang='lat' dir='ltr'>verr.</span> <span class='ocrx_word' id='word_1_553' title='bbox 1599 2060 1644 2089; x_wconf 89' lang='lat' dir='ltr'>iii.</span> <span class='ocrx_word' id='word_1_554' title='bbox 1676 2060 1726 2090; x_wconf 82' lang='lat'>16.</span> 
     </span>
     <span class='ocr_line' id='line_1_112' title="bbox 995 2102 1726 2143; baseline -0.003 -9"><span class='ocrx_word' id='word_1_555' title='bbox 995 2110 1119 2143; x_wconf 80' lang='lat' dir='ltr'>praetor</span> <span class='ocrx_word' id='word_1_556' title='bbox 1134 2105 1265 2135; x_wconf 83' lang='lat' dir='ltr'>Siciliae.</span> <span class='ocrx_word' id='word_1_557' title='bbox 1283 2104 1376 2134; x_wconf 84' lang='lat' dir='ltr'>Font.</span> <span class='ocrx_word' id='word_1_558' title='bbox 1399 2106 1445 2133; x_wconf 82' lang='lat'>15.</span> <span class='ocrx_word' id='word_1_559' title='bbox 1469 2103 1563 2133; x_wconf 83' lang='lat' dir='ltr'>Balb.</span> <span class='ocrx_word' id='word_1_560' title='bbox 1580 2105 1633 2134; x_wconf 66' lang='lat'>29.</span> <span class='ocrx_word' id='word_1_561' title='bbox 1656 2102 1726 2132; x_wconf 84' lang='lat' dir='ltr'>bel-</span> 
     </span>
     <span class='ocr_line' id='line_1_113' title="bbox 995 2147 1724 2186; baseline -0.003 -8"><span class='ocrx_word' id='word_1_562' title='bbox 995 2147 1065 2178; x_wconf 89' lang='lat' dir='ltr'>lum</span> <span class='ocrx_word' id='word_1_563' title='bbox 1103 2149 1224 2178; x_wconf 73' lang='lat' dir='ltr'>soci-ale</span> <span class='ocrx_word' id='word_1_564' title='bbox 1263 2148 1362 2186; x_wconf 75' lang='lat' dir='ltr'>gerit,</span> <span class='ocrx_word' id='word_1_565' title='bbox 1399 2149 1432 2176; x_wconf 82' lang='lat' dir='ltr'>in</span> <span class='ocrx_word' id='word_1_566' title='bbox 1478 2147 1654 2177; x_wconf 72' lang='lat' dir='ltr'>Consulatu</span> <span class='ocrx_word' id='word_1_567' title='bbox 1691 2156 1724 2176; x_wconf 82' lang='lat' dir='ltr'>a.</span> 
     </span>
     <span class='ocr_line' id='line_1_114' title="bbox 994 2189 1725 2230; baseline -0.001 -9"><span class='ocrx_word' id='word_1_568' title='bbox 994 2200 1130 2222; x_wconf 75' lang='lat' dir='ltr'>DCthv.</span> <span class='ocrx_word' id='word_1_569' title='bbox 1148 2197 1179 2222; x_wconf 77' lang='lat' dir='ltr'>et</span> <span class='ocrx_word' id='word_1_570' title='bbox 1194 2193 1389 2230; x_wconf 71' lang='lat' dir='ltr'>triumphat.</span> <span class='ocrx_word' id='word_1_571' title='bbox 1413 2190 1496 2220; x_wconf 78' lang='lat' dir='ltr'>Phil.</span> <span class='ocrx_word' id='word_1_572' title='bbox 1521 2191 1575 2221; x_wconf 81' lang='lat' dir='ltr'>xii.</span> <span class='ocrx_word' id='word_1_573' title='bbox 1596 2193 1644 2220; x_wconf 90' lang='lat' dir='ltr'>ll.</span> <span class='ocrx_word' id='word_1_574' title='bbox 1684 2189 1725 2220; x_wconf 86' lang='lat' dir='ltr'>In</span> 
     </span>
     <span class='ocr_line' id='line_1_115' title="bbox 994 2234 1725 2274; baseline 0 -10"><span class='ocrx_word' id='word_1_575' title='bbox 994 2236 1064 2274; x_wconf 82' lang='lat' dir='ltr'>ejus</span> <span class='ocrx_word' id='word_1_576' title='bbox 1080 2236 1229 2266; x_wconf 84' lang='lat' dir='ltr'>exercitu</span> <span class='ocrx_word' id='word_1_577' title='bbox 1246 2236 1311 2265; x_wconf 88' lang='lat' dir='ltr'>tiro</span> <span class='ocrx_word' id='word_1_578' title='bbox 1326 2235 1392 2264; x_wconf 79' lang='lat' dir='ltr'>fuit</span> <span class='ocrx_word' id='word_1_579' title='bbox 1408 2234 1535 2264; x_wconf 78' lang='lat' dir='ltr'>Cicero.</span> <span class='ocrx_word' id='word_1_580' title='bbox 1558 2234 1654 2264; x_wconf 80' lang='lat' dir='ltr'>Brut.</span> <span class='ocrx_word' id='word_1_581' title='bbox 1672 2237 1725 2267; x_wconf 77' lang='lat'>47.</span> 
     </span>
     <span class='ocr_line' id='line_1_116' title="bbox 994 2277 1724 2309; baseline -0.001 -1"><span class='ocrx_word' id='word_1_582' title='bbox 994 2279 1168 2309; x_wconf 82' lang='lat' dir='ltr'>mediocris</span> <span class='ocrx_word' id='word_1_583' title='bbox 1192 2284 1314 2309; x_wconf 81' lang='lat' dir='ltr'>orator.</span> <span class='ocrx_word' id='word_1_584' title='bbox 1339 2277 1471 2308; x_wconf 74' lang='lat' dir='ltr'>Cornel.</span> <span class='ocrx_word' id='word_1_585' title='bbox 1495 2278 1516 2307; x_wconf 89' lang='lat' dir='ltr'>i.</span> <span class='ocrx_word' id='word_1_586' title='bbox 1540 2277 1639 2307; x_wconf 87' lang='lat' dir='ltr'>homo</span> <span class='ocrx_word' id='word_1_587' title='bbox 1663 2277 1724 2307; x_wconf 84' lang='lat' dir='ltr'>diis</span> 
     </span>
     <span class='ocr_line' id='line_1_117' title="bbox 996 2321 1725 2362; baseline -0.001 -11"><span class='ocrx_word' id='word_1_588' title='bbox 996 2322 1229 2362; x_wconf 78' lang='lat' dir='ltr'>nobilitatique</span> <span class='ocrx_word' id='word_1_589' title='bbox 1253 2323 1388 2352; x_wconf 81' lang='lat' dir='ltr'>invisus.</span> <span class='ocrx_word' id='word_1_590' title='bbox 1411 2322 1476 2351; x_wconf 75' lang='lat' dir='ltr'>vicl.</span> <span class='ocrx_word' id='word_1_591' title='bbox 1496 2321 1673 2351; x_wconf 77' lang='lat' dir='ltr'>Plutarch.</span> <span class='ocrx_word' id='word_1_592' title='bbox 1690 2322 1725 2350; x_wconf 74' lang='lat' dir='ltr'>in.</span> 
     </span>
     <span class='ocr_line' id='line_1_118' title="bbox 994 2364 1706 2405; baseline -0.003 -9"><span class='ocrx_word' id='word_1_593' title='bbox 994 2366 1148 2405; x_wconf 76' lang='lat' dir='ltr'>Pompeio</span> <span class='ocrx_word' id='word_1_594' title='bbox 1163 2368 1234 2396; x_wconf 84' lang='lat' dir='ltr'>init.</span> <span class='ocrx_word' id='word_1_595' title='bbox 1258 2375 1393 2395; x_wconf 86' lang='lat' dir='ltr'>causam</span> <span class='ocrx_word' id='word_1_596' title='bbox 1410 2365 1482 2403; x_wconf 78' lang='lat' dir='ltr'>lege</span> <span class='ocrx_word' id='word_1_597' title='bbox 1498 2365 1597 2395; x_wconf 82' lang='lat' dir='ltr'>Varia</span> <span class='ocrx_word' id='word_1_598' title='bbox 1611 2364 1706 2394; x_wconf 85' lang='lat' dir='ltr'>dixit.</span> 
     </span>
    </p>

    <p class='ocr_par' dir='ltr' id='par_1_42' title="bbox 990 2408 1724 2930">
     <span class='ocr_line' id='line_1_119' title="bbox 1043 2408 1723 2450; baseline -0.003 -10"><span class='ocrx_word' id='word_1_599' title='bbox 1043 2409 1100 2440; x_wconf 81' lang='lat' dir='ltr'>Cn.</span> <span class='ocrx_word' id='word_1_600' title='bbox 1118 2410 1295 2450; x_wconf 79' lang='lat' dir='ltr'>Pompeius</span> <span class='ocrx_word' id='word_1_601' title='bbox 1310 2409 1468 2447; x_wconf 76' lang='lat' dir='ltr'>Magnus,</span> <span class='ocrx_word' id='word_1_602' title='bbox 1492 2409 1547 2439; x_wconf 83' lang='lat' dir='ltr'>Cn.</span> <span class='ocrx_word' id='word_1_603' title='bbox 1568 2409 1606 2439; x_wconf 82' lang='lat' dir='ltr'>F.</span> <span class='ocrx_word' id='word_1_604' title='bbox 1631 2408 1723 2438; x_wconf 71' lang='lat' dir='ltr'>Sext.</span> 
     </span>
     <span class='ocr_line' id='line_1_120' title="bbox 994 2452 1724 2484; baseline -0.003 0"><span class='ocrx_word' id='word_1_605' title='bbox 994 2453 1042 2484; x_wconf 93' lang='lat' dir='ltr'>N.</span> <span class='ocrx_word' id='word_1_606' title='bbox 1072 2453 1144 2484; x_wconf 87' lang='lat' dir='ltr'>Act.</span> <span class='ocrx_word' id='word_1_607' title='bbox 1174 2454 1196 2484; x_wconf 94' lang='lat' dir='ltr'>i.</span> <span class='ocrx_word' id='word_1_608' title='bbox 1224 2455 1258 2483; x_wconf 94' lang='lat' dir='ltr'>in</span> <span class='ocrx_word' id='word_1_609' title='bbox 1284 2453 1375 2483; x_wconf 81' lang='lat' dir='ltr'>Verr.</span> <span class='ocrx_word' id='word_1_610' title='bbox 1404 2456 1453 2483; x_wconf 92' lang='grc'>10.</span> <span class='ocrx_word' id='word_1_611' title='bbox 1479 2452 1572 2482; x_wconf 86' lang='lat' dir='ltr'>ludos</span> <span class='ocrx_word' id='word_1_612' title='bbox 1596 2452 1724 2482; x_wconf 87' lang='lat' dir='ltr'>votivos</span> 
     </span>
     <span class='ocr_line' id='line_1_121' title="bbox 993 2496 1724 2527; baseline -0.001 -1"><span class='ocrx_word' id='word_1_613' title='bbox 993 2497 1060 2526; x_wconf 82' lang='lat' dir='ltr'>(lat.</span> <span class='ocrx_word' id='word_1_614' title='bbox 1078 2496 1197 2527; x_wconf 83' lang='lat' dir='ltr'>Manil.</span> <span class='ocrx_word' id='word_1_615' title='bbox 1212 2500 1243 2527; x_wconf 89' lang='lat'>4.</span> <span class='ocrx_word' id='word_1_616' title='bbox 1259 2496 1383 2526; x_wconf 83' lang='lat' dir='ltr'>bellum</span> <span class='ocrx_word' id='word_1_617' title='bbox 1400 2496 1628 2525; x_wconf 89' lang='lat' dir='ltr'>Sertorianum</span> <span class='ocrx_word' id='word_1_618' title='bbox 1645 2505 1724 2525; x_wconf 87' lang='lat' dir='ltr'>con·</span> 
     </span>
     <span class='ocr_line' id='line_1_122' title="bbox 993 2539 1724 2578; baseline 0 -9"><span class='ocrx_word' id='word_1_619' title='bbox 993 2541 1074 2570; x_wconf 78' lang='lat' dir='ltr'>ficit.</span> <span class='ocrx_word' id='word_1_620' title='bbox 1098 2541 1191 2571; x_wconf 86' lang='lat' dir='ltr'>Verr.</span> <span class='ocrx_word' id='word_1_621' title='bbox 1215 2551 1244 2570; x_wconf 87' lang='lat' dir='ltr'>v.</span> <span class='ocrx_word' id='word_1_622' title='bbox 1268 2542 1298 2571; x_wconf 77' lang='lat'>‘2-</span> <span class='ocrx_word' id='word_1_623' title='bbox 1336 2539 1402 2569; x_wconf 85' lang='lat' dir='ltr'>dux</span> <span class='ocrx_word' id='word_1_624' title='bbox 1425 2545 1543 2569; x_wconf 82' lang='lat' dir='ltr'>contra</span> <span class='ocrx_word' id='word_1_625' title='bbox 1564 2539 1724 2578; x_wconf 79' lang='lat' dir='ltr'>fugitivos</span> 
     </span>
     <span class='ocr_line' id='line_1_123' title="bbox 992 2583 1722 2623; baseline -0.001 -10"><span class='ocrx_word' id='word_1_626' title='bbox 992 2584 1026 2613; x_wconf 93' lang='lat' dir='ltr'>in</span> <span class='ocrx_word' id='word_1_627' title='bbox 1044 2584 1167 2613; x_wconf 86' lang='lat' dir='ltr'>Sicilia.</span> <span class='ocrx_word' id='word_1_628' title='bbox 1192 2584 1266 2614; x_wconf 88' lang='lat' dir='ltr'>Act.</span> <span class='ocrx_word' id='word_1_629' title='bbox 1283 2585 1304 2613; x_wconf 94' lang='lat' dir='ltr'>i.</span> <span class='ocrx_word' id='word_1_630' title='bbox 1320 2584 1354 2613; x_wconf 91' lang='lat' dir='ltr'>in</span> <span class='ocrx_word' id='word_1_631' title='bbox 1368 2584 1462 2613; x_wconf 84' lang='lat' dir='ltr'>Verr.</span> <span class='ocrx_word' id='word_1_632' title='bbox 1489 2586 1538 2613; x_wconf 84' lang='lat'>15.</span> <span class='ocrx_word' id='word_1_633' title='bbox 1563 2583 1602 2612; x_wconf 78' lang='grc'>(16</span> <span class='ocrx_word' id='word_1_634' title='bbox 1626 2588 1722 2623; x_wconf 87' lang='lat' dir='ltr'>pote-</span> 
     </span>
     <span class='ocr_line' id='line_1_124' title="bbox 992 2627 1723 2666; baseline 0.001 -10"><span class='ocrx_word' id='word_1_635' title='bbox 992 2632 1079 2657; x_wconf 82' lang='lat' dir='ltr'>state</span> <span class='ocrx_word' id='word_1_636' title='bbox 1109 2628 1286 2658; x_wconf 86' lang='lat' dir='ltr'>tribunitia</span> <span class='ocrx_word' id='word_1_637' title='bbox 1316 2627 1524 2656; x_wconf 85' lang='lat' dir='ltr'>restituenda</span> <span class='ocrx_word' id='word_1_638' title='bbox 1558 2627 1634 2656; x_wconf 80' lang='lat' dir='ltr'>sert.</span> <span class='ocrx_word' id='word_1_639' title='bbox 1665 2636 1723 2666; x_wconf 83' lang='lat' dir='ltr'>pr.</span> 
     </span>
     <span class='ocr_line' id='line_1_125' title="bbox 991 2669 1724 2710; baseline -0.003 -9"><span class='ocrx_word' id='word_1_640' title='bbox 991 2671 1136 2701; x_wconf 71' lang='lat' dir='ltr'>stIanilia</span> <span class='ocrx_word' id='word_1_641' title='bbox 1163 2672 1245 2710; x_wconf 58' lang='lat' dir='ltr'>Lag.</span> <span class='ocrx_word' id='word_1_642' title='bbox 1273 2675 1328 2701; x_wconf 77' lang='lat' dir='ltr'>tot.</span> <span class='ocrx_word' id='word_1_643' title='bbox 1357 2681 1432 2700; x_wconf 78' lang='lat' dir='ltr'>eum</span> <span class='ocrx_word' id='word_1_644' title='bbox 1458 2680 1566 2700; x_wconf 82' lang='lat' dir='ltr'>omnes</span> <span class='ocrx_word' id='word_1_645' title='bbox 1583 2669 1724 2710; x_wconf 58' lang='lat' dir='ltr'>perlecti</span> 
     </span>
     <span class='ocr_line' id='line_1_126' title="bbox 992 2714 1722 2754; baseline -0.001 -9"><span class='ocrx_word' id='word_1_646' title='bbox 992 2715 1204 2754; x_wconf 80' lang='lat' dir='ltr'>Imperatoris</span> <span class='ocrx_word' id='word_1_647' title='bbox 1219 2725 1239 2744; x_wconf 80' lang='lat' dir='ltr'>n</span> <span class='ocrx_word' id='word_1_648' title='bbox 1246 2724 1371 2745; x_wconf 74' lang='lat' dir='ltr'>anteros</span> <span class='ocrx_word' id='word_1_649' title='bbox 1386 2715 1520 2754; x_wconf 80' lang='lat' dir='ltr'>implere</span> <span class='ocrx_word' id='word_1_650' title='bbox 1533 2714 1722 2750; x_wconf 79' lang='lat' dir='ltr'>ostenditur,</span> 
     </span>
     <span class='ocr_line' id='line_1_127' title="bbox 990 2756 1721 2800; baseline -0.001 -13"><span class='ocrx_word' id='word_1_651' title='bbox 990 2762 1022 2788; x_wconf 84' lang='lat' dir='ltr'>et</span> <span class='ocrx_word' id='word_1_652' title='bbox 1035 2759 1074 2788; x_wconf 82' lang='lat' dir='ltr'>de</span> <span class='ocrx_word' id='word_1_653' title='bbox 1089 2759 1182 2789; x_wconf 83' lang='lat' dir='ltr'>rebus</span> <span class='ocrx_word' id='word_1_654' title='bbox 1195 2760 1294 2797; x_wconf 65' lang='lat' dir='ltr'>gestis</span> <span class='ocrx_word' id='word_1_655' title='bbox 1308 2756 1378 2800; x_wconf 76' lang='lat' dir='ltr'>ejus</span> <span class='ocrx_word' id='word_1_656' title='bbox 1391 2759 1517 2796; x_wconf 75' lang='lat' dir='ltr'>agitur.</span> <span class='ocrx_word' id='word_1_657' title='bbox 1543 2757 1632 2797; x_wconf 72' lang='lat' dir='ltr'>Lege</span> <span class='ocrx_word' id='word_1_658' title='bbox 1648 2757 1721 2787; x_wconf 77' lang='lat' dir='ltr'>Ma-</span> 
     </span>
     <span class='ocr_line' id='line_1_128' title="bbox 991 2801 1720 2841; baseline -0.001 -10"><span class='ocrx_word' id='word_1_659' title='bbox 991 2801 1072 2831; x_wconf 87' lang='lat' dir='ltr'>nilia</span> <span class='ocrx_word' id='word_1_660' title='bbox 1095 2802 1157 2841; x_wconf 86' lang='lat' dir='ltr'>ipsi</span> <span class='ocrx_word' id='word_1_661' title='bbox 1183 2801 1307 2832; x_wconf 88' lang='lat' dir='ltr'>bellum</span> <span class='ocrx_word' id='word_1_662' title='bbox 1337 2801 1605 2831; x_wconf 84' lang='lat' dir='ltr'>Mithridaticum</span> <span class='ocrx_word' id='word_1_663' title='bbox 1629 2811 1720 2830; x_wconf 86' lang='lat' dir='ltr'>com·</span> 
     </span>
     <span class='ocr_line' id='line_1_129' title="bbox 991 2845 1719 2884; baseline -0.001 -10"><span class='ocrx_word' id='word_1_664' title='bbox 991 2845 1151 2875; x_wconf 82' lang='lat' dir='ltr'>mittitur.</span> <span class='ocrx_word' id='word_1_665' title='bbox 1180 2847 1270 2875; x_wconf 60' lang='lat' dir='ltr'>Sext.</span> <span class='ocrx_word' id='word_1_666' title='bbox 1302 2847 1354 2879; x_wconf 71' lang='lat'>27.</span> <span class='ocrx_word' id='word_1_667' title='bbox 1384 2845 1454 2884; x_wconf 76' lang='lat' dir='ltr'>ejus</span> <span class='ocrx_word' id='word_1_668' title='bbox 1481 2846 1515 2875; x_wconf 88' lang='lat' dir='ltr'>in</span> <span class='ocrx_word' id='word_1_669' title='bbox 1537 2845 1719 2884; x_wconf 76' lang='lat' dir='ltr'>Tigranem</span> 
     </span>
     <span class='ocr_line' id='line_1_130' title="bbox 990 2888 1720 2930; baseline -0.003 -11"><span class='ocrx_word' id='word_1_670' title='bbox 990 2889 1121 2919; x_wconf 77' lang='lat' dir='ltr'>lenitas.</span> <span class='ocrx_word' id='word_1_671' title='bbox 1144 2889 1250 2920; x_wconf 80' lang='lat' dir='ltr'>Flacc.</span> <span class='ocrx_word' id='word_1_672' title='bbox 1274 2891 1325 2921; x_wconf 72' lang='lat'>⁶28.</span> <span class='ocrx_word' id='word_1_673' title='bbox 1353 2888 1592 2930; x_wconf 72' lang='lat' dir='ltr'>Hierosolymis</span> <span class='ocrx_word' id='word_1_674' title='bbox 1614 2889 1720 2928; x_wconf 75' lang='lat' dir='ltr'>captis</span> 
     </span>
    </p>
   </div>
   <div class='ocr_carea' id='block_1_8' title="bbox 1946 0 1985 3206">
    <p class='ocr_par' dir='ltr' id='par_1_43' title="bbox 1946 0 1985 3206">
     <span class='ocr_line' id='line_1_131' title="bbox 1946 0 1985 3206; baseline 0 0"><span class='ocrx_word' id='word_1_675' title='bbox 1946 0 1985 3206; x_wconf 95' lang='lat' dir='ltr'> </span> 
     </span>
    </p>
   </div>
  </div>
 </body>
</html>
