1920 3196
263 91 351 133 ⁵20

265 194 382 217 verum
391 166 592 225 probabilia,
607 193 682 226 quae
702 183 863 226 disputari
878 185 996 226 proba-

266 227 380 260 biliter
394 227 534 267 possint.

272 315 285 343 l
308 268 498 343 ῗὲλὸἶὸτρις,
513 270 639 310 patrioe
660 278 792 307 amans,
808 268 850 299 ad
864 269 936 300 Att.
959 269 996 300 ii.

291 335 300 343 ⁶
312 335 602 398 φιὲοπςοσηνὶςατοι,
619 354 848 393 benignissime
868 357 900 384 et
921 363 998 385 sua-

272 398 416 434 vissime,
432 398 472 428 ad
485 398 558 429 Att.
574 408 604 428 v.
619 400 650 431 9.

270 439 479 514 Αῑφὲιλίοξοῖἒορ,
505 440 666 472 studiosus
689 438 774 468 artis
795 438 936 477 dicendi,
959 437 1000 471 ad

268 564 271 565 ⁷
316 506 488 567 φἰλὲοοφξῖν,
500 524 732 565 philosophari,
748 522 788 554 ad
802 522 874 553 Λα.
888 522 922 555 ii.
940 525 970 554 5.

272 613 281 620 .
313 569 531 609 φιλοσοφητέον,
540 566 853 607 philosophandum,
869 564 910 596 ad
929 564 1000 596 Att.

272 623 296 645 ¹·
314 612 552 694 iltssiosoquimsoe,
571 652 854 692 philosophamur,
871 648 912 680 ad
930 648 1001 679 Att.

271 700 535 779 xvdiiiooeusm,
542 747 612 778 quoe
621 747 643 767 a
649 736 845 776 philosophis
855 737 1003 765 tractan-

273 787 343 819 tur,
361 784 437 813 libri
447 780 669 821 philosophici.
685 779 726 809 ad
742 778 820 808 Div.
830 778 874 807 xi.
886 779 938 810 27.

318 825 528 865 φιλοσοφῶμεν,
539 822 816 865 philosophemur,
830 819 870 850 ad
880 819 953 850 Att.
969 818 1003 848 ii.

283 871 320 899 13

317 995 544 1039 φιλοσοφώτερον
565 991 795 1036 διευκρινῆσομεν,
812 989 921 1028 magis
930 989 1006 1029 phi-

278 1041 433 1081 losophice
454 1045 485 1070 et
511 1040 686 1073 subtiliter,
710 1036 733 1065 i.
758 1044 787 1064 e.
816 1031 1008 1062 ocem-atius

277 1082 540 1112 eoeaminabimus
567 1085 598 1111 et
623 1079 844 1112 discutiemus,
871 1073 913 1104 ad
934 1073 1007 1104 Att.

279 1125 334 1156 vii.
353 1127 384 1156 8.

321 1166 581 1211 φιλοςοςγῶτεξον,
597 1164 776 1198 amantius,
793 1160 834 1192 ad
848 1161 920 1192 Att.
937 1159 1006 1190 xiii.

322 1254 516 1297 φιλοςέργως,
523 1253 751 1294 peramanter,
762 1248 802 1278 ad
812 1246 883 1277 Att.
896 1256 948 1276 xv.
960 1248 1007 1279 17.

321 1303 390 1337 φιλο
397 1297 545 1338 τέχνημα,
557 1304 634 1336 opus
642 1292 780 1324 studiose
794 1289 1010 1323 elaboratum,

281 1339 323 1370 ad
337 1340 409 1371 Att.
428 1342 496 1371 xiii.
511 1342 566 1370 40.

325 1382 504 1423 Φιλοτιμῖα,
525 1382 588 1412 hoc
609 1379 697 1416 loco,
716 1374 892 1408 Philotimi
913 1373 1010 1411 actio,

281 1426 323 1458 ad
336 1425 408 1456 Att.
425 1426 479 1456 vii.
501 1428 527 1455 l.

324 1468 512 1512 φιλοφρόυως,
542 1464 745 1500 humaniter,
775 1464 941 1496 amanter,
972 1458 1013 1489 ad

282 1512 356 1543 Att.
369 1522 420 1542 κν.
440 1514 489 1543 15.

326 1554 435 1591 Φλιῢς,
449 1554 554 1588 ’On-35,
566 1551 675 1587 Σιπῦς,
689 1548 820 1580 PhliuS,
841 1546 942 1583 Opus,
958 1543 1012 1575 Si-

277 1607 357 1640 pu5‚
374 1596 415 1628 ad
428 1598 503 1628 Att.
522 1596 565 1626 vi.
582 1598 613 1625 2.
631 1592 769 1638 nomina
783 1587 992 1628 oppidorum.

325 1640 467 1683 φλυιςδς,
481 1638 654 1678 garrulus,
671 1633 712 1664 ad
726 1632 803 1663 Div.
820 1640 872 1660 xv.
891 1631 941 1659 18.

326 1683 439 1726 φοβερὸν
463 1681 508 1720 ἦν,
522 1676 744 1721 formidabile
765 1677 850 1710 erat,
873 1671 914 1702 ad
940 1671 1012 1702 Att.

284 1727 353 1759 xiii.
369 1730 422 1760 37.

327 1766 675 1813 Qeimmfiprudenlia,
690 1760 755 1792 Off.
773 1759 794 1789 i.
810 1760 862 1788 43.
925 1799 944 1805 ..

328 1812 473 1856 φυςάτκς,
496 1808 719 1841 conturbator,
742 1802 782 1833 ad
806 1802 879 1832 Att.
904 1809 960 1848 V.¹¹'
990 1803 1015 1830 Ι.

286 1855 341 1886 lta
355 1855 477 1886 dicitur
495 1850 696 1883 Philotimus
712 1844 862 1879 libertus,
876 1853 932 1882 qul
949 1843 1014 1873 {m-

285 1898 408 1942 φυςέκει
424 1898 458 1928 in
474 1893 657 1927 rationibus
676 1891 840 1920 bonorum
856 1885 896 1916 T.
914 1885 1015 1916 Milo-

286 1942 352 1980 nis,
364 1942 397 1972 h.
413 1951 441 1971 e.
455 1939 510 1979 qui
527 1935 671 1968 rationes
686 1932 734 1962 ita
747 1928 1015 1964 conturbaverat,

287 1988 327 2015 ut
357 1982 453 2015 facile
482 1977 739 2017 intelligeretur,
769 1979 912 2010 nequam
948 1979 1016 2001 esse

286 2025 471 2062 hominem,
488 2028 522 2054 et
537 2019 706 2052 fraudibus
722 2015 785 2046 uti.

329 2068 437 2112 φυςμός
459 2064 573 2100 πολὺς,
597 2058 801 2093 conturbatio
831 2057 952 2092 multa,
977 2055 1018 2085 ad

287 2111 360 2142 Att.
377 2112 441 2142 xiv.
459 2113 489 2141 5.
535 2104 702 2138 Antonius
724 2100 850 2131 aleator
873 2098 960 2128 Phil.
983 2097 1019 2128 ii.

287 2155 403 2185 omnia
417 2152 511 2184 nobis
525 2146 716 2181 conturbat,
729 2151 806 2173 cum
824 2141 1019 2172 Caesarianis

287 2206 358 2227 non
374 2195 511 2231 resistit,
526 2191 582 2223 sed
596 2190 635 2221 iis
650 2186 760 2229 potius
776 2184 875 2214 favet.

331 2240 412 2279 φυσᾷ
425 2238 486 2280 ³²3⁶?
501 2237 517 2267 ἐ
532 2234 690 2276 σμικξοῖσιν
704 2227 855 2260 αὐλίσκοις
872 2225 930 2260 ἔτι,
946 2224 1020 2273 oia-3?

289 2282 408 2326 αἰγείαις
430 2280 547 2322 φύσαισι
569 2276 698 2318 vagentis
723 2272 805 2313 ἔτερ,
829 2268 870 2300 ad
892 2269 964 2298 Att.
985 2276 1019 2297 11.

291 2326 342 2356 16.
388 2324 519 2355 Horum
553 2316 815 2359 Sophocleorum
851 2319 1019 2345 versuum,

289 2377 370 2407 quos
394 2372 429 2398 et
450 2363 631 2404 Dionysius
651 2357 822 2396 Longinus
845 2353 909 2396 mg>
925 2350 1019 2401 ῧψοος

289 2411 378 2441 Seet.
408 2412 439 2440 3.
470 2400 757 2438 commemoravit,
788 2398 1020 2436 interpretatio

290 2461 359 2483 non
388 2451 502 2483 eadem
531 2450 596 2483 est,
626 2452 731 2483 neque
758 2448 874 2471 omnes
905 2446 1020 2467 verum

289 2504 426 2525 sensum
449 2490 595 2523 adsecuti
618 2491 708 2518 sunt.
733 2481 849 2526 φοςὲειοὶ
865 2479 942 2520 quid
964 2479 1020 2516 sit,

290 2537 431 2568 docuere
462 2533 601 2565 Salmas.
625 2530 667 2561 ad
688 2527 792 2559 Solin.
814 2535 848 2565 p.
874 2534 919 2554 m.
945 2524 1020 2569 5815.

291 2581 365 2612 586.
389 2579 445 2609 ubi
468 2577 571 2607 etiam
593 2573 632 2603 de
654 2571 719 2602 hoc
738 2570 811 2600 loco
826 2566 1021 2607 disputavit,

290 2627 325 2654 et
342 2622 546 2660 interpretes
564 2615 604 2646 ad
618 2612 810 2652 Longinum
823 2608 846 2657 le.
860 2619 888 2639 c.
904 2616 1022 2646 nempe

292 2666 486 2706 capistrum,
502 2669 566 2700 quo
589 2656 741 2688 tibicines
763 2653 917 2698 spiritum
933 2651 1024 2696 coer-

292 2711 380 2743 cent,
396 2716 437 2736 ne
453 2703 575 2734 nimius
596 2704 630 2730 et
645 2695 882 2729 immoderatus
896 2702 932 2722 m
946 2690 1023 2721 tlbl-

292 2760 346 2781 am
363 2750 537 2787 irrumpat.
586 2742 674 2773 Hinc
689 2740 759 2781 ἄτερ
775 2736 904 2780 φορίειᾶς
920 2735 1027 2781 meta-

292 2792 428 2832 phorice
444 2794 494 2820 est
511 2788 580 2818 sine
597 2784 698 2817 modo.
743 2779 928 2814 Caecilium,
946 2775 1026 2805 dicit

293 2834 480 2874 Longinus,
496 2839 565 2861 esse
583 2827 717 2868 egregio
733 2822 865 2870 spiri-tu,
879 2819 935 2867 sed
950 2826 1026 2866 cum

291 2882 478 2918 temperare
513 2882 590 2904 eum
628 2878 697 2902 non
732 2869 849 2907 possit,
883 2868 1025 2893 nlmlum

317 890 492 952 ᾦιλοσὸφως,
516 907 747 951 philosophice,
771 904 812 935 ad
837 904 912 935 ΑΗΖ.
936 903 1015 934 Χίἶῖ.’

697 98 858 128 INDEX
890 96 1326 128 GRAEco-LArmus.

1039 182 1145 222 evehi,
1167 187 1203 216 et
1229 183 1306 215 inde
1327 186 1507 220 tumorem,
1528 180 1673 225 μιτέωςοι,
1694 182 1762 214 exi-

1039 230 1138 257 stere.
1182 226 1236 258 Sic
1258 235 1334 256 cum
1356 225 1531 266 Pompeius
1552 225 1673 256 dicitur
1693 235 1762 257 ma.

1039 268 1113 308 gnis
1124 268 1213 299 tibiis
1224 269 1288 305 uti,
1299 271 1335 298 et
1346 267 1558 298 vehementer
1569 277 1622 298 eas
1634 267 1762 305 inflare,

1039 310 1096 341 sed
1119 311 1189 341 sine
1212 311 1367 351 capistro,
1382 310 1445 340 hoc
1459 309 1600 340 dieitur:
1624 309 1763 349 Pompe·

1041 352 1109 383 ium
1147 353 1267 383 viribus
1302 353 1380 389 suis,
1416 362 1490 391 quae
1524 361 1655 391 magnae
1682 351 1764 389 siut,

1040 394 1146 431 abuti,
1161 399 1197 425 et
1210 405 1285 426 cum
1301 394 1534 435 cupiditatibus
1548 395 1614 425 suis
1631 393 1766 425 modum

1040 438 1211 476 imponere
1227 446 1293 467 non
1310 438 1425 477 possit,
1441 437 1538 467 nimis
1553 437 1621 467 alte
1636 436 1766 467 evolare

1043 479 1139 526 velle,
1154 489 1258 518 eaque
1279 490 1408 519 cupere,
1426 489 1498 519 quae
1519 484 1577 510 aut
1597 479 1675 510 ferri
1697 487 1766 508 non

1043 525 1182 563 possmt,
1197 526 1256 552 aut
1269 522 1337 560 ipse
1353 531 1419 551 non
1435 522 1536 562 possit
1552 521 1719 560 consequi.

1086 564 1221 602 Φυσικοὶ,
1239 564 1387 603 physici,
1403 563 1461 595 Or.
1479 564 1502 594 ὶ.
1519 567 1571 594 50.

1089 606 1209 646 Φυσικῆν
1231 606 1282 639 ’τὴν
1304 607 1371 648 πρὸς
1394 607 1436 637 τὰ
1458 606 1557 642 τέκνα,
1579 607 1770 637 naturalem

1044 659 1191 681 amorem
1206 650 1242 679 in
1257 650 1381 686 liberos,
1397 648 1438 680 ad
1452 649 1524 680 Att.
1540 648 1594 679 vii.
1611 651 1642 680 2.

1046 736 1066 766 2
1088 692 1255 734 Φωσφόρος,
1272 691 1424 732 Lucifer,
1441 691 1560 722 Venus.
1575 690 1657 722 Nat.
1672 690 1719 721 D.
1737 689 1771 720 ii.

1393 867 1431 894 Χ.

1089 948 1190 990 χαῖρε,
1204 948 1303 979 salve.
1317 947 1388 979 Fin.
1406 947 1428 979 i.
1446 951 1477 977 3.

1090 990 1267 1034 χαρακτὴρ,
1283 989 1407 1031 forma
1440 990 1502 1026 rei,
1529 997 1596 1028 qua
1632 988 1777 1019 maxime

1049 1035 1240 1073 agnoscitur
1252 1044 1303 1064 res
1315 1037 1347 1064 et
1351 1033 1541 1073 judicatur.
1559 1030 1616 1061 Or.
1637 1033 1647 1060 l
1659 1033 1683 1061 l.

1091 1076 1268 1119 χαρακτὴρ,
1284 1076 1324 1106 ad
1338 1076 1402 1115 Qu.
1421 1075 1473 1106 Fr.
1488 1074 1522 1104 ii.
1543 1073 1590 1103 16.
1615 1077 1662 1103 est
1683 1073 1779 1103 stilus

1050 1129 1075 1150 s.
1088 1119 1211 1159 forma
1233 1119 1399 1155 orationis,
1414 1126 1521 1157 genus
1540 1115 1678 1146 dicendi.
1699 1124 1777 1146 nam

1050 1162 1231 1203 opponitur
1246 1171 1295 1192 res
1309 1165 1344 1192 et
1359 1159 1532 1203 χαρακτήρ.

1093 1205 1176 1246 χολὴ
1210 1205 1353 1248 ἄκρατος,
1383 1205 1454 1235 bilis
1486 1210 1591 1232 mera.
1632 1200 1674 1231 ad
1702 1201 1778 1233 Div.

1051 1248 1113 1278 xiv.
1132 1252 1162 1281 7.

1093 1290 1186 1333 χρείἷν
1197 1290 1360 1326 ἀποκοπαὶ,
1371 1287 1507 1330 φυγάδων
1519 1284 1649 1321 unsih,
1662 1287 1782 1317 tabuloe

1052 1342 1153 1370 mrooe,
1164 1335 1297 1364 emulum
1311 1334 1446 1363 reditus.
1456 1331 1496 1363 ad
1504 1332 1577 1362 Att.
1586 1330 1640 1359 vii.
1653 1332 1662 1358 Ι
1673 1331 1700 1359 1.
1717 1329 1782 1360 Ta-

1054 1375 1136 1406 buloe
1148 1385 1235 1406 novae
1246 1376 1403 1407 dicuntur
1410 1374 1505 1418 χςεὸν
1513 1371 1680 1409 ἀποκοπαὶ,
1695 1369 1781 1411 quod

1054 1422 1229 1459 propterea
1256 1418 1328 1458 lege
1355 1419 1442 1449 fiunt
1469 1426 1558 1448 nooae
1587 1415 1719 1451 tabuloe,
1741 1418 1782 1444 ut
1830 1449 1833 1450 ⁷

1056 1461 1192 1492 nomina
1211 1461 1320 1497 aliter,
1337 1465 1372 1492 et
1391 1463 1518 1491 resecta
1540 1462 1634 1500 parte
1656 1456 1781 1495 aliqua,

1054 1503 1089 1532 in
1120 1503 1158 1533 iis
1189 1504 1389 1540 scribantur,
1414 1508 1574 1542 tanquam
1605 1503 1781 1539 argentum

1055 1555 1115 1585 pro
1130 1555 1193 1576 aere
1210 1558 1217 1575 :
1243 1546 1278 1577 h.
1294 1557 1323 1577 e.
1343 1549 1395 1577 25.
1411 1555 1471 1586 pro
1490 1547 1559 1575 100.
1576 1548 1616 1573 ut
1629 1546 1680 1573 est
1695 1539 1783 1582 apud

1056 1588 1249 1619 Sallustium
1267 1590 1301 1619 in
1315 1588 1402 1620 Bell.
1419 1586 1519 1619 Catil.

1098 1630 1200 1674 χρήσει
1215 1631 1267 1669 μὲν
1281 1635 1373 1669 tuus,
1389 1629 1489 1662 κτήσει
1503 1627 1532 1659 δὲ
1547 1628 1650 1660 Attici
1664 1626 1784 1658 nostri.

1056 1681 1118 1703 usu
1133 1675 1263 1715 quidem
1282 1679 1371 1709 tuus,
1382 1674 1573 1714 possessione
1591 1675 1703 1701 autem
1723 1669 1784 1701 At-

1057 1717 1125 1749 tici.
1142 1716 1183 1747 ad
1198 1716 1274 1747 Div.
1291 1716 1347 1747 vii.
1365 1719 1417 1750 99.

1101 1758 1251 1801 χρήσιμοι,
1256 1758 1363 1799 fiwgz'
1376 1758 1528 1789 homines.
1544 1756 1644 1787 Tusc.
1661 1755 1707 1786 iii.
1724 1756 1755 1784 8.

1100 1803 1248 1844 χρησμὸς,
1262 1803 1446 1832 oraculum.
1464 1799 1505 1830 ad
1516 1799 1588 1830 Att.
1603 1799 1644 1829 ix.
1663 1801 1712 1828 10.

1099 1844 1314 1887 χρηςομοιθὴς,
1330 1853 1399 1884 quae
1416 1846 1493 1874 sunt
1510 1852 1550 1872 ex
1563 1850 1625 1872 usu
1640 1841 1764 1871 discens
1771 1850 1786 1876 ,-

1059 1890 1115 1929 qui
1136 1898 1175 1918 ea
1196 1888 1324 1924 didicit,
1346 1895 1417 1927 quae
1438 1884 1620 1915 hominibus
1637 1884 1787 1924 prosunt.

1059 1932 1100 1962 ad
1114 1933 1186 1962 Att.
1203 1931 1225 1961 i.
1239 1931 1270 1962 6.

1100 1973 1215 2017 zedam
1237 1970 1404 2015 χαλκείων,
1420 1978 1526 2001 aurea
1542 1977 1606 2009 pro
1627 1968 1731 1998 aeneis.
1747 1964 1789 1996 ad

1060 2015 1132 2047 Att.
1155 2018 1197 2048 vi.
1223 2019 1252 2047 l.
1282 2023 1409 2053 magna
1426 2022 1489 2053 pro
1507 2012 1635 2053 parvis,
1658 2017 1790 2050 prover-

1060 2059 1152 2090 bium
1170 2058 1308 2089 ductum
1332 2067 1372 2087 ex
1396 2055 1557 2091 Homero,
1572 2053 1629 2083 ubi
1644 2051 1788 2083 Glaucus

1061 2108 1096 2132 et
1110 2100 1289 2132 Diomedes
1308 2109 1400 2130 arma
1415 2099 1622 2138 permutant,
1636 2098 1676 2125 ut
1691 2102 1791 2124 aurea

1062 2143 1147 2175 alter
1162 2153 1222 2185 pro
1239 2142 1338 2175 aeneis
1353 2140 1526 2181 acciperet.
1542 2137 1638 2170 Iliad.
1654 2142 1687 2168 z.
1703 2135 1776 2168 236.

1406 2275 1451 2300 Ψ.

1107 2356 1349 2400 ψευδὲιγγςοιφος,
1361 2353 1457 2395 falso
1480 2350 1697 2393 persmptus,
1718 2356 1794 2388 sup-

1059 2402 1239 2442 posititius,
1256 2399 1299 2430 ad
1313 2399 1384 2430 Att.
1400 2407 1454 2428 xv,
1472 2395 1524 2426 26.
1538 2394 1578 2425 de
1594 2393 1683 2424 SCto
1698 2390 1794 2422 falso.

1108 2441 1328 2482 ψευδησιόδειον,
1350 2439 1436 2480 quod
1451 2437 1548 2478 falso
1570 2434 1711 2468 Hesiodo
1736 2432 1795 2463 ad-

1063 2487 1229 2517 scribitur.
1246 2485 1287 2516 ad
1301 2485 1374 2516 Att.
1395 2482 1448 2512 vii.
1468 2483 1517 2511 18.
1699 2518 1719 2525 ..

1108 2527 1294 2568 ψευδόμενος,
1323 2525 1494 2558 mentiens,
1521 2521 1563 2552 ad
1590 2520 1669 2551 Div.
1698 2529 1734 2549 u.
1752 2519 1796 2565 ⁶4.

1065 2581 1169 2610 genus
1191 2568 1402 2611 sophismatis
1424 2562 1662 2605 inexplicabilis
1676 2571 1696 2592 a
1716 2560 1800 2592 Dia-

1065 2613 1191 2644 lecticis
1228 2614 1415 2644 inventum.
1461 2605 1617 2638 Formula
1643 2605 1715 2644 ejus
1747 2606 1800 2633 est

1066 2656 1154 2696 apud
1169 2655 1316 2687 Gellium
1331 2652 1419 2683 xviii.
1436 2652 1468 2682 2.
1505 2648 1586 2680 Cum
1602 2647 1753 2683 mentior,
1768 2648 1800 2675 et

1067 2708 1119 2728 me
1129 2700 1262 2729 mentiri
1270 2697 1353 2732 dico,
1365 2694 1504 2725 mentior
1508 2713 1517 2728 ‚
1527 2700 1572 2722 an
1580 2698 1695 2720 verum
1704 2689 1774 2719 dico
1782 2687 1800 2717 ‚⁷

1069 2741 1184 2771 Cicero
1198 2737 1430 2777 Graecumipse
1439 2736 1694 2774 interpretatur:
1709 2739 1798 2762 men—

1069 2784 1162 2814 tienS.
1179 2783 1218 2813 de
1234 2781 1348 2813 Divin.
1364 2780 1398 2810 ii.
1413 2781 1444 2809 4.
1473 2776 1554 2816 Ejus
1571 2775 1735 2806 rationem
1751 2781 1803 2802 so·

1069 2824 1121 2855 lus
1137 2825 1252 2856 Cicero
1267 2824 1302 2854 in
1318 2821 1418 2853 Acad.
1435 2820 1479 2850 iv.
1495 2829 1525 2849 c.
1542 2820 1594 2852 ⁶29.
1619 2821 1653 2848 et
1668 2817 1702 2848 in
1717 2815 1802 2846 libro

1070 2866 1110 2899 de
1126 2867 1209 2901 Fato
1225 2865 1366 2908 aperuit.
1411 2862 1566 2894 Ceterum
1588 2859 1696 2900 ipsum
1712 2857 1805 2889 Cice-
