1920 3196
656 86 802 116 INDEX
832 86 967 114 LATIN
974 85 1128 115 l'rA‘rls.

139 176 230 208 onim
246 182 296 208 est
311 176 350 207 de
366 175 439 216 lege
456 174 496 206 de
513 176 663 216 pecuniis
687 174 880 216 repetundis

141 226 176 251 et
192 221 369 258 dejudicio
383 230 422 250 ex
439 229 486 250 ea.
511 220 530 237 ¹*
542 220 771 259 magistratus,
787 222 882 259 pote-

142 270 221 295 stas.
246 264 339 295 Verr.
356 264 377 294 i.
397 264 446 294 12.
471 262 512 293 ad
534 263 691 302 rempubl.
713 262 881 292 accedere.

144 314 220 338 nam
233 307 293 338 hoc
303 307 342 337 de
355 307 393 337 iis
406 307 523 336 dicunt
536 307 661 343 Latini,
672 307 727 345 qui
740 312 882 345 quaesto-

142 358 194 381 res
206 352 306 388 fiunt,
321 355 379 381 aut
393 353 592 390 potestatem
608 350 753 388 aliquam
768 359 883 379 conse-

145 399 297 434 quuntur
325 395 485 435 primum,
515 403 588 433 quae
621 394 882 432 magistratuum

144 447 214 469 esse
234 437 329 468 solet.
352 438 416 467 vid.
441 436 524 467 Phil.
550 447 579 467 v.
609 440 656 468 18.
682 437 779 467 Rosc.
797 436 834 466 A.
855 439 883 466 1.

144 481 201 512 Or.
220 482 252 511 ii.
269 484 321 513 ⁶25.
341 481 506 518 *belluim
520 491 569 511 res
584 481 746 510 militaris.
765 479 882 510 Manil.

143 526 196 555 21.
235 526 393 565 rempubl.
417 525 500 555 bene
525 534 649 564 gerere.
688 524 728 553 ad
754 524 828 554 Div.
853 534 883 554 x.

145 569 196 598 11.
228 579 329 609 remp.
355 579 395 599 ex
418 572 527 598 vestra
550 569 718 598 sententia
741 567 884 597 admini-

143 618 266 642 strare:
293 613 325 643 h.
342 623 370 642 e.
387 612 530 642 xincere.
547 612 588 642 cl'.
606 612 648 641 ib.
679 614 726 645 17.
751 612 806 641 xii.
834 613 882 640 11.

143 655 323 687 *victoria
348 657 426 687 Nat.
450 656 492 686 D.
518 656 551 685 ii.
574 657 603 686 ¹2.
627 658 753 685 temere
777 654 816 684 de
833 665 884 684 re-

137 700 229 740 publ.
257 700 401 730 locutus.
436 699 634 735 *aerarium‚
660 698 802 739 pecunia
824 708 885 737 pu-

143 743 241 774 blica.
277 743 361 773 Phil.
388 744 420 773 ii.
446 745 477 774 3.
506 743 661 782 reliquias
686 744 762 782 reip.
791 741 885 771 dissi-

147 795 235 827 pare.
252 787 345 817 Verr.
362 786 383 817 i.
404 790 453 818 13.
470 788 627 826 rempubl.
641 786 885 821 administrare,

146 830 185 860 de
201 837 376 869 quaestore.
394 831 437 860 ib.
453 841 483 861 ν.
501 833 552 861 22.
577 830 616 860 de
633 830 755 870 republ.
777 829 886 859 detra-

144 873 234 904 here.
260 874 470 914 ‘provincim
487 873 529 904 ad
545 874 675 905 Divers.
699 874 766 904 xiii.
783 874 835 904 68.
859 873 885 902 si

145 918 187 948 ad
211 927 263 947 me
288 918 328 948 de
350 919 471 958 republ.
499 917 532 948 id
555 921 618 954 est,
636 917 676 948 (le
699 921 786 947 statu
812 926 886 956 pro-

146 961 277 998 vinciae,
304 962 344 991 de
375 962 537 991 institutis
567 962 647 999 tuis,
678 960 887 991 familiariter

146 1005 279 1034 scribes.
314 1005 478 1035 *libertas
508 1005 651 1044 publiea.
686 1005 726 1034 ad
757 1005 887 1035 Divers.

148 1049 191 1078 xi.
213 1052 261 1079 13.
280 1048 400 1078 bonam
414 1058 506 1088 spem
525 1048 564 1078 de
581 1058 713 1078 summa
724 1048 886 1088 repubh'ea

148 1101 203 1122 vos
220 1092 341 1122 habere
356 1092 522 1122 volumus.
546 1092 590 1122 ib.
615 1103 645 1123 x.
663 1095 693 1123 3.
718 1101 804 1122 uuus
822 1097 886 1127 est,

147 1145 207 1175 per
228 1140 280 1166 tot
302 1146 407 1166 annos
431 1136 555 1175 republ.
581 1135 753 1173 (levexata,
771 1145 886 1165 cursus

147 1181 331 1219 reipublice>
361 1180 444 1209 bene
476 1179 628 1218 gerendae
659 1179 700 1209 ad
735 1179 886 1219 gloriam.

149 1222 167 1241 ³*
179 1224 339 1253 securitas
355 1223 497 1263 publica.
525 1223 622 1253 Rosc.
638 1223 677 1253 A.
693 1226 746 1257 49.
770 1223 887 1253 ideone

149 1267 302 1297 nobilitas
327 1267 533 1307 recuperavit
560 1267 801 1306 rempublicam,
827 1267 886 1297 ἃς.

147 1309 254 1341 Tertii
271 1311 400 1350 generis
423 1310 577 1350 exempla
596 1310 667 1340 haec
691 1318 790 1341 sunt:
817 1311 888 1341 Cae-

149 1355 215 1384 cin.
233 1357 284 1385 20.
309 1355 394 1384 absit
409 1355 589 1394 reipublice?
605 1364 725 1385 causa:
746 1354 779 1385 h.
798 1364 826 1385 e.
844 1354 888 1384 le-

148 1399 292 1437 gationis
317 1403 374 1428 aut
399 1397 476 1428 belli
501 1399 635 1438 gerendi
661 1408 770 1428 causa.
793 1399 887 1429 Verr.

149 1442 183 1472 ii.
202 1444 252 1473 55.
277 1442 454 1482 respublica
471 1442 694 1472 administrari
713 1452 778 1472 non
796 1447 889 1483 pote-

149 1489 201 1515 rat
216 1498 222 1516 :
248 1485 280 1515 h.
296 1496 325 1517 e.
341 1486 470 1515 exactio
486 1492 521 1515 et
536 1485 657 1515 solutio
672 1486 800 1516 tributi.
824 1486 889 1517 Mi-

149 1526 217 1560 lon.
248 1533 296 1561 15.
326 1530 461 1569 reipubl.
488 1533 617 1570 partem
641 1531 821 1570 suscipere,
849 1530 888 1560 de

150 1573 240 1603 caede
266 1573 382 1603 Clodii.
415 1573 508 1603 Balb.
532 1576 584 1605 20.
612 1583 632 1604 a
653 1575 777 1613 republ.
805 1574 889 1604 bene

151 1617 318 1656 gerenda:
343 1617 375 1647 h.
400 1627 428 1647 e.
452 1627 471 1647 a
493 1617 632 1647 fortibus
655 1618 732 1647 viris
755 1618 889 1648 civitate

152 1660 326 1691 donandis.
351 1660 435 1691 Phil.
453 1671 481 1691 v.
503 1663 550 1692 15.
575 1662 712 1701 respubl.
729 1671 816 1702 saepe
835 1662 890 1691 be-

152 1714 194 1735 ne
216 1710 328 1744 gesta:
353 1715 381 1735 v.
401 1715 429 1734 c.
449 1705 662 1735 restitutione
682 1706 770 1735 Sext.
795 1705 891 1735 Pom-

152 1748 232 1789 peii,
248 1746 335 1779 bello
359 1746 447 1779 civili
471 1748 708 1788 extinguenda
728 1748 770 1778 cf.
787 1748 826 1778 de
843 1748 890 1779 al-

151 1799 226 1822 tera
248 1796 283 1823 et
305 1793 408 1823 tertia
424 1790 670 1831 significatione
687 1791 831 1823 Gronov.
849 1792 891 1822 ad

151 1836 225 1866 Liv.
249 1836 316 1867 viii.
339 1839 391 1867 31.
422 1835 515 1866 *Pis
543 1837 595 1866 32.
631 1836 795 1866 Caesarem
823 1846 891 1866 non

152 1879 269 1910 eadem
285 1880 325 1910 de
340 1880 463 1920 republ.
479 1880 631 1917 sensisse,
643 1889 716 1918 quae
734 1890 800 1917 me,
813 1881 890 1910 seio.

152 1923 246 1954 verr.
263 1924 283 1954 i.
305 1926 352 1954 14.
376 1923 464 1962 quod
478 1922 519 1953 'de
532 1924 654 1963 republ.
671 1924 785 1954 sensit.
810 1924 892 1954 Haee

151 1967 296 1998 formula
318 1967 479 2007 capienda
501 1971 551 1997 est
573 1966 613 1997 de
630 1968 794 2006 partibus,
812 1977 892 2006 quas

153 2012 225 2050 quis
243 2012 277 2040 in
293 2012 417 2051 republ.
434 2011 598 2050 sequitur,
615 2016 729 2041 utrum
747 2010 817 2041 scil.
836 2021 894 2051 po-

153 2055 278 2096 pularis
300 2056 357 2092 sit,
374 2063 416 2085 an
440 2064 515 2084 eum
541 2055 758 2095 optimatibus
781 2054 893 2086 faciat.

152 2098 274 2130 *Mun
321 2102 370 2129 ll.
415 2099 579 2138 republica
616 2098 742 2138 perfrui
779 2109 894 2139 possu-

155 2152 252 2172 mus:
289 2141 321 2172 h.
351 2152 379 2172 e.
407 2142 562 2172 omnibus
592 2142 787 2180 commodis,
819 2152 893 2182 quae

147 2185 240 2226 jure,
270 2185 341 2225 lege
370 2186 430 2216 διο.
457 2186 537 2216 civis
563 2185 705 2216 Romani
730 2194 821 2217 sunt.
849 2187 892 2217 cf.

157 2229 257 2261 Dom.
275 2233 328 2264 57.

199 2273 372 2314 Respuere.
400 2272 482 2303 Sull.
507 2275 559 2304 ⁶25.
589 2272 684 2311 cujus
711 2283 807 2303 aures
833 2283 894 2304 un-

156 2327 256 2356 quam
280 2317 342 2347 hoc
361 2321 555 2357 respuerunt
567 2330 576 2346 :
599 2316 632 2346 h.
649 2327 678 2347 e.
694 2325 761 2347 non
778 2318 896 2357 proba-

156 2366 249 2398 runt,
266 2370 334 2391 non
350 2371 465 2390 verum
480 2364 654 2400 putarunt.
838 2380 840 2383 -

200 2404 348 2435 Restare.
377 2404 470 2435 Verr.
497 2405 544 2434 iii.
571 2407 622 2438 89.
654 2403 765 2444 placet
791 2404 895 2435 socios

155 2449 306 2486 tractari,
318 2448 405 2487 quod
420 2451 535 2485 restat,
551 2452 589 2477 ut
606 2457 664 2487 per
680 2447 750 2477 baec
766 2452 897 2488 tempo-

157 2502 194 2523 ra
216 2495 378 2522 tractatos
400 2492 530 2522 videtis.
554 2492 615 2521 int.
638 2492 814 2531 temporis,
830 2495 897 2521 est-

158 2546 222 2576 que
239 2536 273 2565 in
290 2540 472 2576 posterum.

202 2579 388 2610 Restillare.
404 2579 475 2610 Att.
488 2579 530 2609 lx.
543 2582 573 2612 7.
590 2577 696 2608 literae
709 2578 790 2608 mihi
803 2578 898 2618 quid-

158 2623 235 2654 dam
252 2623 345 2662 quasi
362 2622 518 2653 animulae
536 2623 753 2653 restillarunt.

203 2666 427 2705 Restinguere.
452 2666 541 2696 Sext.
565 2668 617 2697 21.
643 2666 774 2695 animos
791 2665 898 2696 homi-

158 2719 241 2741 num
257 2720 439 2749 sensusque
457 2715 562 2740 morte
579 2710 750 2748 restingui.

202 2753 416 2793 Restipulari.
439 2754 537 2784 Rosc.
556 2752 651 2782 Com.
672 2755 721 2783 13.
737 2758 788 2782 est
804 2753 899 2782 vicis—

158 2797 222 2829 sim
245 2798 285 2827 ab
308 2807 346 2827 eo
371 2797 497 2836 aliquid
513 2795 681 2836 stipulari,
697 2797 753 2835 qui
769 2806 789 2825 a
805 2797 899 2826 nobis

159 2840 283 2880 aliquid
299 2840 479 2881 stipulatus
494 2845 555 2869 est.
571 2849 601 2869 v.
618 2849 647 2868 c.
663 2840 698 2869 in
710 2840 900 2879 sponsione,

154 2894 259 2929 ¹quam
286 2884 445 2925 Quin-:ius
474 2893 551 2914 cum
578 2882 694 2914 Naevio
724 2883 819 2923 facit,
844 2883 899 2915 hie

1584 78 1669 116 413

925 175 1107 216 stipulatur
1122 184 1142 205 a
1156 174 1295 214 Quintio
1311 188 1316 205 :
1340 174 1526 216 spondesne
1541 179 1576 206 te
1593 179 1670 207 tan-

925 222 995 248 tam
1019 228 1186 248 summam
1211 219 1361 258 pecuniae
1387 219 1557 258 daturum,
1580 223 1670 250 tam-

926 272 1026 301 quam
1051 271 1156 302 poena:
1182 262 1265 300 loeo,
1282 264 1308 292 si
1325 263 1412 292 hona
1427 269 1486 294 tua
1502 275 1540 293 ex
1558 264 1670 294 edicto

926 305 1067 345 possedi.
1090 306 1250 345 Quintius
1276 307 1474 346 respondet:
1500 307 1668 347 spondeo}

926 348 983 378 sed
1006 349 1126 379 deinde
1149 349 1210 379 sibi
1235 354 1268 379 et
1291 350 1451 389 Quintius
1476 350 1632 381 similiter
1650 361 1671 382 a.

926 392 1040 422 Naevio
1064 392 1262 432 stipulatur:
1288 393 1475 432 spondesne
1498 399 1532 423 te
1558 395 1618 425 oie.
1641 395 1670 425 si

927 445 992 466 non
1011 436 1198 476 possedisti.
1215 436 1277 466 hoc
1295 441 1345 466 est
1363 437 1565 477 restipulari.

970 479 1185 519 Reslipulutio
1221 480 1274 517 fit,
1306 490 1384 509 cum
1422 483 1669 521 restc'pulamur.

926 523 1022 554 Rosc.
1042 524 1078 553 C.
1100 526 1148 554 13.

971 566 1130 603 Restituo,
1157 570 1208 596 est
1237 567 1373 597 verbum
1399 567 1500 605 juris,
1530 566 1559 607 1)
1590 579 1669 600 cum

927 610 1070 649 aliquem
1090 610 1211 640 reduco
1229 611 1262 640 in
1279 621 1356 640 euni
1374 610 1497 648 locum,
1510 611 1668 652 fundum,

928 654 1027 691 aedes,
1043 654 1130 684 unde
1145 655 1174 683 vi
1191 654 1307 693 dejeci.
1326 654 1448 684 Caecin.
1470 658 1518 686 13.
1533 658 1585 687 22.
1603 657 1670 687 vim

926 697 1050 728 factam
1068 699 1248 728 restituere.
1273 697 1305 736 2)
1322 707 1398 727 cum
1413 699 1451 735 is,
1466 699 1520 738 qui
1538 704 1672 730 restitu-

927 741 1129 780 erejubetur
1142 752 1159 771 a
1173 748 1326 781 praetore,
1339 745 1440 780 negat
1455 752 1488 772 se
1501 742 1670 782 dejecisse.

929 795 1006 815 nam
1030 785 1063 815 id
1086 785 1178 822 facit,
1196 795 1272 815 cum
1296 785 1400 815 dixit:
1426 787 1565 817 restitui.
1590 798 1673 826 quo·

929 829 1017 858 niam
1037 830 1125 859 enim
1144 839 1222 859 eum
1246 838 1313 858 nou
1337 829 1472 868 dejecit,
1488 835 1523 860 et
1545 832 1670 862 mansit

929 873 962 902 in
989 873 1194 912 possessione
1220 873 1260 910 is,
1285 873 1341 912 qui
1368 875 1495 904 restitui
1515 874 1670 913 jubetur,

929 916 1016 946 idem
1034 921 1097 954 est,
1116 926 1152 946 ac
1169 916 1195 946 si
1212 916 1358 956 dejectus
1375 921 1465 955 ante,
1483 923 1557 957 post
1580 920 1673 949 resti-

929 964 1019 990 tutus
1035 965 1132 990 esset.
1152 960 1274 990 Caecin.
1296 963 1343 994 19.
1361 962 1412 994 29.
1430 963 1481 992 32.
1498 961 1618 993 *vex-r.
1637 963 1671 994 ii.

929 1003 1121 1043 26.judicia
1136 1005 1289 1034 restituta
1305 1010 1382 1034 sunt
1399 1016 1404 1033 :
1424 1004 1455 1035 h.
1472 1015 1501 1035 e.
1519 1015 1570 1035 res
1580 1006 1674 1045 judi-

929 1052 1012 1078 catae
1028 1048 1180 1085 sublatae,
1198 1056 1232 1078 et
1250 1048 1286 1085 ii,
1303 1048 1360 1087 qui
1376 1048 1505 1085 judicio
1522 1049 1674 1082 damnati

929 1096 1040 1129 erant,
1057 1092 1091 1122 in
1115 1092 1285 1131 integrum
1305 1092 1453 1123 restituti
1469 1098 1560 1123 sunt.
1583 1094 1601 1112 ⁴*
1613 1094 1673 1124 At-

929 1135 986 1165 tic.
1000 1145 1050 1165 xv.
1062 1137 1093 1165 4.
1112 1137 1224 1165 nescio
1237 1135 1315 1175 quid
1327 1135 1367 1166 ab
1379 1145 1418 1165 eo
1429 1136 1675 1175 litterularum,

929 1185 967 1209 ut
986 1189 1038 1209 me
1055 1179 1115 1209 sibi
1132 1180 1332 1210 restituerem
1347 1192 1356 1209 :
1381 1179 1413 1210 h.
1428 1190 1457 1211 e.
1476 1181 1538 1211 sibi
1549 1181 1673 1213 iterum

930 1224 1057 1252 amicus
1074 1223 1201 1254 fierem.

974 1266 1142 1297 Restricte.
1166 1267 1246 1306 Leg.
1263 1267 1296 1299 ii.
1318 1270 1366 1298 18.
1389 1272 1502 1298 cetera
1517 1278 1584 1299 non
1600 1275 1676 1301 taut

930 1311 1077 1341 restricte
1091 1311 1252 1349 praefinio.

975 1354 1167 1392 Restrz'ctus,
1191 1364 1321 1395 parcus.
1344 1354 1458 1385 Plane.
1483 1357 1536 1387 22.
1562 1357 1674 1387 restri-

931 1402 995 1429 ctos
1011 1401 1046 1428 et
1061 1402 1196 1428 tenaces
1214 1398 1327 1430 fuisse.

975 1442 1133 1473 Retentio.
1164 1442 1269 1472 Attic.
1299 1442 1370 1473 xiii.
1400 1444 1453 1474 21.
1485 1442 1678 1474 Carneades

930 1488 1136 1516 retentionem
1160 1486 1284 1525 aurigae
1306 1485 1451 1516 similem
1468 1486 1549 1517 facit
1565 1486 1675 1529 ὶτοχῇ.

930 1529 1032 1560 Acad.
1050 1531 1092 1560 iv.
1108 1531 1160 1561 2⁷5.
1175 1531 1309 1560 retentio
1325 1531 1566 1561 assensionum.
1588 1531 1605 1549 ’ἒ
1618 1534 1676 1561 de·-

932 1574 1046 1604 ductio
1071 1573 1110 1604 de
1127 1574 1271 1613 pecunia
1285 1573 1455 1604 solvenda.
1485 1574 1590 1605 Attic.
1605 1575 1674 1605 xiii.

932 1619 983 1649 23.
1009 1618 1073 1648 ista
1094 1619 1268 1648 retentione
1288 1627 1404 1648 omnes
1420 1618 1468 1648 ait
1484 1619 1534 1649 uti
1550 1617 1676 1649 Treba·

930 1663 1010 1692 tius.
1027 1661 1069 1692 cf.
1086 1661 1130 1691 it).
1146 1664 1199 1693 25.

976 1705 1146 1741 Reterere,
1164 1709 1358 1744 retractare,
1376 1710 1520 1737 mutare.
1540 1705 1624 1736 Phil.
1641 1706 1678 1738 ii.

937 1751 985 1780 13.
1012 1749 1207 1789 itaquejam
1223 1754 1331 1779 retexo
1347 1749 1533 1779 orationem
1551 1760 1675 1789 meam,

934 1793 994 1823 ἃς.
1011 1792 1052 1823 ad
1069 1793 1144 1823 Div.
1162 1793 1205 1823 xi.
1222 1795 1275 1824 28.
1300 1793 1333 1823 id
1349 1802 1439 1823 nunc
1454 1798 1675 1834 commutem,

934 1846 1053 1876 meque
1067 1837 1135 1876 ipse
1148 1841 1292 1867 retexam
1303 1836 1319 1867 ,7
1344 1837 1508 1867 *irritum
1526 1837 1677 1876 reddere,

935 1880 1077 1910 abolere.
1101 1879 1194 1910 Verr.
1219 1881 1252 1910 ii.
1277 1882 1329 1912 ⁶26.
1354 1881 1468 1911 omnia
1490 1887 1588 1912 erant.
1603 1881 1678 1912 Me-

934 1924 1005 1954 telli
1022 1923 1198 1964 ejusmodi,
1215 1928 1254 1954 ut
1269 1929 1375 1954 totam
1397 1930 1579 1964 praeturam
1595 1924 1679 1956 Ver·

935 1968 978 1998 ris
995 1972 1140 1999 retexere
1155 1967 1323 1998 videretur
1337 1980 1343 1998 z
1369 1978 1415 1999 sc,
1429 1969 1526 1999 rebus
1544 1968 1678 2007 judica-

934 2012 978 2042 tis
1004 2012 1227 2049 infirmandis,
1252 2021 1355 2041 censu
1387 2011 1485 2043 aliter
1510 2012 1678 2051 habendo,

936 2056 1086 2086 decumis
1113 2054 1212 2086 aliter
1238 2054 1432 2085 vendendis.
1464 2055 1505 2086 ad
1530 2055 1606 2087 Div.
1633 2057 1678 2087 xi.

939 2101 988 2130 14.
1014 2099 1089 2129 novi
1104 2100 1241 2130 timores
1256 2104 1409 2130 retexunt
1424 2100 1606 2142 superiora.
1621 2101 1679 2136 ubi

936 2152 966 2174 v.
982 2142 1089 2173 Graev.

980 2186 1175 2218 Retieenter.
1199 2186 1270 2217 Att.
1286 2197 1317 2218 x.
1334 2187 1364 2218 6.

981 2229 1141 2269 Reticere,
1177 2239 1243 2260 non
1282 2230 1495 2271 respondere,
1535 2230 1574 2261 de
1610 2241 1678 2264 ree.

936 2274 1030 2304 Verr.
1054 2274 1076 2304 ⁶1.
1101 2277 1128 2305 1.
1153 2275 1179 2304 si
1199 2275 1345 2313 reticeat,
1362 2274 1389 2304 si
1406 2275 1503 2305 absit.
1526 2275 1681 2307 *tacerm

937 2318 994 2349 Or.
1013 2318 1059 2348 iii.
1076 2320 1129 2349 25.

981 2361 1182 2393 Reticulum.
1207 2360 1301 2392 Verr.
1321 2371 1352 2393 v.
1373 2365 1421 2393 ll.
1445 2363 1622 2393 reticulum
1637 2362 1683 2393 si-

937 2404 970 2436 bi
995 2405 1036 2435 ad
1059 2415 1154 2435 nares
1179 2405 1376 2436 admovere:
1401 2415 1446 2436 sc.
1465 2406 1600 2437 floribus
1615 2406 1684 2437 far-

937 2454 1013 2479 tum
1029 2448 1228 2478 folliculum.
1245 2459 1275 2479 v.
1295 2449 1478 2480 Athenaeus
1500 2450 1542 2481 iv.
1567 2451 1617 2481 12.
1647 2454 1683 2482 et.

939 2493 983 2522 ibi
1010 2493 1239 2530 Casaubonus,
1262 2493 1319 2532 qui
1342 2492 1433 2523 hunc
1455 2492 1567 2524 locum
1591 2503 1682 2524 com-

939 2545 1125 2566 memorare
1143 2545 1209 2566 non
1227 2536 1386 2575 neglexit.

983 2580 1148 2611 Retinere.
1166 2579 1207 2609 ad
1223 2579 1352 2610 Divers.
1370 2590 1398 2610 v.
1419 2582 1468 2612 12.
1485 2589 1558 2619 quae
1575 2580 1685 2612 homi·

940 2633 1021 2653 num
1040 2624 1169 2653 animos
1187 2623 1402 2654 vehementer
1418 2624 1452 2654 in
1473 2623 1614 2664 legendo
1630 2635 1684 2656 re-

940 2669 1043 2697 tinere
1059 2667 1173 2707 possit.
1191 2667 1232 2696 ad
1248 2667 1323 2698 Div.
1342 2668 1363 2697 i.
1385 2671 1417 2702 7.
1441 2667 1550 2698 virum
1574 2667 1685 2699 excel-

940 2710 1081 2747 lentem,
1106 2710 1262 2740 nonnihil
1283 2711 1510 2751 suspicantem
1535 2710 1593 2742 illa
1614 2712 1686 2752 epi-

941 2754 1028 2784 stola
1042 2755 1228 2784 retinuisti:
1253 2754 1315 2784 int.
1339 2755 1373 2784 in
1399 2755 1557 2785 amicitia.
1582 2755 1684 2787 Dom.

942 2800 995 2828 34.
1029 2802 1166 2828 tantum
1195 2798 1315 2838 impios
1348 2798 1500 2828 homines
1525 2799 1686 2832 retinebat

942 2841 1058 2872 odium
1072 2852 1082 2879 ;
1107 2851 1166 2881 pro
1181 2853 1188 2871 ι
1204 2846 1341 2872 tantum
1358 2852 1389 2872 0.
1405 2842 1500 2882 impii
1517 2841 1550 2872 h.
1567 2843 1686 2874 retine·

945 2886 1032 2917 bant.
1048 2885 1067 2903 ‘¹⁶
1080 2894 1158 2917 cum
1170 2894 1279 2917 sermo
1292 2890 1343 2921 est
1358 2885 1398 2917 de
1411 2886 1540 2928 officiis,
1552 2885 1687 2928 elegan-
