1985 3206
770 84 916 114 INDEX
946 84 1243 114 LATINrrATls.

257 181 293 212 ii.
309 181 361 212 52.
385 177 471 209 *On
486 177 521 208 ii.
538 179 590 209 85.
606 185 683 208 cum
706 176 920 216 oequabilitale
935 175 983 206 fa-

259 233 343 255 cere.
360 223 382 253 i.
393 232 422 252 e.
438 222 626 262 oequabilem
643 231 676 251 se
692 219 881 251 hominibus
897 229 981 260 prae-

256 273 357 298 stare.

298 310 505 349 AEqualicas.
537 305 619 338 Lael.
647 310 678 338 5.
713 310 764 337 cst
794 316 834 336 ea
860 306 980 344 virtus,

256 364 330 393 qnae
347 358 381 383 et
397 352 538 382 civilitas
555 351 689 387 dicitur,
705 360 782 380 cum
800 360 894 389 aequo
903 351 981 388 jure

255 407 333 427 cum
348 396 502 426 omnibus
518 394 671 431 vivimus,
687 404 802 423 omnes
828 394 920 423 nobis
937 403 981 423 ae-

255 439 370 479 quales
397 444 569 479 putamus,
595 437 679 467 nihil
702 438 794 468 nobis
821 438 983 477 praecipu-

255 493 314 514 um
331 483 487 523 petimus.

296 527 501 566 AEqualc'ler.
537 525 632 555 Orat.
657 527 709 555 58.
735 525 902 564 (equaliter
930 524 981 553 in-

254 570 346 609 gredi
371 575 405 599 et
427 573 621 599 constanter
643 568 767 598 dicitur
788 568 894 597 oratio
918 577 981 597 nu-

254 622 396 650 merosa,
413 623 486 652 quae
511 622 577 642 non
601 622 677 641 mox
701 611 807 642 fluens
824 618 859 641 et
882 610 979 648 lenis,

253 666 332 687 mox
348 655 462 686 hiulca
476 662 510 686 et
526 665 643 695 aspera
657 659 718 684 est.

295 700 461 739 AEquare.
486 706 591 729 sortes
608 708 745 738 (equare.
768 708 797 728 v.
815 697 848 728 in
864 704 980 728 sortes.

294 744 410 783 AEque
425 753 513 773 cum.
537 743 608 772 Fin.
624 743 666 772 iv.
683 744 734 772 94.
752 743 805 775 97.

294 786 539 827 AEqztilibritas.
569 790 621 815 cst
650 786 892 824 Epicureorum
923 784 981 814 ἕσσ-

253 829 348 868 νομία,
374 830 417 861 N.
446 830 488 861 D.
521 831 542 860 i.
574 833 626 864 39.
660 829 723 859 vid.
756 829 830 858 Iud.
856 828 912 858 Gr.
943 830 978 859 in

252 872 391 911 ἰσονομία.

295 917 536 958 AEquiparare.
567 925 627 955 pro
650 925 789 955 oequctre.
821 914 920 945 Tusc.
947 925 977 946 v.

255 962 305 993 17.
326 970 424 990 nemo
440 966 503 997 est,
520 960 575 998 qui
592 959 688 989 factis
705 969 757 988 me
775 960 978 998 (equiparare

251 1004 365 1044 possit.
410 1004 462 1034 Sic
479 1008 513 1033 et
535 1003 646 1032 Lixius
662 1003 744 1032 dixit
760 1003 879 1032 xxxvii.
898 1006 949 1034 55.

293 1047 440 1086 AEquus.
468 1047 562 1077 Verr.
587 1047 620 1076 ii.
641 1049 689 1076 15.
721 1045 894 1084 oequojure
911 1046 976 1075 dis-

250 1098 396 1130 ceptare,
414 1091 446 1121 h.
462 1100 491 1120 e.
524 1096 561 1120 ut
577 1089 682 1129 judex
698 1089 781 1119 nihil
797 1089 975 1120 adversarii

250 1135 359 1173 gratia
373 1135 485 1164 faciat.

292 1178 368 1207 Aer.
402 1187 460 1217 pro
488 1177 638 1214 homine,
661 1186 804 1215 quocum
836 1186 975 1206 consue-

247 1220 330 1250 tudo
347 1220 439 1250 nulla
454 1230 523 1250 esse
547 1226 670 1260 potest,
687 1220 757 1250 Att.
778 1220 798 1249 i.
820 1223 868 1250 18.
901 1221 973 1250 Me-

247 1263 346 1293 tellus
364 1274 430 1294 non
446 1263 557 1302 homo,
574 1264 633 1293 sed
648 1263 755 1300 littuS,
773 1267 840 1301 aer,
857 1263 973 1293 solitu-

247 1306 298 1336 do.
324 1307 454 1337 *Acad
473 1308 493 1337 i.
511 1311 541 1341 7.
565 1310 636 1345 azir,
651 1312 788 1338 utamur
806 1307 895 1336 enim
913 1317 971 1347 pro

245 1349 379 1387 Latino,
396 1355 432 1381 et
446 1351 544 1389 ignis.

287 1393 464 1425 AErctrius.
493 1395 631 1434 Quinct.
661 1397 692 1424 4.
724 1393 810 1424 ratio
839 1395 972 1431 (erario,

244 1435 279 1466 h.
303 1446 332 1466 e.
363 1439 448 1468 ratio
471 1438 622 1478 pecuniae
647 1437 781 1467 diversae
806 1438 839 1467 in
865 1437 972 1468 Gallia

244 1485 279 1509 et
296 1481 420 1510 Romae.
453 1484 471 1501 *Ψ
483 1481 616 1511 Clucnt.
630 1483 684 1512 43.
717 1481 750 1510 in
775 1483 905 1511 ‹z’rare'os
923 1492 972 1511 re-

242 1523 334 1560 ferri,
352 1524 384 1554 h.
401 1534 429 1553 e.
453 1525 488 1554 in
506 1524 660 1561 ultimam
676 1523 828 1561 classem,
846 1525 899 1554 cui
915 1525 972 1555 ad-

240 1567 357 1606 scripti
387 1568 544 1606 suffragio
572 1568 742 1605 carebant,
773 1572 806 1597 et
836 1572 971 1598 tantum

240 1619 309 1640 aera
318 1611 436 1641 tributi
451 1611 522 1641 loco
535 1611 736 1651 pendebant.
760 1611 840 1641 Erat
855 1617 970 1641 autem

240 1652 312 1683 haec
329 1659 409 1684 nota
426 1656 587 1692 censoria,
605 1665 704 1694 quain
731 1654 818 1695 plebi
835 1655 969 1693 quidem

239 1696 275 1726 in
298 1698 426 1737 primis,
449 1698 506 1728 sed
536 1698 706 1728 interdum
727 1704 844 1728 tamen
867 1699 969 1728 etiam

238 1742 447 1772 senatoribus
470 1747 505 1772 et
527 1742 694 1781 equitibus
717 1748 836 1772 senatu
860 1748 895 1772 et
918 1752 971 1772 or-

239 1783 316 1813 dine
339 1786 485 1823 equestri
518 1787 629 1824 motis,
655 1786 847 1822 inurebant,
872 1790 911 1815 ut
934 1796 968 1815 0-

238 1827 366 1857 stendit
389 1829 532 1858 Gronov.
561 1829 600 1859 de
627 1839 750 1869 pecun.
778 1834 880 1859 veter.
912 1829 968 1859 lib.

238 1870 280 1900 iv,
300 1874 326 1901 l.
344 1882 375 1911 p.
393 1874 466 1903 963.
492 1874 548 1903 Or.
566 1873 599 1902 ii.
617 1874 667 1903 66.
699 1882 739 1902 ex
759 1874 884 1902 φναν-ἰὼ·
900 1874 968 1902 exi-

237 1923 338 1944 mere.
365 1917 505 1946 *oeraric'
526 1916 678 1946 Tribuni.
702 1927 731 1946 V.
747 1916 915 1954 tribunus,
933 1921 966 1946 et

236 1963 370 1988 eratus,

280 2002 475 2032 AErarium.
498 2002 569 2033 Att.
583 2003 636 2033 vii.
648 2005 700 2034 91.
717 2004 872 2033 (erarium
889 2013 965 2032 san-

237 2044 337 2082 etius,
368 2053 452 2083 erat,
479 2056 518 2076 ex
550 2056 615 2085 quo
645 2051 776 2076 sumtus
807 2047 965 2077 ordinarii

237 2095 304 2116 non
328 2090 540 2127 petebantur,
557 2089 615 2119 sed
638 2090 679 2119 ad
695 2099 865 2119 summum
883 2091 963 2129 reip.

236 2135 369 2170 tempus
386 2134 626 2163 reservabatur.
639 2143 669 2162 v.
687 2133 819 2163 Manut.
836 2133 877 2163 ad
893 2133 964 2164 Att.

235 2173 291 2203 vii.
313 2177 362 2205 15.
390 2175 432 2205 cf.
452 2175 521 2206 Liv.
538 2177 636 2206 xxvii.
657 2180 703 2206 lO.

277 2217 439 2255 dirutus,
456 2220 668 2259 pecuniosus,
683 2220 754 2250 Att.
772 2220 792 2250 i.
812 2220 862 2250 16.
888 2221 964 2250 Tri-

233 2258 314 2290 buni
332 2271 399 2292 non
412 2267 483 2292 tam
500 2265 606 2300 oerati,
625 2273 723 2302 quani
740 2268 778 2293 ut
795 2263 963 2303 appellan-

232 2307 290 2333 tur
305 2306 425 2343 aerarii,
442 2307 463 2336 i.
487 2317 515 2337 e.
547 2317 615 2336 non
636 2313 707 2337 tam
732 2313 829 2337 erant
851 2308 886 2345 ii,
906 2308 962 2346 qui

231 2356 302 2377 esse
321 2347 499 2387 debebant,
515 2350 547 2380 h.
571 2360 600 2380 e.
624 2351 679 2389 qui
703 2351 880 2390 pecuniam
904 2351 962 2381 ha-

231 2389 367 2429 bebant,
389 2393 447 2423 sed
470 2394 686 2433 pauperrimi,
709 2399 744 2424 et
769 2395 803 2423 in
830 2396 962 2424 oerarios

230 2434 409 2474 referendi,
433 2437 580 2476 adeoque
609 2437 722 2467 faciles
745 2437 787 2467 ad
811 2448 960 2468 corrum-

230 2478 389 2516 pendum.
422 2483 492 2510 *ex
511 2491 573 2511 aere
588 2480 708 2510 factus.
734 2481 828 2511 Verr.
845 2482 887 2511 iv.
904 2482 957 2512 ⁶26.

229 2520 310 2551 lecti
323 2525 431 2559 cerati,
449 2523 469 2554 i.
487 2534 515 2554 e.
540 2525 649 2555 ceratis
670 2524 820 2564 pedibus.
836 2535 866 2555 V.
883 2525 957 2555 Ma-

229 2570 304 2594 nut.
321 2565 363 2595 ad
379 2566 410 2596 h.
428 2566 449 2596 l.

272 2608 353 2646 AES,
372 2610 444 2640 Att.
462 2611 495 2640 ii.
518 2613 544 2640 1.
568 2620 610 2641 ces
638 2611 956 2649 circumforaneum,

228 2652 317 2689 quod
333 2653 421 2683 circa
434 2654 543 2683 forum
563 2655 653 2695 apud
675 2655 881 2694 argentarios
897 2655 956 2685 foe-

229 2695 301 2724 nori
318 2695 427 2726 datur.
450 2698 544 2727 Verr.
560 2708 590 2728 v.
612 2702 659 2729 13.
683 2698 780 2728 Dirui
797 2708 871 2734 cere,
888 2700 909 2729 i.
927 2709 956 2729 e.

226 2737 384 2768 solvendo
414 2750 481 2770 uon
519 2751 601 2771 esse.
643 2742 955 2780 banquerouttiren.

227 2781 285 2810 scd
307 2787 357 2812 est
379 2783 513 2823 elegans
533 2785 630 2823 jocus
655 2786 689 2814 in
713 2785 774 2814 hac
798 2785 953 2817 formula.

227 2822 315 2854 Nam
339 2835 402 2856 (ere
423 2827 539 2865 diruti,
556 2829 687 2868 proprie
704 2828 875 2866 dicuntur,
891 2829 954 2859 mi-

224 2866 313 2907 lites,
338 2871 456 2909 quibus
478 2872 673 2911 ignominiae
697 2881 798 2904 causa
824 2873 954 2914 stipen-

1682 72 1762 111 183

1028 174 1121 204 dium
1138 184 1206 204 non
1222 173 1332 212 datur,
1347 176 1406 203 aut
1421 180 1497 212 pars
1513 170 1672 212 stipendii
1689 171 1760 202 adi·

1026 219 1142 248 mitur.
1166 228 1196 248 v,
1220 218 1333 256 Sigon.
1357 217 1398 246 ad
1420 216 1493 246 Liv.
1518 214 1561 245 xl.
1585 217 1638 245 42².
1670 215 1757 247 Bud.

1026 261 1069 291 ad
1085 262 1189 291 Pand.
1207 272 1239 301 p.
1256 270 1300 291 m.
1321 263 1390 291 130.
1423 259 1502 298 quia
1524 259 1627 297 igitur
1647 263 1759 289 castra

1026 304 1180 335 aleatoris
1208 305 1349 340 dixerat,
1375 302 1549 345 eleganter
1579 311 1671 339 eum,
1700 303 1757 341 qui

1025 347 1098 378 alea
1125 358 1256 378 eversus
1284 355 1357 377 erat
1383 347 1491 383 bonis,
1516 356 1578 376 cere
1603 346 1757 377 dirutum

1026 391 1119 422 dicit.
1161 391 1247 422 Phil.
1279 391 1322 420 xi.
1354 391 1385 420 6.
1421 390 1510 419 cxire
1543 399 1605 419 cere
1635 389 1758 420 alieno.

1025 435 1097 465 Att.
1113 435 1155 465 vi.
1176 438 1203 465 1.
1234 444 1302 474 prae
1319 444 1380 464 erre
1401 433 1552 463 vendere.
1585 432 1709 462 ²“Verr.
1725 443 1757 464 V.

1030 481 1078 509 13.
1111 488 1180 508 α’να
1203 484 1317 508 vetera
1332 477 1503 516 eleganter
1519 477 1679 506 dicuntur
1694 477 1758 506 cri-

1025 522 1118 552 mina
1145 526 1270 559 vetera,
1300 531 1442 561 quorum
1475 530 1575 561 poena
1605 520 1756 551 nondum

1024 565 1195 605 persoluta
1209 570 1271 595 est.

1067 609 1291 640 ,Escimabila
1317 608 1403 647 quod
1420 608 1628 638 (estimatione
1644 607 1756 647 aliqua.

1023 652 1164 692 dignum
1189 660 1250 682 est.
1280 663 1308 682 v.
1341 653 1375 682 in
1398 653 1576 682 oestimatio.
1609 651 1679 681 Isin.
1704 651 1754 682 iii.

1066 739 1273 770 „AEstimatim
1304 739 1399 769 verr.
1430 738 1476 768 iii.
1503 739 1556 772 99.
1584 738 1754 768 remissior

1023 784 1192 813 oestc'mctz‘io
1206 783 1381 813 frumenti.
1405 782 1601 814 AEstimatio
1615 781 1654 810 fr.
1671 781 1754 812 dici-

1022 831 1092 864 tur,
1124 836 1200 856 cum
1233 831 1404 866 praetores,
1428 825 1542 865 legati,
1571 829 1752 863 quaestores

1022 870 1292 909 proffrumcnto,
1316 870 1403 908 quod
1428 870 1461 898 in
1488 879 1603 898 eorum
1631 868 1751 899 cellam

1022 914 1207 954 imperatur
1227 916 1269 954 (ν.
1287 913 1388 943 Cella.
1407 913 1551 950 Cibaria)
1572 913 1750 951 pecuniam

1022 958 1192 997 accipiunt
1207 957 1247 987 ab
1264 957 1460 993 aratoribffi,
1474 962 1509 986 et
1524 955 1658 994 quidem
1675 962 1753 986 tan-

1020 1006 1104 1037 tam,
1121 1006 1160 1030 ut
1179 1001 1257 1040 ipsis
1280 1001 1396 1031 utilius
1420 1000 1476 1037 sit,
1494 999 1671 1039 pecuniam
1696 1009 1751 1029 ac-

1019 1045 1157 1083 cepisse,
1182 1044 1381 1081 aratoribus,
1405 1043 1543 1073 dedisse.
1580 1044 1749 1073 *oestima-

1018 1089 1059 1118 tio
1081 1097 1199 1128 poeuae.
1231 1088 1287 1118 Or.
1309 1089 1329 1117 i.
1352 1090 1402 1117 54.
1435 1092 1497 1123 est,
1513 1097 1590 1116 cum
1615 1096 1751 1117 accusa-

1017 1137 1072 1161 tor
1099 1133 1203 1172 (more
1226 1130 1438 1169 Atheniensi)
1465 1131 1499 1160 in
1523 1131 1595 1170 ipsa
1614 1140 1750 1160 accusa-

1016 1175 1122 1212 tione,
1154 1185 1255 1214 quam
1292 1184 1424 1214 poenam
1462 1183 1536 1203 reus
1574 1174 1752 1212 meruerit,

1017 1220 1167 1248 oesz‘lmat.
1191 1218 1255 1248 vid.
1279 1217 1478 1258 Xenophon.
1499 1217 1601 1247 Mem.
1618 1218 1709 1247 Socr.
1726 1218 1750 1248 i.

1021 1265 1048 1292 l.
1081 1262 1193 1292 *Haec
1217 1266 1348 1291 autem:
1375 1261 1417 1291 ad
1433 1261 1508 1290 Div.
1531 1270 1560 1290 v.
1578 1262 1629 1291 90.
1662 1261 1750 1291 acci-

1017 1315 1094 1345 pere
1110 1307 1363 1335 mutuationem
1396 1305 1465 1334 xiii.
1484 1308 1513 1335 8.
1546 1305 1694 1344 accipere
1711 1305 1747 1335 in

1018 1350 1272 1385 astinemtionem,
1286 1348 1446 1388 capienda
1457 1353 1536 1377 sunt
1549 1348 1588 1377 de
1604 1348 1748 1385 ratione,

1017 1402 1082 1431 qua
1103 1392 1213 1422 Julius
1238 1392 1348 1422 Caesar
1366 1402 1409 1422 aes
1433 1391 1594 1427 alienum,
1612 1401 1676 1430 quo
1700 1391 1749 1421 la-

1018 1436 1155 1466 borabat
1183 1436 1312 1473 civitas,
1344 1435 1475 1465 dissolvi
1497 1435 1618 1473 jussit:
1652 1434 1746 1473 eujus

1019 1479 1089 1509 haec
1105 1481 1152 1510 vis
1169 1484 1254 1517 erat,
1269 1485 1309 1509 ut
1325 1479 1488 1509 debitores
1505 1479 1623 1508 darent
1640 1478 1746 1508 credi-

1015 1523 1143 1553 toribus
1159 1524 1194 1553 in
1210 1523 1358 1553 solutum
1379 1523 1516 1562 praedia,
1533 1522 1590 1551 sed
1614 1531 1681 1552 non
1705 1531 1746 1552 eo

1016 1568 1137 1606 pretio,
1154 1577 1219 1606 quo
1233 1572 1309 1597 tum
1326 1571 1435 1603 erant,
1453 1570 1528 1606 post
1545 1565 1672 1595 bellum
1690 1565 1746 1595 Ci-

1016 1610 1093 1647 vile,
1109 1611 1166 1640 sed
1183 1621 1234 1647 eo,
1252 1621 1316 1649 quo
1339 1616 1416 1639 ante
1440 1609 1564 1639 bellum
1588 1609 1742 1639 fuerant:

1018 1654 1104 1683 unde
1122 1655 1289 1684 ‹Pstimatz'o
1306 1663 1364 1694 pro
1382 1654 1518 1692 jactura
1536 1657 1587 1682 est
1601 1652 1643 1682 ad
1666 1653 1744 1684 Div.

1014 1697 1057 1726 ix.
1081 1699 1128 1728 16.
1159 1702 1193 1728 et
1210 1699 1433 1728 aestz‘maeiones
1455 1707 1514 1736 pro
1537 1696 1668 1736 praediis
1684 1706 1743 1736 pe-

1016 1742 1124 1771 cuniae
1140 1741 1212 1771 loco
1229 1742 1385 1781 acceptis.
1417 1740 1456 1770 ad
1482 1741 1610 1771 Divers.
1628 1740 1671 1770 ix.
1691 1743 1741 1771 18.

1012 1786 1236 1815 oestimationes
1251 1789 1326 1815 tuas
1342 1784 1484 1814 vendere
1501 1793 1568 1813 non
1580 1788 1686 1824 potes.
1698 1783 1742 1814 ef.

1011 1827 1083 1857 Att.
1108 1829 1164 1857 xii.
1188 1831 1241 1859 95.
1272 1839 1301 1858 ν.
1326 1828 1409 1858 Caes.
1434 1827 1473 1857 de
1497 1826 1580 1858 Bell.
1607 1827 1676 1857 Civ.
1694 1828 1742 1857 iii.

1016 1874 1042 1901 1.
1075 1873 1347 1902 *os-limationem
1365 1872 1480 1902 Cicero
1498 1871 1742 1910 interpretatur

1011 1915 1198 1945 Stoicorum
1217 1914 1318 1953 aglom,
1345 1925 1422 1945 cuni
1447 1915 1609 1951 dicerent,
1633 1914 1739 1944 solam

1012 1959 1146 1996 quidem
1171 1960 1331 1988 virtutem
1353 1969 1422 1988 esse
1438 1959 1576 1995 bonum,
1595 1957 1650 1987 sed
1668 1967 1738 1987 esse

1008 2008 1123 2032 tamen
1146 2008 1308 2041 praeterea
1331 2012 1380 2032 res
1397 2002 1513 2041 dignas
1530 2003 1740 2032 astinzatz‘one

1009 2045 1132 2084 aliqua,
1151 2046 1182 2075 h.
1199 2056 1228 2076 e.
1257 2053 1294 2076 ut
1310 2050 1582 2086 praeponerentur
1598 2044 1683 2082 aliis,
1699 2055 1738 2075 ac

1008 2096 1234 2126 sumerentur,
1250 2094 1424 2128 tamquam
1444 2088 1669 2118 valetudinem
1687 2098 1740 2119 re-

1009 2136 1112 2170 ctam,
1129 2133 1274 2170 divitiaS,
1290 2133 1430 2162 honores
1447 2133 1505 2162 ἃς.
1532 2132 1603 2162 Fin.
1622 2132 1667 2162 iii.
1689 2135 1738 2163 10.

1009 2176 1039 2205 6.
1063 2175 1163 2205 Acad.
1181 2177 1202 2206 i.
1223 2181 1271 2207 10.
1296 2177 1366 2206 rin.
1383 2177 1429 2206 iii.
1450 2179 1499 2206 13.

1051 2220 1209 2250 AtEstimo.
1248 2220 1319 2250 Pin.
1350 2221 1396 2249 iii.
1428 2222 1459 2249 3.
1498 2228 1621 2258 magno
1651 2219 1736 2249 oesti-

1008 2264 1142 2293 manda.
1180 2264 1251 2293 Fin.
1284 2264 1325 2293 iv.
1356 2265 1408 2294 93.
1447 2261 1620 2292 nonnihilo
1651 2264 1735 2293 cesti-

1007 2307 1166 2337 mandum
1196 2308 1251 2338 sit.
1289 2308 1481 2337 *oestimare
1511 2306 1734 2336 frumentum.

1007 2350 1072 2380 Pis,
1105 2353 1156 2381 35.
1183 2351 1276 2382 verr.
1308 2351 1329 2380 i.
1361 2353 1414 2381 38.
1445 2351 1504 2380 &c.
1534 2360 1564 2380 v.
1592 2351 1734 2380 ‹estima-

1004 2395 1055 2424 tio.

1047 2437 1162 2468 AElas.
1192 2447 1251 2477 pro
1275 2436 1508 2467 adolescentia.
1540 2437 1604 2467 Off.
1628 2436 1662 2466 ii.
1682 2439 1734 2468 13.

1002 2485 1064 2511 tua
1086 2486 1202 2511 tamen
1230 2485 1308 2511 (Βίας
1334 2481 1453 2510 incidit
1479 2481 1514 2510 in
1538 2481 1572 2510 id
1592 2479 1732 2511 bellum.

1002 2525 1056 2554 Sic
1079 2525 1322 2565 interpretatur
1342 2524 1493 2555 Broukh.
1524 2524 1566 2553 ad
1589 2523 1686 2564 Prop.
1710 2524 1733 2555 i.

1001 2569 1032 2598 6.
1049 2571 1101 2599 91.

1044 2609 1191 2651 Affectio.
1217 2611 1315 2641 Rosc.
1330 2611 1405 2641 Ani.
1420 2614 1472 2642 48.
1497 2610 1584 2650 quod
1600 2608 1732 2650 qffectet

1001 2655 1077 2692 iter,
1095 2655 1232 2692 videbis,
1249 2656 1270 2684 i.
1288 2665 1317 2685 e.
1342 2665 1407 2694 qua
1425 2655 1554 2684 ratione
1570 2654 1621 2683 uti
1638 2653 1732 2686 velit.

1044 2696 1191 2738 Affectio.
1223 2698 1293 2728 Fat.
1325 2701 1356 2729 4.
1391 2704 1556 2728 astrorum
1588 2695 1730 2736 affectio.

1001 2742 1076 2772 Div.
1093 2743 1126 2772 ii.
1140 2745 1193 2775 47.
1222 2741 1295 2771 coeli
1318 2738 1447 2781 qffiectio
1462 2746 1525 2779 est,
1543 2751 1642 2780 quam
1659 2741 1731 2770 vul-

998 2795 1040 2825 go
1052 2785 1342 2815 constellationem
1355 2795 1521 2815 vocamus.
1546 2785 1656 2824 frop.
1678 2787 1729 2815 18.

997 2827 1126 2869 cgff'ectio
1141 2828 1292 2868 quaedam
1311 2828 1353 2858 ad
1369 2838 1419 2858 res
1435 2828 1574 2867 aliquas,
1587 2828 1620 2857 in
1638 2837 1730 2857 com-

997 2873 1153 2913 parandis
1177 2872 1274 2904 rebus
1297 2873 1459 2911 cernitur,
1482 2876 1518 2903 et
1539 2876 1591 2902 est
1612 2871 1730 2912 hujus-

1034 2918 1092 2948 u4
