1920 3196
234 114 318 154 386

240 213 298 243 sed
315 213 416 242 etiam
437 217 627 253 personant.
658 214 770 245 Plane.
795 218 846 247 35.
876 216 977 246 furia-

242 256 280 285 lis
299 256 354 286 illa
371 267 591 287 vox—secum
616 262 650 287 et
672 259 744 288 illos
769 265 803 288 ct
825 261 976 290 consules

240 300 362 335 facere,
375 302 578 338 personabat.

287 343 490 383 perspicere,
511 345 691 384 diligenter
713 346 920 376 considerare
943 351 978 376 ct

242 387 432 416 examinare
443 388 600 426 probandi
612 394 670 418 aut
680 390 886 428 improbandi
901 399 977 419 cau-

241 440 295 466 sa.
313 430 533 469 hesit-litigem,
549 432 704 462 best-lien.
735 432 805 462 Mil.
823 435 875 463 (20.
902 443 977 472 per—

239 475 358 513 spicere
368 474 490 504 villam.
507 475 547 514 Ω,
564 475 613 504 Fr.
624 476 668 505 iii.
688 478 788 507 1.ο,2.
799 479 978 516 perspicere

242 517 342 546 viam.
372 517 411 547 acl
436 519 510 547 Div.
529 520 572 548 ix.
593 522 641 549 15.
672 519 809 549 domum
830 530 905 549 cuni
931 521 978 550 sa-

242 559 306 590 bris
318 562 509 600 perspicere.
541 562 624 591 Phil.
641 563 674 592 ii.
691 566 742 593 33.
773 573 918 602 quaererc
943 569 977 593 et

234 605 416 642 perspicere
443 604 681 635 conditionem.
713 616 915 645 quamquam
942 607 975 637 h.

242 647 263 677 l.
281 648 429 677 Graevius
447 649 611 678 malebat:
636 653 818 689 prospecta.

287 691 530 730 Perstringere,
542 692 659 723 leviter
668 693 889 732 percurrendo
899 703 977 724 con-

241 735 383 773 tingere.
417 735 499 765 Phil.
523 735 557 765 ii.
587 739 634 769 19.
665 737 818 767 celeriter
841 747 976 767 cursum

238 779 470 817 perstringere.
500 779 578 817 Agr.
596 780 630 810 ii.
647 783 699 811 25.
724 785 849 810 terram
867 785 977 811 aratro

236 823 474 862 perstringere.
507 822 615 853 =*hinc
639 824 865 863 metaphorice
892 824 975 855 Sull.

248 866 297 895 16.
334 875 431 895 nemo
470 876 523 896 me
557 867 753 897 tenuissima
789 868 976 907 suspicione

238 910 445 949 perstrinxit.
475 909 571 939 Brut.
587 913 640 944 94.
671 910 864 941 consulatus
882 921 976 942 meus

242 953 348 992 primo
364 963 441 982 eum
456 952 572 983 leviter
581 956 833 993 perstrinxerat,
847 955 867 985 i.
885 965 913 985 e.
928 955 977 984 of-

240 996 406 1032 fenderat,
430 996 657 1035 aemulatione,
683 997 816 1027 invidia.
848 998 976 1028 *Cete-

241 1049 316 1069 rum
333 1039 457 1070 librarii
471 1050 557 1080 saepe
574 1039 737 1071 dederunt
753 1042 977 1081 perstringere

241 1093 301 1123 pro
318 1083 562 1122 praestringere.
585 1094 613 1114 ν.
631 1085 665 1114 in
679 1084 713 1115 h.
732 1095 761 1115 v.

285 1126 501 1157 Persuadere.
523 1126 623 1158 Tusc.
640 1128 688 1158 iii.
700 1130 753 1162 29.
777 1137 843 1168 quo
858 1128 925 1158 viso
942 1132 976 1160 et

234 1178 401 1209 persuaso.

285 1213 486 1244 Pei-terrere.
530 1213 654 1244 Caecin.
688 1217 738 1245 13.
780 1216 979 1254 ,omem-itus

239 1256 280 1291 ab
298 1256 433 1289 aedibus.
455 1259 476 1288 i.
494 1267 522 1288 e.
540 1262 578 1289 ut
591 1257 724 1298 fugeret
740 1258 781 1288 ab
796 1258 934 1289 aedibus.

284 1300 468 1332 Pertinere.
492 1302 696 1332 constructio
707 1302 911 1342 quadruplex
925 1307 976 1333 est

240 1353 295 1384 ap.
322 1345 531 1381 Ciceronem,
563 1355 641 1376 cum
672 1355 813 1387 praepos.
842 1346 895 1384 ad,
926 1347 976 1384 in,

240 1397 312 1427 per,
328 1392 362 1418 et
386 1398 463 1418 cum
481 1388 636 1420 ablativo.
653 1389 747 1420 Orat.
765 1389 800 1420 ii.
815 1391 846 1420 2.
871 1391 976 1429 perti-

238 1435 294 1461 net
317 1431 351 1462 in
376 1431 611 1471 prudentiam3
643 1442 702 1472 pro
732 1442 797 1472 quo
820 1432 975 1464 Pearcius

239 1475 389 1514 reposuit
404 1475 458 1511 ad,
475 1486 515 1506 ex
538 1475 590 1506 ed.
605 1475 724 1507 Venet.
740 1483 774 1506 et
793 1476 974 1507 Mediolan.

239 1522 275 1548 et
290 1519 338 1549 ita
346 1518 517 1557 judicarat
526 1520 599 1559 jam
615 1519 809 1551 Lambinus,
849 1520 909 1551 Est
923 1525 975 1551 ta-

241 1571 319 1592 men
349 1572 425 1592 cum
456 1563 505 1600 in,
535 1572 738 1602 quamquam
769 1564 833 1594 alio
863 1573 974 1595 sensu.

241 1604 320 1636 Nat.
337 1606 380 1637 D.
395 1605 430 1636 ii.
447 1609 499 1637 55.
525 1611 565 1637 ut
580 1616 656 1637 mox
672 1607 867 1638 videbimus.
912 1608 975 1638 Ce-

238 1653 328 1679 teras
342 1649 463 1679 formas
477 1650 543 1680 suis
560 1649 639 1680 locis
654 1651 841 1681 afferemus.
864 1651 884 1669 *
894 1651 974 1682 utile

239 1701 322 1731 esse,
340 1692 459 1723 valere.
489 1694 559 1724 Att.
576 1694 623 1724 iii.
640 1694 670 1725 6.
696 1694 737 1724 ad
755 1695 861 1725 multa
870 1697 974 1735 perti-

238 1737 326 1766 muit.
355 1737 422 1778 Off.
436 1737 469 1766 ii.
490 1740 536 1767 10.
567 1747 640 1776 quae
657 1738 699 1768 ad
714 1737 853 1777 gloriam
870 1741 974 1779 perti-

239 1784 327 1810 nent.
350 1780 468 1820 Quint.
486 1782 538 1815 29.
560 1781 602 1811 ad
619 1791 688 1811 rem
699 1784 865 1822 pertinent
880 1783 975 1812 testi-

240 1824 365 1854 monia.
395 1823 550 1862 *πῆραι-ε,
572 1825 752 1864 attingere.
780 1826 860 1857 Nat.
885 1825 929 1858 D.
952 1827 972 1856 i.

242 1869 292 1897 14.
322 1867 406 1897 ratio
422 1868 590 1908 pertinens
613 1879 672 1908 per
693 1869 844 1899 omnium
862 1879 972 1900 rerum

240 1914 407 1941 naturam.
440 1911 518 1941 ibid.
543 1913 576 1942 ii.
602 1914 653 1943 55.
692 1911 876 1952 implicatio
899 1923 974 1943 ner-

238 1962 356 1984 vorum
375 1957 448 1984 toto
463 1965 597 1995 corpore
615 1957 793 1995 pertinens.
822 1957 866 1988 i’o.
880 1967 973 1988 venae

239 1997 275 2026 in
291 2007 406 2027 omnes
422 1999 567 2038 eorporis
585 2003 692 2039 partes
703 2001 910 2041 pertinentes.
928 2001 971 2032 ib.

238 2043 291 2071 54.
321 2050 425 2080 eaque
449 2042 490 2072 ad
508 2042 681 2081 pulmones
698 2053 800 2082 usque
818 2046 972 2084 pertinet.

238 2083 400 2121 *sentim
417 2085 483 2115 vim
507 2085 627 2116 habere
652 2087 684 2117 in
709 2086 866 2126 aliquem.
897 2089 973 2119 Div.

239 2128 274 2158 ii.
288 2130 341 2158 44.
366 2128 491 2167 aliquid
506 2130 572 2159 vim
589 2130 757 2160 caelestem
775 2131 816 2161 ad
831 2140 899 2169 eos,
917 2132 973 2171 qui

238 2171 274 2201 in
297 2176 388 2201 terra
411 2173 609 2211 gignuntur,
626 2175 803 2213 pertinere.
832 2174 932 2206 Tusc.
951 2176 972 2207 i.

239 2217 292 2245 38.
325 2215 409 2245 nihil
424 2217 586 2256 pertinuit
609 2217 650 2247 ad
674 2227 732 2247 nos
756 2222 834 2249 ante
848 2223 971 2250 ortum.

240 2258 319 2288 ibid.
350 2261 404 2290 45.
448 2259 532 2289 nihil
561 2259 603 2290 ad
640 2264 788 2291 mortuos
819 2264 971 2302 pertinet.

238 2301 339 2332 Arch.
364 2304 412 2333 12.
439 2304 613 2342 pertinebit
635 2304 676 2334 ad
699 2305 845 2343 aliquam
870 2307 972 2337 animi

241 2345 306 2374 mei
323 2349 463 2385 partem.
487 2346 530 2378 cf.
546 2346 627 2378 Lael.
643 2350 674 2378 4.
705 2348 856 2379 *dieitur
870 2351 973 2380 etiam

239 2388 282 2418 ad
298 2389 443 2429 aliquem
461 2392 627 2429 pertinere
646 2392 691 2429 id,
709 2392 803 2431 cujus
827 2393 899 2432 quis
915 2403 973 2423 au-

239 2437 312 2462 ctor
328 2436 388 2463 est.
418 2432 514 2464 Rosc.
531 2434 570 2464 A.
587 2436 639 2465 36.
665 2436 706 2465 ad
730 2446 829 2474 quem
847 2436 974 2467 malefi-

238 2476 328 2506 cium
347 2477 539 2515 pertineret.
562 2477 655 2509 verr.
669 2479 690 2508 i.
719 2482 767 2513 17.
791 2489 832 2510 ne
855 2489 905 2510 res
932 2480 975 2511 ad

240 2518 448 2550 Dolabellam
467 2521 576 2560 ipsum
588 2523 777 2562 pertineret.

283 2562 465 2594 Pertisum.
496 2563 631 2603 quidam
656 2565 811 2596 volebant
834 2565 898 2597 dici
915 2577 974 2607 pro

232 2611 421 2646 pertoesum.
447 2608 504 2638 Or.
520 2610 573 2638 48.

284 2649 502 2689 Perturbare,
527 2652 716 2688 exturbare,
733 2652 863 2691 ejicere.
894 2653 974 2684 Her.

239 2693 282 2724 iv.
306 2697 337 2724 8.
368 2699 407 2724 ut
429 2696 759 2734 eum—praecipitem
777 2697 976 2735 perturbetis

239 2746 280 2766 ex
297 2746 337 2767 ea
351 2738 495 2768 civitate.
525 2737 681 2776 *tollere‚
693 2738 826 2770 violare.
849 2739 914 2770 off.
927 2741 974 2771 iii.

239 2782 292 2814 29.
325 2790 391 2811 nou
413 2781 529 2811 debuit
552 2782 722 2821 pactiones
745 2781 879 2813 bellicas
898 2793 974 2823 per-

238 2825 374 2855 turbare
390 2824 545 2864 perjurio.

286 2867 496 2898 perturbatio
522 2867 606 2898 coeli.
641 2867 718 2899 Div.
746 2868 780 2898 ii.
806 2871 860 2901 45.
898 2880 975 2911 opp.

236 2913 423 2947 serenitati.
453 2911 654 2945 *conversio
669 2912 717 2942 rei
739 2912 917 2944 vehemens
940 2918 975 2944 et

747 124 895 157 INDEX
926 128 1221 159 LATlNlTATIS.

1020 218 1141 247 subita.
1177 217 1266 248 Mur.
1294 221 1342 253 17.
1373 222 1516 257 quantas
1531 218 1756 260 perturbatio·

1019 270 1073 290 nes
1099 261 1197 291 habet
1222 262 1305 291 ratio
1329 263 1551 293 comitiorum.
1583 263 1624 292 cf.
1648 273 1676 292 c.
1697 265 1756 293 41..

1019 304 1184 333 *affectus
1208 305 1470 336 vehementiores
1498 307 1656 336 dicuntur
1674 315 1753 345 per-

1019 349 1226 385 lzcrlmtimnes,
1245 349 1283 377 de
1308 349 1426 387 quibus
1449 360 1488 379 ex
1508 350 1664 380 instituto
1680 349 1755 388 agi-

1019 395 1074 420 tur
1088 391 1280 421 Tusculana
1295 396 1422 430 quarta.

1064 434 1287 473 Peri-aganas.
1312 435 1345 464 in
1364 437 1588 476 comparativo
1600 441 1660 466 est.
1679 435 1751 467 Inv-

1019 478 1053 506 ii.
1075 481 1124 507 14.
1148 480 1371 517 pervagatior.

1064 520 1260 560 Pervellere,
1271 522 1434 559 vellicare,
1447 523 1513 552 min
1519 533 1554 552 us
1566 532 1664 561 quam
1675 531 1754 552 con-

1019 564 1152 602 vellere,
1176 566 1329 595 molestia
1352 566 1493 601 afficere,
1516 566 1615 595 Tusc.
1641 566 1673 595 ii.
1697 567 1751 595 30.

1019 607 1045 637 si
1069 610 1102 636 tc
1126 608 1217 638 dolor
1234 610 1423 649 pervellerit
1447 609 1576 647 aliquis.
1608 609 1686 639 ibid.
1704 609 1753 638 iii.

1023 654 1072 684 17.
1102 651 1235 682 fortuna
1243 655 1420 693 pervellere
1436 657 1468 682 te
1489 653 1599 692 potuit
1616 657 1650 682 et
1668 661 1753 692 pun-

1019 704 1118 733 ζει-ες
1151 705 1217 725 non
1240 697 1350 736 potuit
1372 700 1460 726 certe
1483 697 1566 726 vires
1589 696 1756 735 frangere.

1018 738 1301 778 ²’‘reprchfflldere.
1339 739 1396 770 Or.
1430 741 1451 770 i.
1483 740 1535 769 62.
1575 749 1641 769 non
1670 738 1752 770 mihi

1018 781 1084 811 fuit
1106 782 1280 821 molestus,
1296 783 1383 823 quod
1399 784 1456 823 jus
1480 787 1631 813 nostrum
1655 781 1753 812 civile

1014 827 1173 865 pervellit.
1677 864 1679 867 ι

1064 869 1266 900 Per-vertere.
1292 869 1424 900 Cluent.
1439 872 1492 903 39.
1515 869 1674 909 Quintius
1689 868 1752 899 Ju-

1019 912 1112 942 nium
1136 915 1314 952 pervertit:
1352 914 1385 943 h.
1418 924 1447 943 e.
1479 922 1517 942 eo
1549 912 1689 952 redegit,
1713 917 1753 942 ut

1020 956 1312 994 condemnaretur,
1339 957 1485 996 adeoque
1514 956 1669 986 omnibus
1699 966 1752 986 or-

1019 1000 1186 1029 namentis
1203 1000 1344 1031 fortunae
1359 1001 1554 1040 privaretur.

1062 1043 1252 1074 Pervidere.
1280 1044 1350 1074 Att.
1367 1044 1422 1074 xii.
1439 1047 1491 1074 38.
1516 1046 1668 1083 oportere
1677 1043 1751 1082 jam

993 1112 996 1117 .
1012 1087 1175 1127 perviam·
1190 1088 1293 1117 animi
1308 1088 1550 1118 infirmitatem.
1566 1086 1609 1117 iv.
1629 1089 1679 1116 11.
1704 1087 1752 1116 vi·

1019 1130 1102 1160 debo
1117 1134 1151 1160 te
1167 1134 1201 1161 et
1209 1131 1388 1171 pervidebo.

1062 1173 1282 1212 Pewulgare.
1305 1174 1376 1205 Att.
1393 1175 1448 1204 xii.
1460 1176 1513 1204 45.
1535 1176 1573 1203 tu
1589 1182 1665 1203 vero
1675 1182 1753 1213 per-

1017 1219 1121 1255 vulga
1137 1217 1304 1248 Hirtium:
1329 1219 1350 1248 i.
1368 1228 1396 1248 e.
1412 1217 1532 1247 librum
1549 1216 1631 1255 ejus.

1063 1261 1234 1292 Perustae.
1266 1260 1308 1291 ad
1324 1262 1400 1292 Div.
1416 1261 1485 1291 xiii.
1505 1263 1554 1291 15.
1577 1259 1750 1290 hominem

1011 1309 1183 1344 perustum
1200 1305 1316 1344 gloria,
1332 1304 1448 1334 volunt
1465 1303 1654 1334 incendere.

1061 1348 1138 1385 Pes,
1155 1349 1320 1387 quomodo
1342 1358 1362 1378 a
1384 1357 1522 1378 numero
1546 1347 1689 1377 differat.
1719 1355 1751 1377 v.

1017 1392 1109 1422 Orat.
1127 1393 1180 1423 64.
1202 1395 1236 1422 et
1252 1402 1353 1432 supra
1368 1392 1402 1421 in
1418 1401 1447 1421 v.
1464 1399 1636 1421 numeruS.
1653 1389 1751 1430 *pars

1016 1439 1114 1466 terrae
1140 1436 1271 1475 exigua.
1303 1435 1376 1465 Att.
1402 1435 1457 1464 vii.
1484 1435 1538 1465 22.
1566 1433 1681 1474 pedem
1711 1433 1748 1463 in

1016 1478 1116 1510 Italia
1145 1479 1237 1509 video
1268 1478 1399 1509 nullum
1426 1487 1510 1516 esse,
1535 1477 1592 1517 qui
1619 1486 1686 1507 non
1712 1476 1749 1507 in

1016 1522 1112 1553 istius
1132 1526 1297 1563 potestate
1321 1523 1376 1553 sit.
1403 1521 1470 1552 *in
1494 1521 1631 1551 navibus
1651 1520 1752 1561 pedes*

1015 1571 1095 1597 sunt
1108 1565 1218 1604 funes,
1234 1566 1352 1605 quibus
1376 1565 1547 1596 interiores
1563 1564 1625 1594 veli
1643 1573 1751 1603 angu-

1015 1609 1039 1640 li
1054 1619 1166 1640 versus
1182 1611 1321 1650 puppim
1336 1609 1529 1641 trahuntur.
1560 1608 1618 1639 Or.
1634 1608 1680 1638 iii.
1695 1611 1751 1638 40.

1009 1663 1067 1693 pes
1082 1654 1115 1683 in
1135 1654 1223 1684 navi.
1251 1654 1323 1684 Att.
1338 1653 1402 1684 xvi.
1418 1654 1450 1684 6.
1476 1651 1613 1692 pedibus
1634 1652 1751 1690 aequis.

1015 1697 1071 1727 ubi
1088 1707 1120 1728 v.
1134 1696 1241 1727 Graev.
1257 1696 1300 1727 cf.
1314 1697 1469 1728 Vossium
1492 1695 1534 1726 ad
1554 1694 1678 1726 Catull.
1696 1704 1752 1735 ep.

1014 1743 1046 1772 4.
1062 1751 1139 1781 pag.
1155 1743 1205 1772 12.
1229 1744 1279 1771 est
1296 1740 1362 1771 leni
1379 1745 1489 1770 vento.
1511 1740 1530 1758 ⁵*
1544 1739 1679 1770 Cluent.
1697 1741 1749 1770 13.

1015 1785 1234 1815 constituitur
1255 1789 1334 1814 ante
1351 1785 1448 1824 pedes
1470 1784 1530 1814 διο.
1561 1783 1686 1813 dicitur
1708 1782 1751 1812 de

1015 1838 1067 1865 eo,
1091 1828 1148 1867 qui
1171 1837 1282 1858 coram
1305 1826 1478 1865 tribunali,
1502 1830 1562 1857 aut
1584 1825 1750 1856 subselliis

1009 1871 1163 1909 judicum
1195 1871 1424 1902 constituitur.
1479 1870 1498 1888 ’¹‘
1511 1870 1604 1910 Saepe
1642 1870 1747 1900 etiam

1014 1916 1098 1945 servi
1114 1915 1274 1946 dicuntur
1288 1925 1358 1945 esse
1374 1914 1416 1945 ad
1429 1915 1537 1954 pedes,
1555 1914 1680 1943 circum
1690 1923 1749 1953 pe-

1014 1959 1080 1996 des,
1110 1959 1170 1990 διο.
1199 1959 1292 1989 Verr.
1315 1959 1336 1988 i.
1359 1959 1412 1989 36.
1443 1957 1594 1988 homines
1620 1956 1749 1988 circum

1009 2003 1107 2042 pedes
1130 2002 1284 2033 habebat.
1315 2002 1427 2032 Deiot.
1449 2004 1475 2031 1.
1504 2010 1636 2031 servum
1660 2009 1680 2030 a
1702 1999 1750 2029 le·

1015 2053 1168 2085 gatorum
1188 2046 1322 2085 pedibus
1344 2046 1492 2076 abduxit.
1518 2044 1627 2074 *Sem
1649 2053 1681 2083 p.
1706 2042 1748 2074 R.

1015 2093 1046 2121 4.
1071 2100 1112 2120 ne
1123 2090 1257 2130 pedibus
1269 2090 1343 2119 iret.
1369 2089 1407 2119 de
1424 2087 1631 2119 senatoribus
1647 2086 1750 2127 peda-

1016 2134 1084 2171 riis,
1101 2134 1141 2164 de
1158 2133 1276 2172 quibus
1291 2143 1401 2173 supra.
1426 2132 1467 2162 cf.
1482 2131 1647 2162 discessio.
1670 2130 1751 2171 *pe-2

1015 2178 1105 2208 dibus
1127 2177 1227 2214 trahi,
1250 2182 1302 2207 est
1323 2177 1464 2216 pessime
1488 2179 1588 2214 atque
1612 2175 1752 2213 iniquis-

1014 2221 1098 2252 sime
1120 2221 1267 2251 tractari.
1298 2221 1340 2250 ad
1362 2220 1437 2250 Div.
1454 2219 1508 2249 vii.
1525 2220 1577 2249 32.
1608 2217 1648 2248 de
1658 2217 1751 2257 judi-

1015 2265 1073 2295 ciis
1090 2274 1157 2294 non
1172 2263 1283 2294 1ab0ro
1296 2276 1302 2294 :
1326 2263 1505 2294 trahantur
1519 2272 1578 2302 per
1592 2270 1645 2291 me
1655 2261 1751 2300 pedi·

1016 2309 1073 2338 bus
1087 2317 1202 2338 omnes
1219 2307 1278 2338 rei.
1309 2307 1380 2338 Att.
1397 2309 1439 2337 iv.
1458 2307 1507 2337 16.
1537 2315 1596 2345 per
1615 2314 1668 2334 me
1684 2305 1750 2336 ista

1010 2352 1144 2391 pedibus
1163 2351 1350 2381 trahantur.
1377 2361 1408 2381 v.
1423 2351 1547 2381 Victor.
1562 2349 1639 2379 Var.
1654 2347 1753 2379 Leet.

1015 2396 1080 2425 xxi.
1093 2396 1144 2426 24.
1168 2395 1223 2434 qui
1241 2405 1279 2424 ex
1297 2394 1443 2424 Homero
1458 2394 1519 2423 hoc
1535 2391 1748 2432 proverbium

1016 2440 1150 2478 repetit.
1179 2438 1319 2468 *vatim
1337 2440 1366 2468 5.
1392 2438 1526 2478 pedibus
1547 2437 1612 2466 iter
1626 2435 1749 2469 facere,

1017 2485 1066 2511 est
1103 2486 1194 2511 terra
1228 2482 1391 2521 proficisci
1426 2485 1460 2511 et
1495 2479 1677 2520 opponitur
1707 2479 1751 2518 τᾷ

1016 2526 1183 2564 navigare.
1214 2524 1315 2555 *Ata
1334 2525 1367 2555 ii.
1388 2528 1415 2555 1.
1446 2524 1514 2555 noli
1534 2524 1574 2553 de
1590 2532 1657 2552 uno
1666 2522 1749 2562 pede

1016 2570 1134 2599 sororis
1157 2569 1270 2608 queri:
1297 2568 1375 2598 licet
1398 2568 1501 2598 etiam
1518 2567 1660 2597 alterum
1684 2565 1750 2595 tol-

1017 2612 1074 2642 las.
1120 2611 1160 2642 In
1185 2621 1249 2650 quo
1276 2616 1327 2642 est
1351 2611 1468 2641 allusio
1498 2610 1539 2640 ad
1567 2608 1746 2639 formulam

1010 2656 1128 2695 pedem
1156 2660 1349 2694 utrumque,
1369 2654 1464 2693 pedes
1487 2653 1626 2690 tollere;
1658 2651 1750 2691 quod

1017 2699 1169 2728 obscoene
1199 2698 1332 2728 dicitur.
1363 2709 1393 2728 v.
1424 2697 1558 2728 Manut.
1587 2696 1629 2726 ad
1660 2694 1693 2725 h.
1725 2694 1748 2726 1.

1016 2742 1170 2773 Lambin.
1194 2741 1236 2771 ad
1259 2742 1368 2772 Plaut.
1394 2741 1467 2771 Cas.
1491 2741 1525 2771 ii.
1542 2743 1572 2771 8.
1595 2741 1648 2770 24.
1677 2737 1752 2769 *ad

1017 2785 1094 2816 Div.
1109 2785 1164 2815 vii.
1186 2787 1240 2816 31.
1269 2794 1319 2815 res
1342 2786 1391 2815 ita
1413 2787 1607 2821 contractae,
1629 2785 1669 2813 ut
1692 2791 1753 2811 ne-

1018 2838 1082 2868 que
1098 2833 1199 2868 caput
1215 2838 1321 2868 neque
1333 2829 1439 2868 pedes.
1467 2829 1529 2858 int.
1544 2829 1727 2867 appareant
1741 2837 1750 2856 τ

1019 2881 1037 2902 e
1055 2871 1187 2910 Plauto,
1203 2873 1260 2910 qui
1275 2871 1450 2911 aliquoties
1465 2871 1563 2911 plene
1579 2869 1673 2900 dixit.

1063 2914 1268 2946 Pestilentia.
1294 2914 1374 2955 Agr.
1389 2915 1425 2946 ii.
1442 2916 1496 2949 27.
1523 2915 1561 2945 in
1578 2912 1750 2954 Salapina—
