1985 3206
715 61 862 96 INDEX
892 59 1011 87 GEOG
1017 58 1139 86 RAPH
1146 59 1262 88 Icus.

286 150 552 194 Dyrrhachium,
577 152 715 183 celebris
738 152 817 182 urbs
842 152 876 181 in
907 150 986 190 Illy-

242 198 324 234 rico,
337 197 379 228 ad
395 207 499 235 mare,
515 196 603 227 unde
622 198 656 227 in
672 195 807 227 Italiam
822 196 985 236 traiectus

242 245 326 272 erat.

601 353 640 385 E.

288 453 478 491 Ecbatana,
493 452 531 483 L.
549 452 666 483 Manil.
678 455 709 483 4.
737 452 855 482 Mediae
871 456 985 492 caput,

245 498 333 536 quod
359 497 519 536 Tigranes
552 497 621 526 Rex
645 497 811 526 Armeniae
837 497 985 526 tenebat.

243 541 393 572 Armenii
418 541 507 570 enim
533 540 640 569 Medis
658 539 785 578 aliquot
802 540 985 578 provincias

244 585 449 625 eripuerant,
467 588 566 623 atque
591 594 666 613 cum
691 583 741 613 his
759 583 860 612 etiam
881 583 985 613 Ecba-

242 633 336 666 tana,
354 629 457 658 totius
482 627 601 657 Meediae
626 631 737 667 caput.
761 637 790 656 v,
814 627 919 656 Graev.
945 627 987 656 ad

243 671 277 702 h.
295 672 316 702 l.
335 671 444 701 multa
458 671 498 701 de
524 671 584 700 hac
602 671 682 700 urbe
699 670 789 700 lectu
806 670 907 709 digna
929 670 985 700 ha-

244 715 302 745 bet
324 714 480 745 Bochart.
512 715 630 753 Geogr.
653 714 684 744 S.
712 725 743 754 p.
769 714 789 744 i.
817 714 837 744 l.
861 715 907 744 iii.
938 717 985 744 14.

243 760 300 789 ubi
333 760 421 788 inter
447 758 512 788 alia
534 758 643 795 docet,
671 768 793 787 nomen
821 758 940 788 habere
967 768 987 787 a

244 802 528 832 diversicoloribus
567 802 676 842 pinnis
707 806 836 842 septem
875 812 986 832 muro-

243 856 332 883 rum,
350 847 468 884 quibus
485 847 596 875 cincta
612 846 686 876 fuit.

289 890 424 926 Edissa,
443 891 477 919 in
501 890 593 919 Verr.
617 889 672 919 lib.
696 900 726 919 v.
742 891 793 919 34.
809 889 887 919 urbs
905 890 986 919 Sici-

243 932 296 964 liae
311 944 387 963 cum
405 938 517 973 portu,
531 934 622 973 cnjus
641 943 738 962 ncmo
754 938 877 972 praeter
893 934 986 963 Cice-

244 987 361 1008 ronem
374 978 578 1007 mentionem
589 977 678 1006 fecit.
692 977 755 1005 Sed
765 977 935 1006 Cluverius
946 987 985 1007 ex

245 1023 439 1060 conjectura
450 1021 544 1060 legit,
557 1020 704 1050 Graevius
720 1024 832 1050 autem
846 1031 862 1049 e
882 1021 984 1051 Codd.

246 1064 340 1094 MSS.
359 1065 472 1094 Franc.
489 1069 524 1093 et
549 1064 630 1103 Reg.
648 1064 798 1093 restituit
825 1063 985 1103 Odysseoe,

245 1118 318 1146 quae
343 1108 418 1137 urbs
443 1108 507 1137 fuit
530 1107 571 1137 ad
594 1108 859 1147 promontorium
881 1108 986 1148 Odys-

244 1161 338 1181 seum
357 1156 429 1191 post
447 1151 638 1190 Pachynum
662 1151 696 1180 in
714 1151 849 1181 australi
870 1151 984 1182 latere.

243 1194 308 1224 Sed
324 1194 510 1224 Bochai-tus
528 1195 646 1233 Geogr.
661 1196 693 1224 S.
710 1205 741 1234 p.
758 1195 791 1224 ii.
810 1194 830 1225 l.
849 1196 869 1226 i.
887 1206 914 1225 c.
933 1197 984 1229 ⁴29.

242 1238 404 1275 ostendit,
422 1238 579 1268 Edissam
597 1248 665 1268 esse
682 1239 876 1268 Phoenicum
899 1239 985 1268 colo-

243 1283 348 1319 niam,
366 1282 463 1321 idque
489 1292 610 1312 nomen
632 1292 651 1311 a
674 1282 796 1312 Graecis
814 1287 983 1313 mutatum

244 1326 278 1355 in
311 1325 499 1363 Odusseam,
530 1336 597 1355 non
625 1326 891 1365 intelligentibus
918 1328 984 1357 vim

244 1370 401 1405 nominis,
417 1369 505 1408 quod
521 1369 631 1399 locum
646 1371 762 1409 myrtis
773 1370 983 1409 frequentem

245 1413 425 1451 significat,
465 1420 500 1443 et
537 1415 747 1453 putantibus,
788 1414 828 1443 ab
869 1414 984 1454 Ulysse

244 1457 382 1493 dictam,
404 1457 459 1495 qui
476 1467 577 1497 prope
594 1468 667 1487 eam
685 1456 832 1487 Hecubae
850 1465 984 1488 cenota-

244 1500 362 1541 phium
377 1501 492 1531 erexit.

287 1544 393 1581 Edai,
411 1554 440 1574 v.
455 1544 578 1575 AEclm'.

287 1587 438 1626 Eggynct
462 1598 507 1618 sc.
532 1588 661 1625 civitas,
685 1589 719 1618 in
743 1588 836 1619 Verr.
860 1589 906 1619 iii.
930 1592 983 1620 43.

244 1630 329 1661 male
347 1642 404 1671 pro
417 1632 581 1671 Engyna,
594 1632 683 1671 quod
698 1632 782 1663 vide.
799 1632 841 1663 cf.
853 1633 984 1664 elaver.

243 1674 308 1705 Sic.
325 1675 438 1714 Amiq.
455 1676 488 1705 ii.
507 1679 553 1705 11.

287 1718 432 1756 Eleusis,
449 1730 474 1749 s.
499 1719 652 1757 Eleusin,
670 1720 710 1750 de
733 1719 813 1750 Nat.
837 1720 937 1751 Deor.
962 1721 983 1751 i.

241 1764 295 1792 42.
312 1763 352 1792 ad
372 1763 440 1793 Att.
458 1763 498 1792 vi.
520 1766 544 1792 l.
562 1764 720 1803 oppidum
734 1764 855 1794 Atticae
870 1764 983 1803 Mega-

242 1815 313 1835 ram
337 1817 462 1844 versus,
479 1806 521 1837 ad
535 1807 687 1837 dextram
706 1808 813 1847 ripam
836 1808 983 1848 Cephisi,

242 1849 496 1880 celebeminmm
523 1852 625 1880 initiis
655 1862 679 1881 s.
707 1853 879 1890 mysteriis.
903 1852 983 1882 Nat.

242 1892 284 1922 D.
308 1894 329 1923 i.
352 1896 405 1924 422.
451 1894 542 1924 Libri
567 1895 702 1933 quidam
722 1895 837 1935 scripti
858 1900 892 1925 et
909 1896 982 1926 edd.

241 1936 366 1967 habent
404 1938 615 1975 Eleusinum,
650 1944 688 1968 ut
725 1939 798 1969 aliis
830 1944 982 1969 veterum

241 1981 444 2020 scriptorum
475 1981 576 2012 lot-is:
609 1983 668 2011 sed
693 1993 767 2012 eam
794 1983 984 2013 terminati-

241 2033 339 2053 onem
355 2025 522 2055 Ciceronis
537 2036 606 2055 aevo
615 2026 687 2064 jam
707 2027 865 2056 usitatam
882 2027 983 2057 fuisse

243 2068 363 2098 merito
387 2069 519 2099 dubitat
542 2069 715 2101 Drakenb.
739 2070 780 2100 ad
803 2070 874 2100 Liv.
894 2071 983 2101 xxxi.

243 2113 296 2142 25.

287 2154 574 2186 Eleutlaerociliees
600 2156 642 2186 ad
667 2156 771 2187 Attio.
798 2168 827 2188 v.
859 2159 911 2189 90.
942 2158 984 2188 ad

242 2197 319 2229 Div.
336 2209 386 2229 Χν.
402 2202 434 2229 4.
452 2200 564 2238 populi
588 2200 713 2231 Cilic-ize
735 2201 842 2238 liberi,
860 2202 983 2232 Graecis

242 2242 346 2272 etiam
376 2242 554 2285 ἐλευθερίη-αι
584 2243 678 2282 dicti,
702 2244 741 2274 de
768 2245 887 2283 quibus
918 2246 983 2276 vid.

243 2285 366 2326 Spanh.
382 2287 417 2316 in
433 2288 520 2316 Orbe
537 2287 633 2318 Rom.
653 2298 760 2318 exerc.
785 2289 819 2319 ii.
836 2300 865 2319 c.
886 2292 934 2319 ll.
950 2300 984 2329 p.

242 2338 288 2359 m.
313 2331 386 2360 231.
403 2340 450 2369 sq.
467 2330 506 2359 de
525 2330 593 2360 Usu
610 2336 645 2360 et
660 2331 712 2362 Pr.
728 2331 832 2363 Num.
852 2343 884 2373 p.
909 2336 983 2367 785.

243 2373 300 2402 ubi
317 2373 357 2403 de
373 2378 446 2404 toto
465 2374 527 2404 hoc
543 2384 663 2413 genere
681 2375 881 2416 populorum
898 2376 984 2417 Imp.

242 2416 339 2447 Rom.
355 2417 535 2447 liberorum
552 2419 633 2456 agit.

288 2461 376 2497 Elis,
394 2461 435 2490 ad
459 2461 534 2491 Div.
559 2462 625 2492 xiii.
650 2463 702 2493 26.
722 2463 800 2493 urbs
823 2463 984 2502 Pelopon-

202 2535 205 2538 Α
243 2505 326 2541 nesi,
349 2514 370 2534 a
392 2515 458 2542 qua
479 2509 513 2534 et
537 2505 609 2544 ipsa
631 2507 722 2545 regio
748 2507 825 2537 Elis
848 2507 984 2545 dicitur,

244 2547 332 2577 unde
348 2548 433 2584 Elii,
452 2548 491 2578 de
510 2549 584 2579 Div.
601 2549 635 2579 ii.
657 2552 704 2580 12.

288 2591 433 2628 Elorim',
451 2592 484 2621 in
501 2592 594 2622 Verr.
611 2593 666 2623 lib.
684 2593 730 2623 iii.
746 2596 800 2624 43.
812 2594 852 2623 ab
864 2594 986 2634 oppido

244 2634 347 2664 Eloro
380 2634 514 2674 Siciliae,
545 2637 647 2675 juxta
685 2636 825 2667 fluvium
863 2648 986 2676 cogno-

244 2687 382 2708 minem.

286 2722 481 2759 Emathius,
498 2723 538 2752 de
554 2722 635 2761 Lag.
652 2724 686 2754 ii.
704 2726 734 2754 3.
758 2724 798 2754 ab
815 2724 985 2763 Emathia,

243 2775 317 2804 quae
334 2766 533 2797 Macedonia
547 2771 598 2797 est
614 2768 753 2806 antiquo
769 2769 914 2798 nomine.

286 2809 440 2848 Engyni,
459 2810 492 2839 in
514 2809 606 2840 Verr.
628 2811 675 2840 iii.
692 2813 744 2841 43.
768 2812 808 2841 iv.
832 2814 884 2842 44.
902 2813 939 2842 it.
956 2822 986 2844 V.

242 2853 294 2886 72.
311 2853 428 2885 incolae
444 2854 558 2894 oppidi
575 2855 691 2894 L'ugyi
704 2855 740 2885 in
757 2855 870 2885 Sicilia
883 2856 988 2890 medi-

1717 49 1775 88 43

1030 151 1196 180 terranea.
1242 148 1378 180 Dicitur
1410 152 1446 180 et
1476 148 1636 179 scribitur
1670 148 1774 181 etiam

1030 192 1209 230 Eugenium
1226 199 1261 223 et
1277 193 1444 231 Enguini.

1073 236 1191 273 Enna,
1223 237 1257 266 in
1296 236 1443 267 Verrinis
1476 245 1577 275 saepe,
1612 236 1773 276 oppidum

1029 279 1150 309 Siciliae
1175 279 1442 314 celeberrimum,
1471 289 1571 319 prope
1601 280 1689 318 quod
1717 290 1774 310 ne-

1030 332 1103 353 mus
1120 328 1185 359 est,
1202 334 1242 352 ex
1266 334 1331 362 quo
1355 329 1452 362 rapta
1474 323 1671 362 Proserpina
1692 323 1775 353 dici-

1028 370 1095 395 tnr.
1118 366 1183 396 vid.
1209 367 1255 396 iii.
1279 370 1331 397 43.
1377 366 1472 396 Ovid.
1493 367 1632 396 Metam.
1651 377 1680 397 ν.
1698 370 1773 398 385.

1028 409 1117 439 unde
1136 410 1234 439 Ceres
1258 410 1301 439 ihi
1327 411 1496 450 praecipua
1519 410 1677 447 relig-ione
1693 410 1774 440 coli-

1028 457 1095 483 tur.
1113 463 1141 483 v.
1158 453 1250 483 Verr.
1269 454 1314 483 iii.
1336 456 1388 487 49.
1410 464 1483 492 qua!
1507 460 1682 493 propterea
1698 455 1774 485 En-

1028 498 1135 526 mvtsis
1167 497 1259 527 (feres
1287 497 1420 527 dicitur.
1456 497 1535 535 Eius
1565 498 1692 528 mentio
1718 508 1773 538 ap.

1030 539 1275 570 Callimachum
1322 541 1355 570 in
1396 540 1564 576 Cererem,
1603 541 1645 571 ad
1686 552 1717 581 q.
1749 542 1773 573 l.

1029 583 1207 622 Spanhem.
1246 594 1322 613 cnm
1361 583 1400 613 de
1432 584 1597 614 scribendi
1629 585 1772 621 ratione,

1030 637 1111 656 num
1140 627 1363 667 adspiratione
1390 628 1602 658 scribendum
1628 628 1684 664 sit,
1709 639 1772 659 nee

1030 680 1083 707 nc,
1109 678 1184 701 tum
1209 671 1248 700 de
1277 672 1347 710 ipsa
1375 671 1453 700 urbe
1481 671 1596 701 multis
1625 672 1771 703 disserit.

1029 714 1115 744 conf.
1146 714 1261 745 Heius.
1289 720 1324 743 ct
1347 714 1464 744 Burin.
1491 715 1533 744 ad
1560 715 1654 745 Ovid.
1688 715 1709 745 l.
1739 726 1769 747 c.

1028 758 1077 787 Ab
1096 758 1192 787 Enna
1207 758 1367 788 dicuntur
1386 759 1557 789 Emzenses
1573 759 1608 789 in
1624 758 1772 790 verrinis

1029 806 1063 831 et
1084 802 1250 832 Emensis
1265 812 1358 840 ager.

1067 845 1250 885 stutelmn',
1269 847 1302 875 in
1325 845 1417 875 Verr.
1435 845 1490 876 lib.
1509 846 1554 876 iii.
1576 848 1628 876 43.
1652 846 1771 877 incolae

1028 889 1141 928 oppidi
1159 890 1302 919 Enfelloe
1319 889 1353 919 in
1370 889 1482 919 Sicilia
1497 889 1539 919 ad
1557 890 1766 920 Crimissum.

1072 932 1245 971 Epictetus
1267 933 1307 963 ad
1329 932 1404 963 Div.
1428 934 1474 963 iii.
1498 943 1548 973 ep.
1576 936 1624 964 10.
1648 934 1773 964 dicitur

1029 976 1171 1015 Phrygia
1203 977 1281 1006 min.
1329 976 1393 1006 Sed
1424 977 1556 1007 Manut.
1587 982 1621 1006 et
1652 977 1772 1008 Lamb.

1028 1019 1111 1050 illud
1131 1021 1266 1050 verbum
1290 1030 1365 1049 cum
1390 1020 1518 1050 duobus
1541 1022 1770 1051 antecedenti-

1028 1064 1088 1094 bus
1105 1063 1253 1093 deletum
1271 1063 1397 1093 volunt.

1071 1107 1283 1146 Epidaurus,
1301 1108 1380 1137 urbs
1396 1107 1572 1146 Argolidis.

1071 1151 1283 1190 Epiplmnea,
1300 1151 1342 1181 ad
1369 1151 1444 1181 Div.
1471 1162 1522 1182 xv,
1549 1154 1581 1182 4.
1608 1151 1769 1191 oppidum

1029 1194 1153 1225 Ciliciae
1178 1195 1219 1224 ad
1236 1196 1404 1225 Amanum
1421 1201 1583 1232 montem,
1601 1196 1768 1226 diversum

1028 1239 1067 1268 ab
1091 1249 1142 1275 eo,
1160 1239 1247 1277 quod
1267 1240 1355 1268 inter
1378 1239 1578 1269 Arethusam
1602 1245 1637 1269 et
1659 1239 1771 1270 Laris-

1027 1292 1097 1312 sam
1116 1283 1216 1322 Syrite
1232 1283 1308 1312 fuit.
1325 1283 1410 1312 Plin.
1427 1292 1456 1312 v,
1474 1284 1526 1313 23.

1071 1326 1212 1365 Epirus,
1257 1327 1347 1365 regio
1393 1326 1542 1363 Graeciae,
1587 1326 1629 1356 ad
1678 1337 1770 1357 mare

1027 1369 1170 1399 Ionium.
1187 1370 1275 1400 unde
1292 1371 1494 1409 Lpirntieus‚
1508 1370 1550 1399 ad
1565 1370 1668 1400 Attio.
1685 1371 1705 1401 i.
1724 1374 1754 1401 Ξ).

1071 1413 1249 1453 Eporedia,
1284 1414 1325 1443 ad
1360 1415 1434 1444 Div.
1470 1414 1513 1443 xi.
1547 1416 1600 1444 20.
1639 1414 1770 1444 colonia

1027 1456 1253 1487 Romanorum
1271 1459 1303 1487 in
1319 1457 1558 1497 Transpadana
1581 1457 1700 1495 Gallia,
1721 1458 1769 1488 Si-

1025 1501 1158 1540 hymnis
1174 1501 1265 1530 libris
1288 1512 1308 1530 a
1329 1512 1404 1541 pop.
1429 1501 1524 1531 Rom.
1548 1502 1644 1531 condi
1660 1502 1769 1540 jussa,

1026 1545 1060 1574 in
1076 1545 1226 1574 faucibus
1247 1544 1452 1575 Salassorum
1472 1545 1564 1575 vallis
1584 1546 1672 1575 inter
1688 1545 1768 1575 Ver-

1026 1588 1124 1618 cellas
1141 1593 1175 1618 et
1194 1589 1382 1619 Vitricium.
1405 1589 1444 1618 de
1460 1589 1588 1619 diversa
1603 1589 1771 1620 scribendi

1027 1633 1154 1662 ratione
1178 1643 1207 1663 ν.
1226 1632 1319 1663 Viros
1341 1633 1455 1663 doctos
1473 1632 1515 1662 ad
1540 1632 1663 1663 Anton.
1688 1632 1769 1663 ltin.

1027 1686 1058 1716 p.
1080 1679 1154 1707 345.

1069 1720 1234 1759 Ephesus,
1252 1720 1457 1750 nobilissima
1479 1718 1581 1750 Ioniae
1606 1724 1641 1750 et
1663 1720 1769 1750 totius

1026 1763 1111 1794 Asiae
1129 1764 1218 1801 urbs,
1233 1764 1350 1794 Dianae
1363 1763 1488 1804 templo
1504 1765 1540 1794 in
1552 1764 1670 1804 primis
1683 1763 1770 1794 cele-

1029 1807 1134 1837 brata.

1071 1850 1325 1890 Eqmtstutiens,
1343 1851 1385 1881 ad
1408 1851 1478 1881 Att.
1500 1851 1542 1880 vi.
1566 1854 1594 1881 l.
1615 1851 1693 1881 urbs
1713 1861 1770 1881 ex-

1026 1895 1105 1933 igua
1125 1894 1253 1934 Apulia?
1272 1895 1305 1924 in
1325 1895 1407 1924 colle
1427 1896 1503 1931 sita,
1521 1895 1644 1924 dicitur
1665 1895 1769 1926 etiam

1025 1938 1182 1977 AErszcum
1212 1939 1379 1974 Tuticum,
1400 1939 1481 1968 item
1510 1938 1664 1968 Tuticum
1690 1939 1772 1968 sim-

1027 1982 1167 2021 pliciter.
1185 1993 1214 2012 v.
1230 1982 1427 2022 lVesseling.
1441 1982 1483 2012 ad
1498 1981 1578 2012 ltin.
1594 1982 1719 2012 Anton.
1736 1993 1769 2022 p.

1032 2029 1101 2056 105.
1207 2021 1212 2025 ”
1297 2027 1300 2030 ’

1070 2069 1206 2106 Erana,
1223 2069 1265 2100 ad
1288 2070 1364 2100 Div.
1388 2078 1440 2099 xv.
1462 2071 1494 2099 4.
1526 2069 1617 2098 vicus
1643 2068 1792 2099 Cilieiae·

1027 2112 1061 2141 in
1079 2113 1219 2143 Amano.

1070 2157 1238 2194 Eretria-5,
1262 2157 1364 2187 Acad.
1385 2157 1450 2196 Qu.
1473 2156 1515 2186 iv.
1539 2157 1593 2187 4⁶2.
1616 2156 1657 2186 ab
1681 2155 1773 2187 Ere·

1026 2201 1106 2235 tria,
1125 2201 1205 2230 urbe
1223 2201 1369 2231 Euboeae.

1070 2244 1259 2282 Eretricus,
1274 2244 1373 2274 Tusc.
1389 2244 1457 2284 Qu.
1474 2253 1504 2273 v.
1522 2246 1574 2274 38.
1591 2243 1632 2273 ab
1651 2242 1772 2274 eadem

1026 2287 1119 2317 urbe.

1072 2331 1206 2369 Eryczes
1225 2341 1333 2368 mons,
1354 2332 1388 2361 in
1408 2330 1502 2361 Verr.
1522 2330 1580 2361 lib.
1603 2330 1637 2360 ii.
1662 2333 1692 2361 8.
1715 2333 1772 2364 47.

1027 2374 1263 2405 celeberrimus
1277 2376 1412 2405 l'cnerz‘s
1427 2375 1586 2414 Erycinoe
1598 2373 1772 2413 religione,

1027 2428 1102 2457 quae
1117 2428 1204 2458 saepe
1222 2419 1255 2449 in
1271 2419 1419 2448 Verrinis
1432 2422 1649 2448 memoratur.
1674 2417 1777 2447 Cete-

1028 2472 1102 2491 rum
1125 2462 1179 2492 hic
1204 2472 1298 2493 mons
1315 2463 1416 2502 Eryx·
1439 2463 1550 2502 potius
1574 2461 1773 2491 nominatur

1027 2511 1063 2535 et
1086 2506 1257 2545 Erycina-s·
1280 2516 1380 2545 quam
1405 2506 1562 2545 Erycus:
1588 2504 1677 2535 unde
1701 2504 1772 2535 Viri

1028 2549 1118 2579 docti
1143 2555 1322 2589 reponunt,
1340 2555 1476 2579 auctore
1496 2549 1600 2578 etiam
1616 2548 1773 2585 Asconio,

1030 2593 1233 2631 Erycinum,
1258 2593 1346 2632 quod
1372 2603 1487 2623 verum
1518 2596 1581 2629 est,
1606 2591 1658 2621 vel
1680 2592 1774 2631 Ery-

1027 2639 1126 2666 eium.
1173 2636 1211 2666 In
1229 2637 1301 2666 aliis
1317 2641 1433 2666 tamen
1449 2637 1554 2666 etiam
1565 2635 1658 2665 libris
1670 2635 1777 2666 inter·-

1029 2681 1107 2710 dum
1122 2680 1192 2710 haee
1205 2680 1313 2710 forma
1324 2681 1504 2711 invenitur.
1527 2678 1708 2716 Salmasius
1721 2689 1776 2719 ap.

1029 2724 1114 2754 Flor.
1139 2725 1173 2754 ii.
1202 2725 1232 2754 2.
1261 2724 1296 2754 in
1322 2724 1513 2754 Nazariano
1540 2722 1620 2753 eod.
1647 2723 1778 2753 invenit

1029 2768 1065 2798 E
1067 2778 1141 2807 ryco
1154 2777 1213 2807 pro
1226 2767 1466 2806 Eryee,‚idque
1482 2765 1699 2796 retinendum
1714 2776 1779 2806 pu-

1028 2816 1092 2841 tat.
1117 2811 1204 2841 Item
1216 2810 1365 2841 Graevius
1377 2812 1412 2841 in
1424 2810 1610 2850 Ryckiano.
1629 2809 1781 2849 Begerus.

1033 2855 1082 2887 ita
1111 2856 1215 2886 etiam
1246 2855 1362 2892 edidit.
1407 2854 1473 2890 Sed
1510 2854 1670 2894 rejiciunt
1702 2863 1776 2885 eam
