1920 3196
236 58 321 97 484

242 156 296 188 65.
327 157 522 187 universitas
545 157 676 196 generis
700 157 853 197 humani,
872 161 983 190 totum

243 209 350 240 genus
367 199 567 231 humanum.

295 243 479 274 Universns.
509 246 604 276 Orat.
629 244 675 275 iii.
700 247 753 279 27.
783 244 861 283 loci,
885 247 986 285 qui—

246 288 326 326 quia
336 287 376 317 de
390 297 424 318 re
438 288 588 318 universa
606 289 742 318 tractari
757 288 880 326 solent,
896 299 987 320 com·

246 340 364 361 munes
389 332 552 362 nominati
578 338 675 362 sunt:
703 331 734 362 h.
751 342 780 362 e.
796 333 835 362 de
853 342 987 372 genere.

246 373 467 405 *communis
486 376 654 406 omnibus.
676 376 740 406 Off.
758 376 778 406 i.
795 379 848 407 31.
873 377 919 406 sic
935 381 987 407 est

244 417 450 456 faciendum,
474 426 512 449 nt
536 425 655 449 contra
677 420 864 450 universam.
888 425 985 450 natu·

246 471 319 492 ram
336 462 420 493 nihil
433 463 694 493 contendamus:
720 473 760 493 ea
774 468 889 494 tamen
907 473 987 494 con-

246 512 390 544 servata,
414 507 581 547 propriam
609 514 764 537 naturam
794 517 986 546 sequamur.

246 560 275 580 c.
291 553 344 580 30.
368 560 581 580 communem
601 550 741 581 dixerat.

298 592 405 631 Unus,
439 593 611 632 eleganter
655 604 731 623 cum
773 594 988 634 superlative.

245 634 343 667 Brut.
369 638 399 667 6.
432 647 500 668 rem
529 647 628 668 unam
655 647 725 667 csse
749 639 899 669 omnium
925 638 987 668 dif-

246 679 444 711 ficillimam.
462 681 532 711 sine
549 682 701 711 omnium
733 681 846 712 Plane.
863 685 916 712 41.
947 681 988 712 ad

247 724 378 754 Divers.
407 726 475 755 xiii.
498 728 551 756 43.
582 724 839 755 familiarissime
866 736 928 756 uno
954 736 987 755 e-

246 768 341 806 quite
364 768 517 799 Romano
541 772 628 799 utor.
658 768 922 799 *Germanismo
945 770 988 799 si-

248 810 345 842 miles
367 818 447 842 sunt
471 812 522 843 hae
540 813 695 842 rationes.
728 813 824 843 Rose.
843 813 937 843 Com.
955 817 986 844 5.

247 859 287 884 ut
304 855 456 896 judicem
480 866 581 886 unum
611 857 716 886 vereri
741 856 911 887 debemus.
944 857 986 887 ad

247 899 324 929 Div.
353 900 407 930 vii.
444 903 492 934 19.
530 900 702 930 doctorem
733 907 848 930 tamen
881 910 987 930 unum

248 952 346 982 quem
361 943 562 974 desiderant.
584 944 677 974 Orat.
689 944 710 973 i.
724 946 776 979 529.
799 945 887 974 sicut
902 954 988 976 unus

246 987 496 1025 paterfamilias.
518 987 537 1005 ²*
549 987 686 1028 pluralis
696 988 866 1027 jungitur,
879 998 919 1017 ex
932 998 986 1018 ca-

247 1039 334 1060 none
358 1032 591 1071 grammatico,
608 1032 825 1062 substantivis
849 1031 987 1071 pluralis

247 1076 377 1105 numeri
390 1071 537 1112 tantuin,
551 1079 588 1105 ut
600 1076 670 1105 Att.
688 1086 716 1104 v.
730 1081 761 1110 9.
780 1085 854 1105 wize
869 1076 986 1106 literae.

245 1118 384 1148 sednon
400 1125 450 1149 est
466 1126 679 1159 perpetuum.
707 1119 813 1149 Flacc.
831 1121 883 1154 29.
911 1121 987 1150 ‘unis

247 1162 454 1195 vestimentis
473 1163 584 1193 lautus
600 1173 646 1193 cs.

290 1205 427 1243 Vacuus,
444 1207 499 1246 qui
525 1217 637 1236 vocem
655 1206 696 1237 ad
711 1206 890 1237 dicendum
908 1218 985 1238 con-

245 1249 335 1280 tulit.
368 1251 462 1284 Brut.
488 1252 541 1284 69.
572 1250 638 1281 hue
668 1251 784 1287 etiam,
815 1261 854 1281 ne
884 1262 984 1290 quem

243 1295 383 1325 vocalem
399 1296 598 1334 praeteriisse
617 1294 800 1331 videamur,
815 1295 850 1325 C.
865 1295 986 1326 Cosco-

245 1338 352 1368 nium.

289 1380 421 1419 lbeare,
441 1382 581 1412 invitare
600 1382 639 1413 ad
656 1382 855 1413 convivium.
888 1383 985 1414 Rosc.

243 1425 355 1456 Amer.
376 1429 423 1458 18.
449 1425 587 1456 domum
598 1437 693 1456 suam
712 1427 813 1456 istum
831 1436 898 1457 non
916 1427 984 1457 sere

244 1470 418 1508 quisquam
431 1471 571 1500 vocabat.
590 1470 844 1501 cf.rx1uren.34.
864 1470 985 1501 *δε-Χῖ.

244 1517 276 1548 9.
305 1513 347 1543 ad
378 1514 608 1553 integritatem
641 1515 804 1553 majorum
837 1524 894 1554 spe
925 1525 987 1545 sua

244 1556 416 1588 hominem
430 1558 596 1588 vocabam.
610 1557 642 1588 h.
658 1568 686 1588 e.
703 1558 894 1598 sperabant,
907 1568 986 1589 eum

244 1603 414 1640 integrum
435 1601 514 1632 fore.

288 1644 436 1676 Vocatus.
465 1646 558 1676 Orat.
580 1645 626 1675 iii.
648 1648 673 1675 1.
704 1646 846 1676 Senatus
870 1651 985 1678 vocatu

244 1688 346 1720 Drusi
363 1689 397 1719 in
413 1690 544 1720 curiam
559 1689 662 1719 venit.

255 1765 259 1769 ,
289 1731 478 1773 Voetfirare
488 1737 539 1764 est
553 1733 587 1763 in
601 1732 691 1763 libris
706 1732 874 1763 nonnullis
892 1733 984 1765 verr.

243 1776 278 1807 ii.
293 1778 348 1808 91.
378 1776 442 1807 Sed
465 1777 522 1807 alii
539 1775 710 1816 vociferari
727 1777 872 1807 habent:
899 1778 987 1817 quod

245 1819 465 1861 praetulerim.
489 1820 553 1851 vid.
578 1826 648 1850 not.
674 1820 715 1850 ad
737 1821 845 1851 Tacit.
865 1821 986 1853 Annal.

244 1874 297 1895 xv.
309 1867 362 1896 38.
386 1864 451 1895 Sed
473 1870 509 1895 et
524 1864 637 1895 Livius
657 1865 782 1904 passive
799 1864 884 1895 dixit
901 1867 986 1897 xxiv.

244 1909 298 1939 21.

291 1951 422 1983 Vocula.
453 1952 549 1983 Orat.
580 1952 628 1982 iii.
654 1953 707 1983 ⁶25.
736 1953 854 1982 vocula>
885 1958 985 1984 certae

244 2001 278 2027 et
300 2005 434 2026 severae.
459 1995 538 2027 ibid.
560 1998 679 2026 2¹00thae
703 1995 794 2026 salsae
812 1996 847 2026 in
864 2002 985 2027 cantu:

244 2050 318 2080 quae
342 2040 441 2070 certis
465 2045 499 2070 et
522 2040 642 2070 severis
659 2044 890 2079 opponuntur,
906 2048 986 2072 sunt

243 2084 360 2115 fraetae
377 2089 411 2114 et
430 2083 607 2114 molliores.
622 2084 687 2114 vid.
705 2084 739 2113 in
760 2084 880 2115 flexio.

289 2127 463 2165 l‘blaticus,
481 2128 691 2164 inconstans,
706 2127 883 2159 variabilis.
916 2127 987 2159 Att.

240 2172 310 2202 xiii.
328 2174 380 2204 25.
404 2171 433 2201 O
448 2172 662 2202 Academiam
678 2172 878 2202 volaticam!

291 2215 446 2253 Vosttare,
460 2215 630 2255 significat
645 2215 776 2245 assidue
794 2216 918 2254 vagari,
931 2215 988 2246 sed

245 2258 444 2300 plerumque
460 2269 538 2289 cum
554 2258 741 2298 jactatione
757 2257 869 2298 aliqua
884 2259 990 2289 ambi-

245 2304 343 2341 tiosa,
360 2308 421 2334 aut
438 2303 635 2343 impudente
653 2306 687 2332 et
702 2301 880 2333 insolente.
897 2303 988 2334 Sext.

244 2350 278 2378 4.
303 2357 380 2377 cum
395 2346 452 2376 illa
463 2346 652 2386 conjuratio
664 2345 775 2386 palam
793 2351 924 2377 armata
937 2357 990 2377 vo-

246 2393 370 2422 litaret.
404 2390 504 2420 Catil.
521 2391 556 2421 ii.
573 2393 609 2429 3.
635 2400 716 2428 quos
740 2389 836 2420 video
855 2392 990 2421 volitare

246 2434 282 2465 in
303 2435 389 2471 foro.
414 2433 493 2464 ibid.
517 2438 549 2469 7.
581 2435 716 2464 volitare
732 2434 765 2463 in
783 2434 896 2464 armis.
923 2434 988 2465 Pis.

250 2481 299 2510 12.
331 2488 409 2510 cum
436 2479 585 2508 volitaret
618 2478 664 2507 vis
694 2477 862 2508 latrocinii
891 2479 990 2509 vestri

245 2527 321 2553 tota
350 2522 441 2554 urhe.
474 2522 552 2552 ibid.
582 2524 614 2552 4.
644 2522 781 2552 volitare
809 2525 989 2561 praetexta·

244 2570 333 2607 tum·¹
351 2575 467 2607 passus
504 2575 549 2596 es.
585 2566 677 2595 Sext.
706 2567 759 2595 43.
792 2565 850 2595 sed
883 2567 987 2596 etiam

247 2619 339 2640 nunc
369 2610 517 2647 volitant,
542 2618 603 2639 nec
636 2608 684 2639 illi
710 2618 859 2648 unquam
892 2609 931 2639 de
955 2619 989 2639 sa

244 2651 496 2694 pertimescent.
525 2653 607 2692 Agr.
633 2653 666 2683 ii.
692 2653 745 2683 ⁶22.
776 2654 889 2684 volitat
912 2660 990 2684 ante

244 2697 360 2728 oeulos
383 2698 524 2728 istorum
548 2696 646 2727 Jubae
663 2697 751 2735 regis
768 2696 868 2727 filius.
899 2697 990 2728 Sext.

246 2743 276 2776 1.
303 2741 429 2772 alacres
452 2739 614 2780 laetosque
637 2741 783 2771 volicare.
811 2740 912 2771 Dom.
941 2744 991 2775 19.

245 2794 325 2815 cum
347 2792 386 2815 tu
411 2785 530 2815 florens
555 2794 593 2815 ae
617 2789 736 2824 potens
761 2793 820 2825 per
840 2785 990 2815 medium

243 2827 355 2860 forum
382 2828 552 2869 popularis
577 2830 741 2859 volitare&
774 2827 853 2867 Agr.
877 2829 911 2859 ii.
936 2832 989 2863 311.

244 2874 423 2905 volitaretis
434 2882 494 2915 per
506 2877 635 2913 gentes.
659 2875 678 2895 ’ἓ
689 2872 768 2903 hinc
780 2881 840 2913 pro
846 2872 990 2913 jactare.

794 69 939 99 INDEX
960 72 1095 100 LATIN
1102 72 1241 100 ITATIS
1248 88 1257 98 .

1028 160 1135 190 Flacc.
1163 160 1213 190 16.
1237 168 1298 188 nee
1322 158 1455 189 volitabo
1479 158 1514 188 in
1537 156 1601 189 hoc
1625 156 1769 187 insolen-

1027 205 1114 234 tius:
1147 204 1187 234 dc
1213 207 1354 233 oratore.
1376 212 1407 232 v.
1425 202 1566 242 jactare.
1598 201 1690 231 Sext.
1713 202 1768 231 44.

1028 248 1139 278 volitat
1155 246 1271 277 aedilis.
1298 245 1383 276 Phil.
1399 246 1443 276 xi.
1460 248 1491 277 2.
1518 246 1559 275 de
1574 243 1768 276 Dolabella:

1026 296 1061 322 et
1090 301 1180 320 nunc
1206 294 1280 319 tota
1305 289 1384 320 Asia
1409 294 1562 329 vagatur,
1588 289 1703 319 volitat
1728 291 1769 318 ut

1027 344 1095 364 rex.
1109 335 1129 354 ’ἦ
1145 340 1293 364 oratores
1308 333 1468 363 dicuntur
1482 334 1618 364 volitare
1634 332 1670 362 in
1685 331 1767 361 foro.

1026 379 1083 408 Or.
1100 378 1121 408 i.
1138 381 1190 408 38.
1215 378 1249 407 ii.
1267 379 1319 408 24.
1343 377 1400 416 qui
1417 387 1437 407 a
1451 386 1551 407 causa
1567 375 1607 406 ad
1632 384 1769 405 causam

1027 425 1123 458 eunt,
1147 425 1181 450 et
1204 421 1356 450 omnium
1382 421 1515 461 patroni
1543 429 1613 450 esse
1641 418 1769 449 volunt.

1027 465 1195 496 *volitare
1218 465 1321 494 etiam
1344 464 1504 494 dicuntur
1527 463 1693 499 homines,
1711 461 1768 501 qui

1028 509 1247 539 immoderate
1272 509 1415 548 cupiunt
1438 507 1576 547 aliquid,
1597 511 1632 537 et
1653 507 1770 536 incon-

1027 556 1159 582 stanter
1176 552 1240 582 huc
1257 551 1337 582 illuc
1353 552 1522 589 feruntur,
1539 555 1577 581 ut
1594 559 1771 591 propemo-

1029 596 1109 626 dum
1134 596 1285 625 nesciant
1301 595 1376 635 ipsi,
1391 595 1469 634 quid
1487 599 1590 634 agant
1606 595 1769 635 primum,

1029 639 1109 679 quid
1123 639 1320 669 secundum.
1348 639 1412 668 Pis.
1428 640 1481 669 25.
1514 639 1614 669 homo
1632 638 1769 668 volitans

1029 683 1143 722 gloriae
1172 683 1372 722 cupiditate,
1394 683 1577 722 opponitur
1601 682 1669 712 viro
1699 690 1772 710 mo·

1029 727 1146 757 dei-ato
1161 731 1197 756 et
1212 727 1393 756 constanti.
1419 726 1488 756 Att.
1506 726 1540 756 ii.
1555 727 1608 756 22.
1636 725 1677 755 de
1695 724 1770 754 Clo-

1029 770 1083 800 dio
1110 770 1188 801 trib.
1215 770 1260 810 pl.
1288 771 1415 806 vomat,
1438 770 1534 808 furit,
1558 768 1643 799 nihil
1668 768 1770 798 habet

1029 814 1134 852 certi3
1160 814 1276 844 multis
1300 814 1504 852 denunciat3
1530 812 1618 851 quod
1633 811 1699 842 fors
1711 812 1770 842 ob-

1028 858 1160 895 tulerit,
1184 858 1318 888 videtur
1340 861 1488 887 acturus.
1519 857 1539 875 ²*
1554 858 1646 886 Orat.
1679 856 1714 885 ii.
1735 856 1768 886 6.

1029 901 1311 941 quemadmodum
1336 901 1484 931 volueres
1509 900 1673 937 videmus,
1689 909 1771 929 cum

1028 945 1154 985 aliquid
1187 945 1372 983 effecerint,
1401 944 1532 974 levandi
1564 944 1684 974 laboris
1716 943 1769 973 sui

1028 999 1140 1027 eausa,
1165 990 1287 1030 passim
1315 999 1353 1018 ac
1380 988 1496 1026 libere,
1519 988 1645 1018 solutas
1669 997 1770 1027 opera

1027 1033 1185 1064 volitare:
1218 1034 1264 1064 sic
1289 1033 1392 1063 nostri
1417 1031 1688 1062 animi—defessi
1712 1040 1768 1070 ge-

1026 1078 1148 1115 stiunt,
1171 1087 1210 1107 ae
1232 1079 1367 1108 volitare
1390 1077 1545 1116 cupiunt,
1570 1076 1664 1106 vacui
1688 1084 1771 1105 cura

1026 1128 1127 1160 atque
1144 1122 1266 1152 labore.

1073 1165 1236 1195 affabilis.
1269 1166 1363 1195 Orat.
1392 1164 1444 1195 56.
1474 1164 1620 1194 volubilis
1649 1163 1771 1200 oratio,-

1027 1210 1209 1249 opponitur
1231 1209 1354 1239 stabili.
1378 1207 1448 1238 haee
1472 1208 1614 1238 efficitur
1636 1206 1768 1247 syllabis

1028 1253 1148 1292 longis,
1179 1253 1235 1283 illa
1266 1252 1441 1282 brevibus:
1477 1251 1567 1281 unde
1597 1251 1770 1280 incitatior

1027 1298 1133 1327 oratio
1150 1297 1258 1327 fertur
1269 1303 1301 1326 et
1316 1295 1450 1325 labitur.
1470 1295 1576 1325 Flacc.
1594 1297 1646 1326 20.
1668 1295 1769 1325 homo

1026 1343 1184 1378 volubilis,
1196 1341 1217 1370 i.
1235 1351 1264 1370 e.
1281 1340 1430 1369 oratione
1446 1338 1548 1368 sacili.

1073 1385 1262 1415 PMubilz‘tas
1273 1384 1463 1414 verborum.
1479 1383 1573 1413 Orat.
1590 1384 1610 1412 1.
1625 1386 1655 1413 5.
1674 1382 1771 1423 eopia

1026 1434 1061 1458 et
1078 1428 1231 1459 facultas.

1074 1472 1218 1503 llblucer.
1256 1472 1337 1502 Sull.
1367 1473 1419 1502 3⁶2.
1456 1472 1593 1501 volum-is
1624 1470 1770 1502 fortuna.

1027 1517 1121 1546 Brut.
1131 1520 1183 1551 95.
1207 1526 1311 1556 genus
1325 1515 1458 1546 dicendi
1467 1516 1574 1545 verbis
1584 1517 1710 1545 volucre
1718 1519 1772 1545 at-

1027 1571 1092 1600 que
1108 1562 1299 1591 incitatum.
1314 1570 1343 1589 ν.
1356 1558 1508 1588 volubilis
1522 1563 1556 1588 et
1567 1559 1768 1589 volubilitas..

1072 1604 1217 1641 Volvere,
1231 1603 1464 1645 pronunciare.
1488 1603 1670 1636 Or.iii.47.
1696 1602 1772 1632 lon-

1028 1648 1163 1687 gissima
1189 1654 1241 1679 est
1267 1646 1454 1688 complexio
1480 1647 1669 1683 verborum,
1692 1656 1767 1685 quae

1028 1693 1109 1722 volvi
1133 1701 1201 1722 uno
1225 1693 1346 1732 spiritu
1366 1696 1487 1731 potest.
1517 1690 1612 1721 Brut.
1630 1694 1683 1724 70.
1713 1701 1773 1725 etz-V

1027 1735 1140 1766 leriter
1165 1736 1265 1766 verba
1289 1737 1427 1765 volvens.
1453 1734 1538 1764 ibid.
1565 1737 1618 1765 81.
1649 1734 1698 1763 ita
1720 1733 1769 1763 fa-

1028 1779 1090 1810 cile
1106 1779 1280 1819 soluteque
1293 1780 1398 1810 vei-bis
1411 1780 1554 1809 volvebat
1570 1777 1770 1808 sententias.

1026 1824 1095 1854 *de
1119 1833 1295 1854 numerose
1319 1828 1475 1854 currente
1499 1822 1644 1862 periodo.
1675 1822 1770 1851 Orat.

1028 1868 1080 1902 69.
1101 1878 1165 1906 quo
1179 1867 1297 1898 melius
1310 1867 1408 1897 cadat
1420 1868 1638 1898 autmlvatur
1648 1866 1769 1896 oratio.

1073 1911 1244 1949 Voluntas,
1271 1911 1305 1941 in
1335 1916 1468 1942 oratore
1496 1915 1547 1940 est
1576 1909 1616 1939 de
1645 1918 1775 1948 genere:

1027 1955 1200 1992 orationis,
1210 1955 1300 1994 quod
1309 1956 1478 1994 sequitur:
1493 1952 1664 1997 rgoxfgme.
1675 1952 1770 1983 Orat.

1027 2000 1060 2029 ii.
1083 2001 1136 2030 ⁶23.
1169 2000 1297 2029 naturis
1321 1999 1498 2029 differunt:
1522 2000 1688 2027 voluntate
1710 2006 1770 2027 au—

1027 2049 1096 2073 tem
1121 2043 1247 2073 similes
1266 2051 1356 2073 sunt.
1389 2042 1467 2073 ibid.
1484 2044 1538 2073 ⁶22.
1569 2051 1610 2071 ex
1627 2049 1772 2080 quorum

1027 2088 1173 2127 scriptis,
1198 2088 1359 2126 cujusque
1387 2086 1509 2124 aetatis,
1536 2095 1611 2124 quae
1639 2083 1769 2114 dicendi

1028 2131 1114 2161 ratio
1129 2133 1338 2171 voluntasque
1355 2130 1471 2168 fuerit,
1488 2128 1631 2168 intelligi
1646 2131 1771 2168 potest.

1027 2174 1133 2214 *Agin
1153 2175 1172 2204 i.
1189 2179 1219 2209 9.
1244 2176 1278 2205 in
1295 2174 1360 2204 alia
1381 2176 1546 2205 voluntate
1559 2181 1631 2203 esse
1646 2184 1653 2202 z
1679 2171 1771 2202 aliud

1028 2219 1178 2258 probare.
1204 2218 1244 2248 ad
1262 2218 1338 2249 Div.
1353 2219 1397 2248 ix.
1413 2219 1444 2249 6.
1467 2217 1539 2248 haec
1554 2217 1589 2247 in
1606 2217 1771 2246 voluntate

1026 2261 1165 2293 fuerunt
1184 2275 1191 2292 :
1205 2264 1226 2292 i.
1243 2273 1273 2293 c.
1290 2262 1325 2292 in
1340 2264 1506 2302 potestate
1524 2267 1650 2291 nostra.
1668 2259 1771 2299 *pre-

1028 2315 1094 2336 ces.
1117 2305 1160 2336 ad
1190 2306 1266 2337 Div.
1290 2306 1332 2336 vi.
1356 2306 1388 2336 6.
1421 2306 1532 2336 Caesar
1557 2304 1646 2334 cedit
1666 2303 1770 2343 justis

1028 2355 1063 2379 et
1079 2350 1187 2380 officio
1204 2350 1362 2386 incensis,
1377 2358 1438 2380 nec
1451 2348 1606 2379 inanibus
1622 2352 1683 2378 aut
1700 2356 1771 2377 am-

1029 2393 1156 2423 bitiosis
1171 2395 1402 2424 voluntatibus.

1075 2437 1300 2478 Ρῇἷιιρίανέτιε,
1315 2438 1437 2468 suavis.
1468 2437 1540 2467 Att.
1562 2435 1618 2466 xii.
1635 2436 1689 2466 25.
1719 2443 1774 2465 vo·

1030 2482 1184 2522 luptaressoe
1209 2481 1449 2522 possessiones:
1482 2485 1522 2510 ut
1545 2479 1645 2509 horti.
1675 2479 1772 2509 Orat.

1029 2524 1076 2556 iii.
1104 2528 1153 2559 17.
1182 2526 1373 2566 voluptaria·
1396 2524 1658 2564 disputationes:
1682 2522 1716 2553 h.
1740 2532 1773 2552 e.

1029 2567 1069 2599 de
1095 2569 1268 2609 voluptate
1291 2572 1325 2599 et
1348 2578 1408 2608 pro
1430 2568 1615 2608 voluptate.
1645 2566 1716 2596 Fin.
1740 2575 1772 2596 v.

1030 2614 1082 2643 2⁷5.
1105 2614 1282 2652 voluptarii
1297 2612 1508 2653 philosophi;
1529 2610 1570 2642 de
1585 2610 1788 2651 Epicureis.-

1073 2655 1324 2696 Pbluptates,de
1336 2655 1548 2697 spectaculis.
1570 2654 1704 2685 Muren.
1716 2656 1772 2685 35.
1812 2670 1819 2673 >

1030 2699 1225 2730 adhibendis
1251 2701 1468 2740 voluptatibus
1497 2699 1557 2729 &c.
1582 2698 1646 2728 hoe
1669 2706 1772 2728 sensu

1028 2744 1203 2784 posteriori
1234 2754 1304 2775 aevo
1330 2745 1365 2775 in
1388 2743 1504 2785 primis
1529 2742 1596 2773 dici
1623 2745 1773 2782 coeptum

1029 2787 1236 2827 frequenter,
1254 2792 1294 2819 ut
1315 2788 1444 2819 dudum
1467 2787 1688 2817 observarunt
1709 2784 1773 2815 viri

1030 2831 1132 2862 docti.

1075 2875 1259 2916 Pblutatus,
1282 2879 1433 2909 versatus
1455 2874 1648 2914 diligenter.
1677 2872 1786 2904 Orat..
1825 2859 1828 2863 ,

1913 2192 1920 2280 u-...fl
1915 2156 1920 2186 .-.
