1920 3196
218 205 291 237 haec
320 204 490 235 obstructio
520 211 586 232 non
625 200 785 231 diuturna
814 204 865 230 est
896 201 955 230 ἀρ.

219 250 314 279 Sicut
345 257 419 286 quae
448 247 683 282 obstruuntur,
710 254 751 274 ea
778 248 956 283 teguntur,

223 302 291 323 non
328 294 527 326 cernuntur,
557 290 603 319 sic
641 287 811 318 simulatio
839 287 959 318 adimit

223 339 441 375 conspectum
458 334 526 363 veri
542 341 658 363 sensus
675 337 709 362 et
725 331 840 361 animi.

271 376 533 418 obstupefactus,
558 376 597 406 de
623 378 735 405 mente
759 374 851 404 ebrii.
882 374 958 404 Div.

222 423 244 453 i.
273 425 326 456 29.
359 431 435 452 cum
460 421 501 450 sit
530 419 750 450 immoderato
779 416 960 459 obstupefa-

222 471 275 497 cta
292 470 373 505 potu
391 468 490 504 atque
506 472 616 504 pastu.

272 508 457 545 obtentur-e,
495 510 696 538 sustentare.
734 505 804 536 Att.
836 505 879 534 ix.
911 507 959 534 lO.

224 562 298 593 spes
327 552 480 592 quaedam
511 561 563 581 me
593 550 785 587 obtentahat,
815 549 895 579 sore.
929 558 958 578 v.

227 601 297 627 not.

273 639 435 676 obterere,
452 643 677 668 contemnere.
700 636 777 667 Div.
796 636 816 666 i.
836 636 886 666 16.
911 644 962 664 ar-

225 685 295 714 tem
319 684 458 713 obterere
481 681 691 720 extispicum.
725 679 805 710 Coel.
832 683 881 713 19.
912 679 961 708 ob-

225 732 332 758 terere
346 726 546 765 voluptates.

276 771 458 801 obtestatio.
488 768 582 798 Balb.
608 770 656 798 14.
692 766 881 796 sanctiones
911 774 962 794 sa-

227 814 360 845 erandae
383 817 475 850 sunt,
490 815 549 842 aut
565 821 685 850 genere
708 811 791 849 ipso,
808 813 866 839 aut
881 808 962 838 obte-

224 859 361 889 statione
376 862 411 887 et
427 856 674 886 consecratione
688 853 782 892 legis,
795 857 854 882 aut
865 861 963 892 poena

228 902 289 932 ἃς.
320 901 351 931 h.
379 911 407 931 e.
432 898 554 940 populo
585 908 644 938 per
670 896 892 936 legislatorem
921 895 963 925 ad

221 945 460 986 jusjurandum
486 941 663 981 adigendo,
680 950 745 980 quo
760 940 866 979 juret,
882 940 963 969 obte-

226 993 329 1026 ¹tecm-st,
346 989 378 1019 h.
395 998 424 1018 e.
441 991 545 1017 testes
561 986 686 1015 faciens
702 985 805 1021 Deos,
821 993 855 1013 se
877 983 962 1013 velle

227 1032 337 1072 legem
349 1040 497 1061 servare:
523 1029 612 1059 unde
629 1029 718 1067 leges
731 1035 881 1057 sacratae.
898 1026 962 1057 vid.

226 1077 392 1106 Sehwarz.
413 1075 501 1106 Diss.
527 1073 566 1103 de
591 1072 824 1103 Detestatione
848 1071 963 1100 Sacro-

227 1130 301 1150 rum
322 1121 351 1156 ξ.
373 1121 421 1150 15.
451 1118 469 1136 ²¹²
483 1117 610 1147 Domit.
629 1119 681 1146 48.
714 1114 793 1153 quid
810 1124 887 1153 ergo
903 1119 963 1144 tua

228 1163 286 1194 illa
307 1168 380 1193 tum
401 1163 561 1192 obtestatio
582 1159 752 1189 tibicinis?
789 1158 864 1188 Fuit
887 1167 961 1197 pars

226 1207 419 1237 cerimoniae
436 1206 470 1235 in
487 1203 763 1234 dedicationibus.
808 1202 893 1231 Cum
911 1202 963 1231 in-

226 1255 391 1290 terpretes
427 1248 511 1279 nihil
554 1247 596 1277 ad
629 1247 662 1276 h.
693 1246 712 1276 l.
751 1245 875 1281 dicant,
913 1244 961 1274 Cl.

228 1293 434 1324 Schwarzius
451 1292 472 1322 l.
491 1302 519 1321 c.
539 1293 567 1328 ᾗ.
594 1291 642 1320 16.
667 1293 765 1329 putat
787 1290 961 1319 obtestatio-

226 1343 301 1368 nem
320 1347 392 1367 esse
410 1335 564 1372 eandem,
581 1344 654 1373 quae
671 1338 706 1363 et
721 1333 898 1374 detestatio
914 1332 963 1361 di-

228 1387 338 1419 catur,
364 1381 397 1410 h.
422 1390 451 1410 e.
485 1377 780 1409 denunciationem
819 1376 961 1406 testibus

226 1424 447 1466 praesentibus
463 1423 599 1452 factam.
641 1420 757 1461 Qualis
774 1424 888 1449 autem
906 1419 964 1449 illa

225 1469 374 1499 tibicinis
389 1468 550 1498 obtestatio
565 1476 590 1495 s.
608 1464 823 1494 denunciatio
847 1463 962 1500 fuerit,

228 1521 295 1542 non
321 1511 422 1542 addit.
470 1509 556 1541 Mihi
580 1509 711 1539 videtur
734 1507 822 1537 facta
846 1507 962 1537 iisdem

225 1555 469 1597 propemodum
493 1554 612 1589 verbis,
637 1552 755 1591 quibus
788 1552 963 1581 obtestatio-

225 1607 301 1630 nem
324 1604 357 1629 et
381 1598 674 1628 denunciationem
700 1595 869 1632 Pontifici,
890 1593 963 1634 pul·

230 1643 326 1680 lario,
349 1643 472 1673 factam
491 1651 559 1671 esse
575 1642 723 1670 constat:
741 1638 817 1668 ades
831 1637 924 1668 mihi.
937 1648 962 1668 s.

225 1685 373 1727 postulo,
402 1692 441 1716 ut
471 1685 556 1715 adsis
580 1684 660 1714 mihi
689 1683 748 1712 &a
784 1683 885 1713 Dom.
910 1683 962 1713 52.

232 1731 308 1762 Div.
325 1731 360 1761 ii.
376 1732 428 1760 34.
448 1730 507 1759 διο.

277 1774 438 1810 obtinere,
455 1776 601 1802 oratores
620 1774 653 1800 et
670 1769 856 1810 philosophi
879 1769 964 1799 obti-

227 1825 324 1855 nent,
349 1817 438 1857 quod
468 1815 651 1856 approbant
679 1813 764 1849 aliis,
789 1823 865 1843 cum
891 1813 963 1843 vin-

227 1867 322 1899 eunt,
339 1871 408 1891 esse
424 1869 540 1890 verum
557 1857 697 1897 aliquid:
723 1858 824 1886 etiam
850 1857 964 1887 defen-

226 1905 321 1936 dunt.
352 1905 446 1935 verr.
463 1904 509 1933 iii.
527 1905 579 1937 71.
608 1903 759 1938 obtinere,
777 1900 864 1939 quod
884 1901 965 1930 dici-

226 1959 314 1979 mus.
353 1948 396 1978 cf.
424 1947 523 1977 Catil.
553 1947 593 1976 iv.
618 1946 648 1975 6.
685 1945 785 1975 Tusc.
810 1945 830 1974 i.
861 1947 909 1975 12.
937 1944 965 1974 si

228 1994 340 2024 minus
360 1992 393 2021 id
407 1991 567 2021 obtinebis.
598 1989 668 2018 Fin.
686 1989 718 2018 ii.
735 1990 787 2019 33.
817 1987 902 2018 illud
918 1989 966 2028 ip-

226 2042 301 2067 'sum
315 2036 371 2075 qui
381 2036 513 2066 obtineri
525 2037 645 2074 potest.
668 2031 771 2062 Acad.
780 2032 820 2061 iv.
830 2032 860 2062 6.
886 2031 966 2061 defi-

230 2081 394 2110 nitionem
406 2080 590 2109 obtinemus.
606 2077 646 2106 de
654 2075 853 2106 defendendi
864 2076 967 2115 signi-

223 2125 379 2154 ficatione
394 2122 476 2153 adde
492 2122 582 2152 dicta
594 2130 613 2150 a
623 2119 789 2150 Gronovio
802 2119 843 2149 ad
857 2119 967 2151 Tacit.

228 2168 273 2199 H.
290 2168 323 2198 ii.
341 2170 392 2198 84.
424 2166 558 2203 *tueri,
582 2164 737 2194 retinere.
764 2162 895 2193 Verrin.
920 2164 966 2194 iii.

226 2215 281 2242 35.
313 2212 488 2241 obtinemus
510 2218 561 2240 res
588 2212 696 2247 gestas
723 2205 834 2247 Sullae.
873 2205 967 2238 Orat.

227 2256 274 2285 iii.
293 2255 345 2285 60.
377 2264 492 2283 vocem
507 2253 656 2282 obtinere.
687 2250 744 2280 ubi
761 2254 883 2289 praeter
897 2260 966 2281 rem

229 2299 384 2329 Pearcius
398 2297 463 2336 legi
476 2296 565 2326 vult:
587 2295 742 2324 retinere.
766 2293 818 2322 Sic
828 2294 968 2324 obtinere

228 2342 432 2382 provinciam
448 2340 583 2378 dicitur,
596 2339 651 2378 qui
669 2337 896 2376 consequitur,
910 2337 967 2367 ha-

226 2386 297 2424 bet,
315 2385 450 2421 retinet,
466 2388 506 2414 ut
530 2394 569 2413 ex
593 2381 740 2421 epistolis
764 2380 806 2409 ad
827 2380 967 2410 Cornifi-

229 2429 318 2459 cium
333 2432 435 2469 patet.
460 2428 501 2457 ad
513 2427 589 2457 Div.
602 2425 670 2456 xiii.
684 2427 735 2459 ⁶29.
759 2425 896 2454 obtinere
911 2424 966 2454 he-

228 2473 416 2503 reditatem.
449 2471 489 2500 ef.
506 2471 548 2500 iv.
570 2473 619 2500 14.
650 2473 894 2498 testamentum
918 2469 966 2498 ob-

227 2521 365 2553 tinetur,
390 2525 468 2545 cum
495 2519 605 2544 ratum
632 2516 696 2549 est,
721 2510 820 2541 valet.
855 2511 967 2541 *SulL

227 2561 260 2591 6.
290 2560 489 2590 suavitatem
516 2558 576 2587 filii
591 2557 717 2587 obtinet.
749 2555 844 2585 Offic.
861 2555 896 2584 ii.
921 2558 967 2585 19.

226 2605 367 2634 obtinent
381 2611 559 2632 numerum
571 2599 648 2639 jure
666 2608 839 2628 eaesorum.
864 2598 965 2629 *1³in,

228 2648 263 2678 ii.
282 2649 334 2678 22.
365 2646 481 2686 opibus
498 2644 641 2683 magnis,
657 2641 814 2681 quicquid
836 2641 966 2680 feceris,

226 2692 387 2722 obtinere.-
411 2689 444 2719 h.
460 2699 488 2718 e.
506 2689 647 2724 efficere,
667 2690 704 2715 ut
719 2685 856 2724 impune
880 2685 967 2715 fece-

228 2735 285 2773 ris,
304 2738 459 2772 recteque
476 2731 559 2762 adeo
574 2731 702 2760 factum
720 2728 880 2758 videatur.

275 2778 450 2816 obtingere
472 2785 531 2816 pro
555 2774 716 2804 accidere.
749 2772 849 2803 Catil.
874 2772 916 2802 iv.
938 2774 965 2803 1.

227 2821 268 2853 de
284 2832 318 2851 re
335 2820 437 2857 tristi,
453 2820 479 2849 si
498 2819 577 2858 quid
592 2817 750 2855 obtigerit.

277 2865 468 2896 obtrudere.
499 2863 592 2893 Verr.
607 2861 648 2892 iv.
667 2860 720 2891 36.
752 2859 807 2898 qui
832 2868 899 2888 non
914 2859 966 2888 ob·

224 2910 324 2940 mesic
339 2910 562 2941 monumenta
583 2905 696 2945 aliqua
718 2913 757 2935 ex
781 2906 891 2945 parte,
908 2901 966 2934 sed

727 110 872 142 INDEX
903 113 1036 142 LATIN
1043 110 1182 141 ITATIS
1189 129 1198 141 ι

1001 201 1134 241 penitus
1149 200 1287 231 sustulit
1302 205 1402 239 atque
1417 201 1549 232 delevit.
1577 198 1738 241 praeeedit

1001 245 1110 275 alieno
1136 245 1272 275 nomine
1298 254 1433 274 ornare:
1472 246 1525 276 cui
1555 243 1738 284 respondet

1001 288 1178 318 obtrudere.
1208 288 1373 318 Gesnerus
1389 289 1423 318 in
1437 288 1538 319 Thes.
1555 289 1594 319 L.
1609 287 1648 318 L.
1665 297 1737 317 cor·

1002 332 1081 370 rigit
1097 330 1207 361 obruit
1230 332 1280 362 vel
1303 331 1479 363 obstruxit.
1525 333 1601 364 Non
1625 330 1735 372 placet

1002 376 1099 405 satis:
1126 375 1187 405 hoc
1203 379 1317 405 tamen
1334 375 1462 406 melius.

1050 418 1244 456 obtundere,
1262 418 1382 456 levare,
1406 420 1570 456 minuere,
1595 417 1738 457 compri-

1004 472 1103 492 mere.
1126 461 1226 491 Tusc.
1242 463 1288 491 iii.
1309 463 1356 492 16.
1383 463 1466 492 nihil
1481 466 1544 499 est,
1562 462 1650 501 quod
1665 465 1735 491 tam

1002 506 1155 535 obtundat
1171 505 1343 544 elevetque
1359 506 1607 545 aegritudinem.

1051 548 1177 586 Obtuse,
1191 548 1308 579 stulte:
1334 551 1515 589 opponitur
1525 554 1634 578 acute.
1656 548 1736 578 Nat.

1004 592 1046 622 D.
1063 592 1083 622 i.
1101 594 1153 623 25.
1179 603 1243 631 quo
1260 593 1337 632 quid
1353 593 1416 623 dici
1434 596 1542 632 potest
1557 592 1723 622 obtusius!

1051 635 1195 665 Obviam.
1220 635 1289 666 Att.
1306 637 1347 666 iv.
1371 638 1417 667 16.
1442 636 1519 666 huic
1535 636 1658 667 obviam
1675 636 1737 665 Ca·

1003 683 1037 709 to
1055 679 1113 709 διο.
1129 679 1356 710 adversantur.
1380 680 1440 710 int.
1458 682 1551 710 eunt.

1052 721 1233 753 Obvolutus.
1252 724 1328 754 Div.
1339 725 1359 753 i.
1371 726 1422 754 31.
1440 723 1494 754 fax
1506 724 1651 753 obvoluta
1662 731 1738 752 san-

1004 766 1105 805 guine
1121 771 1220 805 atque
1236 767 1398 797 incendio.
1422 778 1439 797 e
1458 768 1569 797 Poeta.

1052 810 1188 840 Occasio.
1212 811 1254 840 ad
1270 811 1345 841 Div.
1362 822 1392 840 x.
1409 814 1440 841 4.
1465 821 1506 840 ne
1523 818 1637 840 nostra
1653 807 1740 839 mala

1004 863 1097 883 suam
1113 855 1301 884 occasionem
1320 858 1451 893 putent.

1052 897 1201 934 Occasus,
1228 907 1325 927 mors.
1360 897 1461 927 Acad.
1485 898 1505 927 i.
1530 899 1560 927 2.
1591 900 1667 936 post
1696 895 1737 925 L.

1003 941 1081 971 AElii
1112 942 1215 971 nostri
1237 950 1384 971 occasum
1408 951 1449 971 ne
1472 951 1492 970 a
1513 939 1643 971 Latinis
1666 939 1746 979 qui--

1003 984 1091 1014 dein.

1051 1027 1188 1058 occatio.
1215 1028 1298 1058 Cato
1318 1031 1366 1059 15.
1389 1028 1477 1058 unde
1495 1027 1649 1057 dicatur?

1050 1071 1210 1101 Occidere.
1245 1071 1345 1102 Tusc.
1375 1072 1396 1102 i.
1428 1075 1480 1102 45.
1519 1071 1631 1102 occidit
1654 1070 1738 1100 -vita-

1003 1114 1082 1145 Nat.
1100 1116 1142 1146 D.
1161 1116 1180 1145 i.
1199 1118 1228 1146 5.
1259 1115 1436 1145 sententiae
1452 1116 1608 1145 occidunt.

1052 1159 1236 1189 Oce-entare.
1260 1159 1299 1189 fr.
1317 1159 1356 1189 de
1373 1159 1514 1199 Republ.
1532 1162 1562 1189 4.
1575 1168 1607 1198 p.
1620 1159 1694 1188 384.
1710 1157 1738 1187 si

1004 1203 1075 1242 quis
1101 1207 1302 1240 occentasset,
1326 1203 1393 1232 sive
1417 1212 1552 1232 carmen
1575 1201 1745 1231 conditus--

1003 1251 1066 1282 set,
1096 1246 1184 1285 quod
1212 1247 1367 1286 injuriam
1400 1246 1538 1281 faceret,
1569 1249 1621 1275 est
1649 1245 1739 1283 frag·

1004 1294 1156 1320 mentum
1180 1290 1282 1330 Legg.
1300 1291 1354 1320 xii.
1370 1290 1460 1320 tabb.
1476 1300 1506 1319 v.
1525 1290 1637 1319 Festus
1653 1289 1687 1318 in
1703 1288 1737 1318 h.

1003 1343 1033 1363 v.
1046 1343 1249 1372 quamquam
1267 1334 1302 1364 in
1319 1338 1432 1364 nostra
1448 1333 1594 1363 editione
1607 1333 1628 1363 l.
1642 1343 1670 1362 c.
1686 1337 1739 1362 est

1004 1377 1220 1408 actitavisset.

1052 1421 1216 1458 occultus,
1237 1424 1378 1451 astutus.
1409 1420 1451 1451 ad
1475 1421 1550 1451 Div.
1566 1420 1612 1450 iii.
1633 1423 1681 1451 10.
1712 1419 1739 1450 si

1005 1475 1057 1494 me
1075 1469 1187 1494 autem
1204 1467 1364 1495 occultum
1382 1465 1461 1494 libet
1479 1465 1615 1503 fingere.

1052 1508 1229 1548 Occupare,
1246 1508 1417 1548 eleganter
1439 1509 1562 1538 dieitur
1578 1507 1617 1537 de
1641 1517 1741 1547 pecu-

1006 1552 1073 1589 nia,
1091 1562 1164 1591 quae
1182 1557 1240 1582 aut
1256 1553 1316 1582 sub
1341 1553 1448 1582 usuris
1472 1551 1667 1588 collocatur,
1684 1554 1743 1581 aut

1005 1606 1063 1635 pro
1088 1606 1154 1634 qua
1177 1595 1441 1634 metallifodiuae,
1456 1595 1526 1635 agri
1545 1595 1603 1625 διο.
1620 1604 1740 1624 emun—

1005 1645 1074 1676 tur,
1099 1643 1136 1669 ut
1158 1639 1283 1678 aliquid
1306 1640 1388 1670 lucri
1412 1644 1446 1669 et
1470 1639 1596 1669 reditus
1620 1638 1741 1668 habea-

1006 1693 1091 1713 mus.
1124 1683 1230 1713 Flacc.
1257 1685 1309 1714 21.
1340 1683 1518 1723 pecuniam
1550 1682 1741 1712 adolescen-

1005 1727 1078 1756 tulo
1091 1727 1206 1766 grandi
1219 1727 1341 1757 soenore
1355 1727 1527 1767 occupasti.
1549 1726 1642 1756 Verr.
1655 1726 1677 1755 i.
1687 1725 1741 1756 36.

1005 1780 1162 1810 occupare
1177 1771 1354 1810 pecuniam
1378 1771 1466 1810 apud
1484 1771 1543 1800 &c.
1575 1769 1692 1800 Manil.
1709 1771 1742 1799 2⁷.

1006 1815 1135 1853 equites
1143 1815 1427 1853 Rom—quorum
1436 1823 1566 1853 maguae
1577 1822 1627 1843 res
1636 1822 1744 1852 agun-

1006 1864 1075 1896 tur,
1099 1858 1134 1888 in
1165 1859 1281 1888 vestris
1310 1858 1527 1897 vectigalibus
1551 1856 1744 1886 exercendis

1006 1906 1177 1942 oceupatoe.
1216 1901 1282 1932 vid.
1312 1902 1445 1932 Manut.
1491 1901 1532 1930 ad
1560 1900 1631 1930 haee
1659 1899 1743 1930 loca.

1007 1945 1106 1976 ‘Ate
1119 1956 1149 1975 x.
1167 1945 1198 1975 6.
1222 1954 1294 1975 sum
1312 1948 1485 1985 occupatus
1500 1944 1540 1974 de
1555 1945 1597 1984 Q.
1609 1943 1721 1973 Fratre
1734 1955 1741 1973 ε

1008 1989 1041 2019 h.
1076 1999 1105 2021 e.
1142 1999 1181 2018 eo
1219 1988 1301 2019 mihi
1339 1989 1511 2028 negotium
1547 1987 1742 2019 facessente.

1008 2033 1027 2051 ὓ
1039 2033 1108 2063 Att.
1125 2032 1192 2062 xiii.
1210 2035 1240 2062 2⁷.
1269 2033 1401 2062 Sextius
1422 2041 1500 2062 eum
1516 2031 1705 2070 occupavit,
1722 2030 1744 2060 i.

1009 2087 1038 2107 e.
1053 2076 1205 2113 adduxit,
1223 2080 1260 2106 ut
1275 2076 1365 2116 apud
1379 2086 1414 2105 se
1430 2079 1526 2105 esset.

1058 2119 1249 2157 Occurrere,
1265 2120 1298 2149 iu
1320 2126 1470 2149 mentem
1486 2118 1609 2149 venire.
1639 2117 1742 2149 Tusc.

1010 2164 1031 2194 i.
1055 2165 1106 2194 21.
1139 2163 1223 2193 nihil
1247 2163 1328 2193 mihi
1350 2164 1501 2200 occurrit,
1524 2171 1585 2192 cur
1611 2171 1678 2191 non
1700 2162 1746 2194 sit

1010 2217 1136 2237 verum.
1169 2206 1263 2237 Brut.
1290 2210 1321 2240 7.
1354 2207 1497 2236 maxime
1526 2205 1607 2235 mihi
1634 2215 1745 2235 occur-

1010 2255 1091 2281 runt
1113 2250 1265 2281 Athenae.
1297 2250 1378 2281 Nat.
1395 2251 1438 2280 D.
1454 2251 1475 2280 i.
1504 2251 1552 2279 14.
1581 2249 1674 2279 Deus
1699 2249 1748 2279 nil

1010 2294 1157 2324 sentiens
1174 2304 1348 2333 nunquam
1365 2294 1459 2323 nobis
1470 2294 1622 2329 occurrit,
1635 2302 1746 2332 neque

1011 2339 1045 2368 in
1062 2338 1227 2378 precibus,
1244 2347 1351 2376 neque
1367 2338 1401 2367 in
1414 2338 1508 2367 votis.
1522 2335 1624 2366 Acad.
1636 2338 1678 2367 iv.
1692 2339 1746 2369 40.

1011 2386 1137 2418 nostro,
1156 2391 1195 2410 ne
1213 2380 1291 2419 quid
1316 2381 1460 2410 maxime
1477 2380 1611 2419 quidem
1628 2380 1747 2420 proba-

1010 2425 1075 2454 bile
1092 2425 1148 2462 sit,
1164 2425 1315 2455 occurrit.
1339 2428 1357 2445 *⁵
1373 2423 1581 2464 respondere.
1604 2425 1685 2454 Nat.
1702 2423 1746 2453 D.

1011 2469 1055 2499 iii.
1073 2470 1125 2499 28.
1158 2468 1235 2497 huic
1258 2467 1329 2498 loco
1353 2469 1400 2498 sic
1427 2467 1541 2498 soletis
1566 2476 1745 2501 occurrere.

1010 2512 1185 2541 *avertere
1201 2511 1337 2550 aliquid,
1356 2512 1481 2541 mederi
1505 2512 1564 2542 rei.
1608 2511 1700 2541 verr.
1717 2520 1748 2545 v.

1010 2560 1041 2589 9.
1073 2560 1151 2585 ante
1169 2555 1264 2585 istius
1283 2555 1399 2585 sceleri
1415 2564 1594 2585 occurrere.
1623 2554 1747 2584 *ante-

1010 2603 1152 2636 vertere,
1169 2599 1362 2638 praevenire.
1393 2599 1434 2628 ad
1449 2599 1524 2628 Div.
1541 2599 1582 2628 iv.
1599 2601 1629 2628 5.
1660 2599 1748 2638 sapi·

1011 2643 1101 2672 entia
1117 2642 1163 2671 rei
1179 2652 1354 2672 occurrere.
1378 2642 1397 2661 ²*
1409 2642 1563 2672 celeriter
1577 2641 1748 2671 satisface-

1011 2696 1056 2717 re.
1084 2685 1217 2715 Cluent.
1234 2688 1286 2717 23.
1311 2685 1553 2726 exspectationi
1569 2694 1747 2716 occurrere.

1010 2730 1163 2767 *juvare.
1189 2729 1277 2759 Mur.
1295 2731 1346 2760 23.
1373 2738 1511 2759 occurro
1527 2731 1644 2768 vestrae
1660 2727 1748 2767 sapi-

1009 2774 1120 2802 entiae.
1157 2772 1222 2802 vid.
1250 2777 1318 2804 not.
1355 2772 1472 2812 Topic.
1504 2775 1552 2803 10.
1583 2772 1646 2802 loci
1673 2771 1746 2802 aliis

1009 2816 1291 2856 disputationibus
1308 2820 1484 2846 occurrunt
1506 2815 1749 2851 abundantius,

1009 2859 1081 2889 aliis
1103 2860 1290 2898 angustius.
1321 2860 1362 2889 ad
1385 2860 1460 2890 Div.
1485 2859 1530 2889 xi.
1545 2861 1598 2890 20.
1628 2858 1750 2897 quibus

1008 2903 1106 2935 rebus
1122 2903 1287 2937 veteranis
1304 2907 1415 2947 potest
1433 2904 1573 2940 occurri,
1584 2911 1749 2933 occurro-³.
