1920 3196
660 119 805 148 INDEX
836 119 1134 147 LATINITATIS.

161 211 326 242 saltationi
340 214 561 251 praeterquam
580 209 614 238 in
631 208 743 239 sacris.
768 208 801 238 Si
819 217 885 238 non

163 255 198 285 in
215 254 408 291 solitudine,
425 253 535 283 nonin
546 253 695 282 convivio
710 252 888 282 honestum

160 305 212 329 est
232 300 378 329 saltare.-
403 297 458 326 ubi
487 296 622 326 tandein
647 297 724 326 est?
751 295 814 325 Off.
844 296 889 325 iii.

165 345 214 377 19.
238 342 332 371 dares
360 341 444 371 hanc
468 341 533 370 vim
560 340 608 370 M.
626 340 823 369 Crasso—in
841 340 890 368 fo-

162 395 212 422 ro,
237 385 317 415 mihi
341 385 451 421 crede,
477 386 624 414 saltaret.
672 383 775 413 Estne
804 383 886 413 hoc:

164 428 376 465 histrionem,
409 428 656 467 pantomimum
685 431 798 466 ageret
813 428 825 456 ?
861 428 887 457 si

163 481 230 502 non
247 482 305 511 per
321 483 354 501 se
371 472 548 510 iudignum
573 471 712 500 honesto
735 477 769 500 ct
796 471 886 510 gravi

160 515 297 546 homine
315 522 402 545 esset
418 515 552 551 saltare,
579 514 744 553 quomodo
762 514 823 544 hoc
840 515 888 544 di-

160 569 234 589 cere
251 560 436 599 potuisset?
462 567 577 588 sensus
594 565 657 595 est,
677 559 791 587 omnia
803 558 890 588 indi-

160 603 321 642 gnissima
337 603 530 633 hereditatis
542 611 641 631 causa
653 602 778 631 faceret
793 602 888 632 Cras-

159 656 228 683 sus,
246 653 279 676 et
296 646 385 686 quod
402 647 504 676 etiam
533 645 620 675 domi
647 650 748 685 turpe
773 653 836 683 est,
855 646 888 675 id

157 690 207 719 vel
234 691 268 719 in
293 691 362 720 foro
378 690 516 726 faceret,
534 694 571 719 ut
587 691 736 719 saliarct.
782 690 887 720 Deni-

155 743 219 773 que
234 735 520 773 pautomimorum
531 735 662 764 saltatio
673 734 734 763 sub
752 732 889 763 Caesari-

159 777 220 808 bus
236 777 371 808 (leuium
391 778 528 807 inventa
544 784 605 807 est.

201 821 410 852 S(1llatm·ius.
436 821 499 851 Pis.
520 825 568 851 10.
584 822 773 851 saltatorius
787 820 885 851 orbis.

159 875 188 895 v.
206 865 304 895 orbis.

200 908 327 947 Salfus,
372 918 506 949 pascua.
557 908 674 948 Quint.
716 909 746 939 6.
798 913 881 938 extr.

155 953 316 992 Quintius
363 953 492 982 interea
529 952 568 982 de
610 954 698 982 saltu
740 962 883 991 agroque

155 997 327 1027 communi
354 996 555 1026 detruditur.
579 996 665 1025 idem
685 1000 763 1025 ante
792 996 882 1025 dixe-

154 1044 207 1069 rat
223 1049 250 1069 c.
268 1043 299 1070 3.
323 1040 479 1079 pecuaria
495 1049 545 1069 res
563 1039 678 1079 ampla
693 1045 728 1069 et
745 1041 880 1070 rustica.

151 1083 214 1113 hoe
232 1093 333 1113 sensu
356 1083 494 1113 verbum
524 1083 586 1112 hoc
610 1084 726 1113 crebro
754 1091 805 1113 est
829 1094 882 1123 ap.

153 1127 361 1157 Ciceronem.
377 1137 407 1156 v.
433 1127 547 1156 Festus
566 1128 599 1156 in
616 1126 648 1156 h.
666 1137 696 1156 v.
740 1127 805 1157 Res
822 1137 880 1168 op-

150 1171 235 1200 time
252 1171 406 1210 cognosci
419 1176 531 1211 potest
550 1181 567 1200 e
590 1170 728 1200 Varron.
745 1171 784 1201 R.
802 1171 841 1201 R.
858 1171 879 1201 l.

153 1214 190 1244 ii.
208 1214 318 1244 Etiam
333 1215 367 1244 in
384 1213 512 1253 legibus
527 1214 695 1244 Caesarum
714 1215 761 1244 sic
776 1217 881 1245 saltus

149 1262 342 1288 occurrunt.
353 1258 417 1288 vid.
431 1257 634 1288 Glossarium
649 1259 780 1289 Nomic.
798 1258 878 1289 Cod.

149 1301 277 1333 Theoti.

193 1344 306 1383 Salus,
342 1355 393 1375 res
422 1355 442 1375 a
467 1355 533 1384 qua
553 1348 643 1376 salus
673 1345 809 1386 pendet.
841 1347 875 1377 in

98 1424 102 1427 ,
151 1388 266 1419 Caecil.
283 1391 336 1420 21.
360 1389 453 1419 Verr.
471 1390 492 1419 i.
510 1391 539 1420 Q,
558 1390 650 1420 nulla
664 1392 754 1420 salus
771 1390 878 1428 major

149 1432 290 1473 reipubl.
325 1433 461 1473 reperiri
494 1438 617 1473 potest.
654 1443 684 1464 v.
711 1443 874 1465 summus.

147 1477 167 1495 ⁵*
184 1476 381 1507 insolentius
408 1477 533 1507 dicitur
555 1478 648 1508 Verr.
676 1478 710 1508 ii.
728 1478 758 1508 6.
776 1479 876 1516 juris,

146 1520 324 1558 libertatis,
348 1530 474 1559 rerum,
497 1520 777 1560 fortunarumque
801 1531 877 1553 sua·

147 1573 222 1594 rum
239 1566 378 1594 salutem
395 1565 429 1594 in
447 1565 542 1594 istius
559 1565 774 1596 damnatione
796 1576 876 1596 con-

146 1607 274 1638 sistere.
297 1607 317 1626 *
332 1607 425 1639 Verr.
452 1609 498 1638 iii.
522 1612 573 1643 57.
599 1619 664 1648 quo
680 1619 718 1639 ex
744 1609 874 1647 judicio

145 1656 180 1681 te
193 1650 264 1681 ulla
279 1653 368 1682 salus
383 1662 512 1682 servare
524 1660 646 1692 posset.
670 1653 773 1683 *Dim
787 1654 808 1683 i.
821 1657 874 1688 47.

146 1694 343 1725 addubitato
359 1695 486 1726 Salutis
497 1697 648 1736 augurio,
665 1697 743 1727 Fuit
759 1703 873 1729 autem

147 1737 273 1769 Salutis
302 1740 480 1779 augurium
510 1750 614 1780 genus
639 1741 790 1780 auspicii,
809 1751 873 1780 quo

143 1786 318 1822 tamquam
335 1783 555 1814 consulebant
579 1785 681 1823 Deos,
700 1794 741 1814 an
758 1785 818 1815 sibi
836 1786 874 1815 li-

143 1830 235 1856 ceret
256 1826 400 1857 salutem
427 1827 541 1868 populi
563 1829 603 1858 ab
624 1829 702 1868 ipsis
731 1833 870 1868 petere3

145 1870 232 1909 quod
249 1871 321 1901 fieri
338 1881 404 1901 non
421 1871 555 1909 licebat,
573 1873 635 1902 nisi
653 1873 706 1903 ubi
724 1882 798 1902 aves
815 1873 872 1902 ad-

144 1913 317 1944 dixissent.
343 1915 391 1945 Eo
413 1916 466 1945 ‹lie
499 1921 613 1946 autem
631 1916 664 1946 id
690 1917 869 1955 augurium

142 1957 316 1996 agebatur,
333 1969 398 1998 quo
415 1959 525 1989 nulius
554 1963 664 1989 motus
681 1966 769 1990 esset
785 1961 872 1990 inili-

137 2001 236 2039 taris,
255 2011 362 2041 neque
391 2008 508 2033 contra
533 2003 676 2040 hostem,
695 2014 803 2042 neque
829 2005 869 2035 ab

138 2043 244 2074 hoste.
281 2045 396 2084 Itaque
417 2047 452 2076 in
467 2047 560 2076 bellis
579 2047 728 2077 civilibus
747 2055 780 2076 ct
797 2058 870 2087 gra·

139 2088 282 2119 vioribus
299 2089 370 2119 aliis
397 2100 463 2120 non
490 2091 661 2130 agebatur.
692 2091 774 2121 Hau:
803 2093 868 2122 iiio

138 2132 241 2162 tradit
254 2132 274 2162 l.
289 2135 408 2163 xxxvii.
426 2145 524 2173 quem
537 2134 577 2164 ad
591 2135 622 2164 h.
639 2135 660 2164 l.
672 2134 786 2164 laudat
800 2136 867 2165 lfa-

136 2176 247 2206 visius.
264 2177 303 2206 de
319 2177 380 2207 hoc
392 2179 531 2217 augurio
547 2189 575 2207 v.
595 2178 749 2209 Politian.
767 2179 862 2209 Mine.

141 2221 189 2249 13.
212 2219 369 2251 Torrent.
399 2225 432 2251 et
453 2222 639 2252 Casaubon.
668 2222 708 2252 ad
725 2224 863 2253 Sueten.

135 2263 279 2302 August.
299 2268 349 2295 31.
368 2265 458 2305 Lips.
477 2266 517 2295 ad
532 2265 640 2295 Tacit.
653 2267 691 2296 A.
710 2267 765 2296 xii.
783 2269 834 2297 ²23.

178 2306 397 2346 Salutariter,
414 2313 499 2339 tuto.
531 2310 572 2339 ad
594 2310 670 2339 Div.
692 2320 723 2339 x.
747 2312 799 2341 ⁶23.
823 2317 863 2341 ut

134 2350 186 2381 vel
209 2351 361 2382 celeriter
392 2353 561 2391 accedere,
587 2354 639 2383 vel
669 2355 862 2384 salutariter

133 2395 279 2434 recipere
297 2406 350 2426 me
367 2406 509 2437 possem.

176 2438 351 2470 Samnites.
379 2442 469 2471 Sext.
488 2442 540 2472 64.
574 2450 679 2480 genus
695 2440 861 2480 gladiato-

131 2490 219 2519 rum,
236 2484 324 2522 quod
341 2494 463 2514 nomen
493 2486 595 2514 traxit
616 2486 656 2514 ab
687 2490 859 2515 armatura

130 2525 326 2565 Samnitica,
345 2538 443 2567 quam
462 2528 619 2558 describit
654 2528 724 2558 Liv.
743 2529 784 2558 ix.
801 2532 855 2559 40.

128 2569 217 2599 Ante
233 2569 399 2601 Romanos
411 2573 482 2610 jam
501 2572 664 2612 Campani
681 2577 857 2602 contume—

128 2612 181 2642 liae
205 2624 305 2644 causa
328 2615 529 2654 gladiatores
547 2616 739 2646 Samniticis
756 2617 857 2646 armis

128 2655 310 2697 habituque
341 2669 492 2699 pugnare
516 2661 748 2696 instituerant,
773 2669 854 2698 quos

125 2700 252 2731 imitati
280 2706 360 2733 sunt
381 2703 536 2734 Romani.
560 2703 630 2733 Liv.
649 2703 727 2732 ibid.
754 2703 795 2733 cf.
814 2703 854 2733 de

125 2743 188 2774 hoc
204 2754 326 2784 genere
342 2747 565 2786 gladiatorum
583 2747 853 2786 Lips.Saturna1.

124 2787 157 2818 ii.
179 2790 229 2818 11.

167 2830 320 2871 Sancire,
338 2834 472 2865 firmum
505 2834 654 2871 reddere,
670 2837 709 2863 ut
727 2843 855 2874 posses-

124 2875 263 2907 tionem.
277 2877 355 2917 Agr.
373 2879 421 2908 iii.
444 2880 512 2909 1.‘2.
526 2881 555 2909 3.
586 2878 605 2896 ⁴*
622 2887 749 2907 cavere.
770 2877 851 2917 Leg.

121 2919 167 2949 iii.
184 2920 237 2951 20.
262 2921 310 2951 vin
327 2922 450 2962 eapite,
468 2921 608 2953 avaritia
624 2921 733 2951 multa
746 2923 852 2952 sanci-

1595 107 1679 153 417

931 212 1019 237 atur.
1033 207 1096 237 Off.
1117 207 1161 236 iii.
1184 210 1232 241 17.
1251 208 1322 247 lege
1334 208 1460 238 sancire
1476 207 1522 237 sic
1534 207 1669 243 dicitur.

933 251 1044 281 Plane.
1068 254 1114 285 19.
1139 260 1236 290 poena
1251 253 1381 281 sancire
1396 251 1533 290 aliquid.

978 294 1123 331 Sanctio,
1142 299 1302 334 estcaput
1316 295 1411 334 legis,
1429 295 1517 333 quod
1530 304 1664 334 poenam

933 339 1096 373 continet,
1113 347 1179 376 qua
1194 344 1369 377 tamquam
1387 343 1512 368 sanctae.
1532 342 1564 368 et
1581 339 1668 368 invi·

931 381 1067 411 olabilcs
1085 382 1173 420 leges
1191 382 1291 412 fiunt.
1316 382 1410 412 Verr.
1428 383 1471 412 iv.
1490 382 1543 412 66.
1567 381 1663 413 Balb.

937 428 1155 506 usandum,
1180 470 1236 508 jus
1271 468 1547 499 inviolabilitatis.
1572 469 1665 500 Sext.

930 514 982 545 37.
1019 512 1125 543 fretus
1169 515 1344 543 sanctitate
1384 513 1587 543 tribunatus.
1621 513 1663 543 ad

931 556 1007 586 Div.
1040 567 1070 586 Χ.
1103 559 1132 586 4.
1157 559 1314 587 sanctitas
1343 556 1462 596 patria.
1503 557 1556 586 Sic
1587 557 1662 588 Liv.

930 599 1004 630 xliv.
1023 602 1075 634 ⁶29.
1099 602 1306 631 scmctitatem
1330 600 1449 640 templi
1474 600 1659 640 insulaeque

931 643 970 673 de
989 644 1067 680 jure
1083 644 1163 684 asyli
1182 644 1277 674 dixit.

976 687 1106 718 Sancte.
1126 688 1236 718 Rabir.
1256 689 1343 718 Post.
1360 691 1390 718 4.
1414 688 1662 726 seme-tiusjudi-

931 737 1007 761 cata
1023 731 1194 767 dicuntur,
1213 742 1286 770 quae
1315 732 1441 771 legibus
1460 732 1552 761 novis
1568 742 1659 762 seve-

929 776 996 805 rius
1013 776 1280 805 constituuntur.

973 819 1127 857 Sanctus,
1146 819 1355 850 inviolabilis.
1379 820 1460 859 Leg.
1480 820 1525 849 iii.
1543 823 1573 851 3.
1597 821 1659 850 tri-

928 863 1009 893 buni
1026 863 1070 902 pl.
1085 865 1190 894 suncti
1205 869 1317 894 sunto.
1343 864 1414 894 Fin.
1432 864 1541 893 iii.20.
1565 874 1657 893 anio-

928 916 978 936 res
994 909 1108 937 sancti.
1126 917 1157 936 v.
1174 917 1278 937 amor.

970 950 1059 981 Sane
1076 961 1152 981 cum
1182 951 1246 990 adj.
1271 951 1397 981 Heren.
1421 951 1463 980 iv.
1496 953 1549 985 49.
1574 960 1653 981 sane

925 1004 1049 1034 magna
1065 995 1214 1025 cicatrix.
1231 1005 1270 1024 ex
1289 995 1404 1024 Graeco
1420 992 1463 1026 δή.

970 1038 1139 1077 Sanguen.
1164 1039 1236 1068 Fin.
1253 1049 1283 1069 v.
1305 1042 1353 1068 11.

968 1082 1126 1121 Sanguis,
1143 1082 1260 1112 caedes.
1284 1081 1380 1112 Rosc.
1399 1082 1436 1112 A.
1457 1085 1485 1113 5.
1510 1083 1658 1122 quotidi-

923 1135 1005 1156 anus
1021 1128 1168 1164 sanguis.
1191 1129 1210 1147 ’¹²
1222 1127 1377 1166 pecunia,
1395 1136 1471 1156 cum
1489 1126 1529 1156 de
1546 1128 1653 1167 priva-

922 1170 979 1207 tis,
998 1172 1166 1207 aerarium,
1178 1180 1253 1199 cum
1269 1170 1308 1199 de
1325 1180 1393 1210 rep.
1409 1170 1542 1200 dicitur.
1560 1171 1651 1201 Sext.

922 1215 973 1244 36.
986 1216 1122 1253 sanguis
1138 1215 1218 1253 reip.
1236 1213 1278 1244 cf.
1294 1214 1395 1244 Doni.
1413 1217 1466 1248 47.
1489 1214 1567 1244 hine
1584 1215 1652 1244 ele-

921 1261 1041 1296 ganter
1058 1257 1246 1298 plebecula,
1264 1259 1298 1287 in
1316 1267 1416 1297 quam
1434 1264 1570 1298 propter
1580 1259 1652 1288 fru—

920 1303 1102 1332 mentarias
1119 1301 1315 1340 largitiones
1335 1303 1478 1340 pecunia
1501 1312 1539 1332 ex
1568 1312 1650 1333 aera·

919 1346 968 1375 rio
993 1345 1211 1385 impenditur,
1240 1345 1359 1375 hirudo
1388 1346 1494 1375 aerarii
1512 1346 1648 1376 dicitur.

918 1399 949 1420 v.
967 1389 1096 1419 hirudo.

963 1433 1100 1471 Sannio,
1127 1443 1251 1464 scurra.
1275 1434 1332 1464 Or.
1361 1433 1395 1463 ii.
1425 1434 1477 1464 61.
1500 1433 1542 1464 ad
1569 1434 1647 1465 Div.

919 1477 962 1507 ix.
985 1478 1034 1508 16.
1051 1483 1136 1507 extr.

963 1520 1096 1561 Sapere.
1122 1521 1197 1551 Div.
1215 1521 1236 1551 i.
1263 1524 1314 1552 58.
1334 1522 1389 1561 qui
1406 1522 1467 1551 sibi
1490 1521 1644 1552 semitam

918 1574 985 1594 non
1008 1567 1159 1605 sapiam:
1184 1575 1201 1594 e
1228 1569 1348 1605 poeta3
1373 1566 1394 1595 i.
1423 1576 1452 1595 e.
1477 1567 1646 1604 nesciunt,

918 1617 985 1638 non
1000 1609 1126 1639 vident.
1151 1608 1222 1639 Fin.
1239 1610 1273 1639 ii.
1292 1612 1321 1640 8.
1336 1619 1402 1639 non
1413 1610 1576 1649 sequitur,
1594 1614 1646 1647 ut,

917 1653 970 1682 cui
990 1663 1046 1683 cor
1059 1654 1179 1692 sapiat,
1195 1654 1224 1683 ci
1248 1663 1315 1683 non
1331 1655 1438 1692 sapiat
1453 1653 1583 1693 palatus
1599 1667 1605 1684 z
1625 1655 1647 1684 i.

915 1706 944 1726 e.
963 1705 1031 1726 non
1047 1697 1171 1726 sentiat
1186 1697 1318 1726 rectein
1337 1698 1423 1734 cibo,
1435 1706 1500 1727 non
1512 1697 1646 1737 judicet

914 1744 1004 1770 recte
1022 1740 1062 1770 de
1082 1741 1265 1780 saporibus.
1289 1740 1331 1770 ad
1358 1741 1434 1771 Div.
1456 1742 1478 1771 i.
1514 1745 1562 1772 10.
1588 1742 1645 1772 ubi

914 1785 1002 1814 solus
1017 1794 1129 1824 sapere
1144 1783 1288 1814 videare.
1305 1789 1354 1814 est
1365 1785 1463 1823 jocus
1481 1795 1520 1815 ex
1538 1786 1644 1816 ambi·

913 1838 988 1866 guo.
1006 1829 1165 1858 scribitur
1180 1829 1271 1858 enim
1300 1828 1340 1858 de
1365 1828 1465 1866 JCto,
1498 1838 1642 1868 quorum

911 1873 1054 1902 scicntia
1069 1872 1244 1902 dicebatur
1267 1872 1443 1912 sapientia.
1458 1883 1486 1903 v.
1510 1874 1643 1913 sapien—

910 1916 970 1946 tia.

955 1960 1103 1999 Sapiens,
1121 1960 1160 1990 de
1176 1959 1274 1990 JCto.
1300 1959 1381 1990 Lael.
1398 1961 1428 1991 ⁶2.
1452 1959 1546 1990 Balb.
1567 1963 1617 1990 15.

955 2003 1137 2043 Sapienfia.
1163 2004 1220 2034 Or.
1254 2004 1300 2033 iii.
1333 2007 1381 2034 15.
1406 2003 1486 2042 quid
1516 2003 1640 2034 Graecis

911 2046 980 2077 sit?
1008 2049 1050 2078 ib.
1064 2049 1098 2078 ii.
1122 2052 1147 2078 l.
1171 2048 1329 2087 snpientia
1352 2048 1475 2085 omnis,
1492 2051 1541 2077 est
1563 2057 1641 2077 eru-

910 2090 1005 2121 ditio.
1029 2092 1047 2109 *
1063 2092 1153 2122 duris
1179 2091 1330 2121 scientia.
1357 2091 1436 2121 hinc
1465 2091 1506 2121 ad
1523 2091 1599 2121 Div.
1618 2092 1640 2122 i.

914 2137 961 2165 10.
979 2136 1076 2173 jocus
1094 2136 1135 2165 ad
1151 2135 1321 2165 Valerium
1337 2135 1482 2165 dCtum:
1509 2135 1565 2164 ubi
1583 2145 1643 2165 au-

909 2178 1003 2208 dacia
1033 2179 1112 2208 licet
1143 2190 1201 2218 pro
1224 2180 1384 2218 sapientia
1416 2179 1477 2208 uti.
1504 2179 1638 2209 *Tusa

908 2222 953 2252 iii.
975 2226 1022 2252 18.
1042 2223 1075 2252 in
1094 2222 1226 2262 plurali,
1243 2224 1417 2262 sapientiae.

950 2266 1066 2305 Sapor.
1084 2266 1323 2305 intelligentia.
1337 2267 1413 2296 Seu.
1425 2277 1457 2306 p.
1472 2266 1511 2297 R.
1531 2267 1560 2297 6.
1577 2266 1637 2296 110-

906 2319 960 2339 mo
986 2311 1057 2339 sine
1081 2320 1194 2346 sensu,
1213 2310 1285 2340 sine
1313 2320 1435 2350 sapore.
1459 2309 1555 2340 Brut.
1579 2311 1633 2341 46.

902 2363 998 2392 sapor
1029 2353 1228 2384 vernaculus
1244 2365 1251 2383 t
1287 2359 1339 2384 est
1361 2357 1532 2391 venustas,
1569 2353 1636 2384 ele-

902 2397 1019 2436 gantia
1035 2397 1223 2428 vernacula.

946 2440 1088 2471 sarissa.
1116 2441 1265 2472 Herenn.
1296 2441 1338 2471 iv.
1364 2443 1417 2472 352.
1441 2445 1478 2471 ut
1506 2442 1531 2471 si
1557 2442 1630 2481 quis

900 2483 1103 2515 Macedonas
1131 2485 1308 2525 appellarit
1333 2485 1396 2515 hoc
1414 2485 1533 2515 modo:
1562 2495 1629 2515 non

898 2532 969 2558 tam
987 2529 1054 2558 cito
1070 2530 1199 2559 sarissoe
1215 2528 1345 2559 Graecia
1359 2530 1458 2569 potiti
1480 2533 1570 2559 sunt.
1590 2539 1630 2559 ex

898 2582 963 2610 quo
977 2577 1071 2612 patet
1087 2572 1188 2603 fuisse
1207 2573 1315 2603 telum
1332 2579 1391 2602 aut
1409 2573 1538 2603 hastam
1556 2573 1632 2604 Ma-

898 2616 1076 2646 cedonum.

942 2659 1072 2690 Sartzcs.
1098 2658 1228 2689 verrin.
1246 2660 1267 2689 i.
1283 2662 1336 2690 40.
1353 2662 1407 2693 49.
1430 2665 1522 2691 sarta
1539 2663 1631 2691 tecta

896 2704 1040 2742 exigere.
1088 2703 1192 2734 Βατία
1216 2707 1300 2734 tecta
1324 2710 1404 2734 sunt
1434 2715 1535 2744 opera
1567 2715 1631 2744 pu·

896 2746 995 2784 blica,
1014 2747 1048 2776 in
1065 2748 1181 2787 primis
1198 2746 1338 2787 templa,
1355 2757 1429 2786 quae
1447 2759 1465 2778 a
1482 2748 1627 2778 censori-

895 2790 955 2820 bus
979 2791 1147 2828 locantur‚
1167 2796 1205 2821 ut
1222 2796 1281 2821 aut
1298 2800 1383 2821 nova
1400 2791 1626 2828 aedificeMur,

897 2840 956 2864 aut
981 2835 1182 2869 sarciantur,
1206 2835 1233 2864 si
1250 2834 1331 2873 quid
1355 2836 1388 2864 in
1414 2835 1452 2865 iis
1470 2840 1529 2865 aut
1553 2836 1626 2866 vitii

894 2884 957 2914 est,
977 2883 1035 2908 aut
1054 2878 1173 2908 melius
1191 2877 1317 2917 aliquid
1331 2888 1496 2908 novumve
1512 2884 1630 2909 extru-

895 2922 1021 2952 endum
1045 2931 1115 2951 esse
1140 2921 1282 2951 videtur.
1328 2922 1394 2952 Ubi
1411 2927 1525 2952 autem
1543 2932 1626 2962 opus

951 2973 970 2994 ε
988 2975 1004 2993 e
