1920 3196
236 98 322 138 448

239 196 298 228 sed
313 193 462 225 Graevius
486 191 598 223 laudat
624 191 805 223 lectionem
824 192 903 223 Cod.
922 193 982 223 Ei·-

240 241 383 271 furtens.
408 240 580 277 concepta..
598 236 734 267 *natus
760 237 855 267 Brut.
868 246 920 276 ep.
937 240 986 268 14.

238 293 344 322 remp.
361 281 414 311 cui
429 284 592 320 susceptus
607 290 654 318 es,
672 281 822 321 respicis.

286 326 470 365 Suscipere,
494 324 534 354 de
561 324 716 363 negotiis,
740 324 922 363 opponitur
945 324 986 363 τῷ

240 370 404 410 recipere.
421 379 451 398 v.
464 373 639 407 susceptus
651 374 685 397 ct
698 368 855 406 recipere.
867 367 900 396 in
914 367 987 397 Cae-

239 413 294 445 cil.
327 416 358 444 8.
386 413 547 452 suscipere
577 421 722 441 causam.
763 410 898 440 Cluent.
927 412 981 444 49.

239 459 384 488 Senatus
407 457 547 496 suscepit
570 464 727 493 causam3
751 454 786 484 h.
811 464 839 484 e.
867 458 981 484 actum

243 505 296 531 est
313 501 353 531 de
375 510 415 530 ea
435 510 469 529 re
488 499 520 529 in
536 503 669 535 senatu,
696 499 751 538 qui
777 507 850 528 eam
876 497 984 527 vindi-

238 544 381 575 candam
407 543 553 580 censuit,
568 547 603 572 et
627 541 787 577 decrevit,
811 545 849 571 ut
876 540 915 570 de
943 550 982 570 ea

239 589 380 628 quaestio
412 586 604 623 haberetur,
631 588 668 615 ut
705 585 833 615 factum
866 589 917 614 est
945 585 980 614 in

243 641 344 662 causa
360 630 509 667 Milonis,
528 639 627 669 quain
650 632 686 659 et
714 629 820 669 ipsam
843 632 979 658 senatus

240 675 423 715 suscepisse
446 673 511 703 dici
536 677 657 713 potest.
683 672 701 691 *⁵
718 673 789 713 ipsa
811 672 912 702 etiam
930 680 980 701 res

240 719 364 749 dicitur
378 718 511 757 suscipi,
540 727 599 757 pro
620 726 686 755 qua
701 715 829 746 labores
846 716 980 754 suscipi-

239 767 354 793 untur.
378 762 469 792 Sext.
493 762 545 792 22.
568 761 727 800 suscipere
749 759 890 789 salutem
918 759 982 788 rei-

241 806 395 847 publicae.
418 804 620 842 *adhiberffi
646 804 708 834 uti.
743 802 824 833 Sull.
852 805 904 833 31.
930 812 980 832 se-

241 851 362 880 veritas
377 853 523 888 suscepta
541 851 601 878 est.
625 848 681 878 Or.
699 850 752 881 71.
776 846 981 886 impudenti-

240 903 297 924 am
312 892 477 924 scribendi
493 893 660 932 suscipere.
684 891 702 909 ²*
716 890 755 920 de
767 890 872 930 poenis
884 889 980 919 luen-

240 937 303 968 dis.
328 937 447 967 Manil.
465 939 495 966 3.
525 937 684 976 suscipere
706 943 849 975 poenam.
872 933 890 952 *
908 943 981 973 per-

241 981 365 1022 cipere,
382 980 448 1010 vim
466 979 605 1019 alicujus
623 979 670 1009 rei
686 979 821 1008 sentire.
846 977 887 1007 ad
903 977 979 1007 Div.

239 1025 284 1055 vi.
301 1027 332 1056 4.
357 1024 384 1054 si
400 1025 557 1064 suscipere
578 1021 838 1052 consolationem
862 1020 979 1061 possis.

242 1068 262 1087 *ι
278 1067 474 1103 concedere,
492 1067 582 1096 dare.
608 1065 710 1096 Tusc.
728 1066 750 1096 i.
768 1067 821 1096 3‘2.
845 1064 932 1104 quod
946 1065 981 1094 in

239 1116 399 1142 causaest
407 1107 980 1149 difficillimum,suscipiunt,—illud

244 1160 373 1193 autem,
390 1153 621 1194 quod—facile
639 1153 681 1183 ad
697 1152 899 1183 credendum
917 1155 981 1189 est,

240 1208 353 1230 -non
364 1199 456 1229 dant.
474 1198 636 1227 *Dicitur
645 1197 747 1227 ctiam
758 1196 797 1226 de
808 1195 979 1235 religione.

241 1242 319 1274 Div.
333 1243 366 1273 ii.
385 1245 437 1273 54.
461 1241 592 1282 Sibyllae
615 1240 689 1271 libri
708 1239 842 1270 valeant
864 1239 905 1268 ad
922 1239 978 1268 de-

241 1286 413 1327 ponendas
430 1286 554 1326 potius,
580 1294 679 1324 quam
709 1283 750 1314 ad
764 1283 983 1323 suscipiendas

238 1331 428 1370 religiones.
454 1330 613 1369 suscipere
628 1328 823 1367 religionem
847 1330 898 1356 est
920 1326 979 1356 ali—

240 1374 322 1414 quid
337 1373 563 1404 omittcndum
577 1381 725 1408 censere,
741 1372 819 1410 quia
835 1371 890 1401 Dii
908 1380 983 1410 por·

240 1418 359 1455 tentis,
381 1416 473 1455 fatis,
499 1417 679 1453 ominibus,
697 1415 851 1455 auspiciis
869 1414 980 1454 prohi-

239 1461 317 1492 bere
333 1461 500 1492 videntur.
526 1460 605 1490 ibid.
620 1469 694 1499 quae
710 1459 736 1489 si
751 1459 978 1498 suscipiamus,

240 1506 334 1546 pedis
349 1505 486 1536 offensio
503 1504 596 1535 nobis
613 1508 648 1533 et
657 1503 812 1543 abruptio
828 1502 977 1541 corrig-ize

241 1554 278 1580 et
309 1552 582 1579 sternutamenta
619 1550 719 1578 erunt
762 1545 977 1576 observanda.

239 1593 382 1624 Dixerat
397 1597 511 1623 autem
527 1592 567 1622 de
584 1591 763 1621 ominibus.
808 1590 862 1619 Sic
877 1594 912 1619 et
928 1594 980 1619 est

238 1636 351 1668 Pison.
383 1638 436 1668 ⁴24.
471 1636 489 1655 ²⁸·
505 1635 588 1666 Sull.
617 1637 669 1666 ⁶24.
711 1633 812 1664 Sullae
838 1642 981 1673 persona

239 1690 307 1711 non
329 1682 464 1721 suscipit
492 1679 619 1710 crimen
648 1683 822 1709 tantorum
850 1677 977 1707 facino-

238 1733 326 1755 rum.
353 1725 374 1755 i.
391 1735 420 1754 e.
437 1723 592 1754 abhorret
618 1733 637 1753 a
653 1722 792 1752 crimine
808 1725 918 1758 tanto,
942 1721 977 1750 in

239 1778 314 1799 eam
331 1777 399 1798 non
416 1768 505 1798 cadit
521 1770 655 1797 tantum
673 1765 811 1796 crimen.

283 1812 463 1849 Suscffare,
478 1812 618 1851 fingere,
638 1810 838 1849 excogitare.
862 1808 938 1839 Div.
957 1808 978 1838 i.

235 1858 291 1886 40.
316 1857 373 1895 qui
385 1856 437 1886 sui
453 1859 599 1895 quaestus
618 1863 717 1884 causa
730 1855 887 1884 suscitant
904 1861 978 1883 sen·

236 1900 376 1930 tenuas.

283 1942 497 1983 Suspendere,
520 1942 693 1982 eleganter
716 1941 756 1971 de
781 1938 977 1977 fornicibus,

237 1987 318 2026 quia
333 1997 401 2018 non
417 1989 558 2028 possunt
580 1986 691 2016 fulciri
718 1989 752 2015 et
778 1983 894 2014 fulcris
920 1993 976 2013 su-

238 2031 355 2062 stineri
379 2032 414 2061 in
439 2029 651 2061 demoliendo
677 2029 817 2069 pariete.
840 2026 925 2067 Top.
941 2030 973 2057 4.

237 2075 265 2104 si
283 2075 356 2114 quis
371 2075 406 2105 in
423 2074 595 2104 communi
612 2073 740 2114 pariete
763 2070 975 2101 demoliendo

240 2117 355 2149 damni
380 2118 496 2149 infecti
524 2117 728 2158 promiserit,
745 2125 812 2146 non
843 2114 979 2144 debebit

238 2165 409 2202 praestare,
427 2161 516 2201 quod
531 2161 640 2192 fornix
663 2161 736 2190 vitii
762 2159 890 2189 fecerit.
909 2167 977 2188 non

237 2206 329 2236 enim
355 2206 425 2245 ejus
443 2206 536 2243 vitio,
553 2205 609 2244 qui
637 2202 817 2234 demolitus
840 2206 904 2239 est,
922 2201 979 2232 da-

241 2259 361 2280 mnum
378 2250 507 2280 factum
524 2257 587 2286 est,
604 2248 662 2278 sed
675 2248 745 2287 ejus
761 2246 870 2287 operis
883 2246 976 2283 vitio,

237 2293 327 2333 quod
351 2294 399 2324 ita
436 2293 639 2324 aedificatum
670 2296 734 2329 est,
760 2295 800 2321 ut
825 2290 978 2328 suspendi

236 2346 306 2368 non
330 2342 453 2377 posset.
477 2336 496 2356 *ἓ
512 2337 584 2367 Att.
602 2336 671 2366 xiii.
693 2338 748 2366 40.
772 2334 830 2364 sed
846 2334 901 2363 ubi
920 2333 976 2363 bo-

235 2389 298 2412 nos
327 2381 436 2411 viros?
466 2381 541 2422 (int.
568 2376 691 2417 videat)
727 2378 791 2409 nisi
825 2377 911 2407 forte
941 2386 976 2406 se

235 2425 415 2466 suspendit.
445 2434 578 2464 nempe,
595 2427 635 2454 ut
661 2422 751 2463 apud
780 2421 902 2452 inferos
929 2421 977 2451 vi-

235 2467 325 2499 deat.

281 2511 477 2552 Suspensus,
495 2512 582 2542 curis
607 2510 770 2541 sollicitus
792 2512 827 2539 et
842 2508 976 2538 dubius.

234 2555 337 2587 Dom.
365 2556 418 2588 36.
440 2565 594 2596 suspensa
611 2565 648 2585 ac
666 2553 810 2584 sollicita
829 2552 977 2582 civitate.

232 2600 254 2632 ¹*
270 2601 422 2630 intentus
440 2600 541 2629 alicui
557 2600 616 2629 rei.
639 2598 696 2629 Or.
714 2598 735 2627 i.
753 2597 805 2627 56.
827 2605 977 2636 suspenso

235 2645 350 2674 animo
362 2647 396 2674 et
411 2646 574 2683 occupato
593 2643 749 2673 Crassum
766 2640 827 2670 tibi
841 2649 977 2680 respon-

236 2687 322 2718 disse
339 2688 446 2718 video.
465 2687 484 2705 ’ἕ
493 2695 693 2727 suspensum
705 2695 745 2714 ex
758 2683 869 2722 aliqua
881 2693 914 2712 re
929 2683 976 2712 di-

235 2731 336 2770 citur,
350 2731 439 2770 quod
455 2731 578 2772 sinefea
593 2730 723 2760 salvum
740 2738 810 2758 esse
823 2736 890 2757 non
901 2731 976 2766 pot-

235 2780 300 2813 est,
317 2775 406 2814 quod
432 2775 481 2805 ita
503 2774 537 2805 se
561 2773 676 2810 habet,
700 2772 748 2803 uti
775 2782 814 2801 ea
837 2780 887 2800 res
912 2773 976 2800 est.

233 2819 277 2849 ad
293 2819 368 2850 Div.
385 2829 414 2849 v.
436 2821 485 2849 13.
503 2827 569 2848 non
586 2815 722 2847 aliunde
738 2814 898 2856 pendere,
915 2823 975 2843 nec

231 2865 439 2895 extrinsecus
472 2870 644 2902 suspensas
674 2859 797 2890 habere
826 2858 974 2888 rationes

231 2906 488 2951 benebmaieque
505 2904 638 2942 vivendi
653 2916 661 2936 ι
691 2907 732 2935 ut
757 2903 797 2934 iis
813 2911 860 2934 sc.
878 2899 976 2934 salvis

780 105 926 134 mnssx
959 88 1256 133 ιΑτΙΝῐτΑτῐε.

1027 197 1062 223 et
1078 192 1231 223 secundis
1246 191 1447 232 tranquillus
1470 201 1508 223 ac
1524 191 1634 231 laetus‚
1651 193 1689 224 iis
1704 202 1767 226 au-

1027 240 1099 266 tem
1137 236 1275 276 perditis
1313 243 1373 266 aut
1401 236 1544 267 adversis
1578 237 1679 268 miser
1706 239 1762 268 sis.

1027 280 1128 310 Tusc.
1146 290 1176 310 v.
1204 282 1253 310 12.
1276 289 1313 309 ex
1337 279 1472 310 alterius
1490 285 1549 310 aut
1576 280 1662 311 bono
1682 291 1762 311 casu

1028 328 1088 353 aut
1104 324 1270 353 contrario
1293 324 1323 353 ei
1348 333 1500 363 suspensa
1525 329 1605 353 suut
1635 325 1762 362 omnia,

1028 376 1102 406 quae
1115 366 1157 396 ad
1172 366 1268 396 beate
1284 367 1461 397 vivendum
1478 367 1602 397 serunt.

1070 410 1252 449 Suspicere,
1268 411 1430 449 cogitare.
1456 410 1536 440 Lael.
1553 415 1584 444 9.
1616 409 1699 440 nihil
1716 409 1764 441 al-

1025 457 1114 490 tum,
1143 453 1227 484 nihil
1254 455 1674 494 magniticum—-suspiccre
1689 463 1764 495 pos-

1026 500 1115 527 sunt.

1071 540 1225 580 Suspicio.
1249 539 1356 571 Flaoc.
1374 544 1426 572 33.
1450 550 1540 570 nune
1562 540 1642 570 facis
1661 542 1765 580 suspi-

1026 584 1157 614 cionem.
1175 584 1297 614 dicitur
1325 584 1364 614 de
1391 587 1596 621 accusatore,
1623 594 1699 614 cum
1717 585 1766 615 ita

1026 627 1066 657 de
1084 637 1118 657 re
1137 627 1249 666 aliqua
1265 627 1358 665 dicit,
1382 633 1421 658 ut
1436 628 1568 667 ,judices
1592 628 1765 667 suspicen-

1024 674 1094 708 tur,
1112 680 1224 701 veram
1241 681 1324 708 esse,
1341 681 1400 711 pro
1426 681 1490 710 quo
1512 678 1546 701 et
1562 675 1613 701 est
1628 672 1763 711 suspici·

1025 724 1075 744 ose
1102 713 1210 744 dicere
1238 718 1271 744 et
1303 724 1452 753 arguere.
1478 715 1575 744 Rosc.
1607 715 1682 745 Am.
1709 716 1764 746 28.
1798 714 1807 721 '

1025 758 1085 788 &c.
1109 763 1143 787 et
1158 757 1251 787 Verr.
1272 758 1317 788 iii.
1333 761 1386 792 93.
1409 759 1601 798 suspiciones
1615 758 1765 796 injicere.

1026 803 1045 823 ¹*
1064 801 1160 832 Rose.
1177 801 1288 831 Amer.
1306 804 1359 831 31.
1394 802 1601 841 suspicionem
1620 801 1661 830 ad
1680 810 1765 841 prae-

1026 844 1101 874 dam
1130 844 1331 883 adjungere:
1357 844 1390 874 h.
1418 855 1447 874 e.
1471 845 1510 875 de
1528 845 1565 874 iis
1591 845 1765 884 suspicari,

1025 889 1082 927 qui
1099 889 1245 928 praedam
1262 888 1398 918 habent.
1423 888 1441 905 ²*
1456 889 1536 927 Agr.
1552 889 1586 918 ii.
1604 891 1634 918 3.
1656 889 1762 927 suspi-

1023 933 1069 961 cio
1086 942 1124 961 ac
1141 931 1348 972 perturbatio
1366 932 1585 971 judiciorum,
1602 934 1651 961 est
1667 930 1693 961 ἓν
1717 930 1764 961 διὰ

1022 973 1105 1013 δυοῖν,
1125 986 1182 1015 pro
1200 977 1334 1015 suspicio
1348 975 1608 1016 perturbationis
1619 975 1765 1013 judicio-

1026 1029 1099 1049 rum
1117 1020 1252 1049 futurae.

1069 1062 1254 1103 Suspiciose.
1277 1062 1375 1092 Rosc.
1405 1063 1481 1092 Am.
1512 1064 1564 1094 98.
1598 1063 1765 1103 suspiciose

1024 1104 1143 1137 dicere.
1159 1117 1190 1136 v.
1208 1106 1364 1146 suspicio.

1069 1150 1231 1190 Suspicor,
1262 1150 1297 1179 in
1327 1150 1448 1179 bonam
1481 1151 1613 1189 partem
1640 1152 1692 1179 est
1723 1148 1765 1179 ad

1023 1193 1100 1223 Div.
1117 1195 1137 1224 i.
1155 1195 1185 1224 6.
1209 1193 1296 1232 quod
1311 1193 1404 1223 valde
1419 1194 1559 1233 suspicor
1581 1192 1662 1222 fore.
1680 1202 1766 1232 prae-

1024 1237 1114 1267 cedit
1130 1247 1236 1277 spero.
1254 1237 1334 1266 item
1362 1237 1403 1267 iv.
1431 1240 1481 1267 10.
1506 1247 1537 1267 v.
1564 1238 1595 1268 2.
1611 1240 1645 1267 te
1660 1236 1765 1276 suspi-

1024 1282 1096 1311 cari
1114 1281 1204 1319 uolo,
1219 1281 1241 1310 i.
1258 1290 1287 1310 e.
1304 1280 1380 1310 inde
1394 1280 1559 1319 colligere.

1070 1323 1197 1364 Susque
1224 1324 1342 1362 deque.
1367 1323 1435 1354 Att.
1463 1324 1527 1353 xiv.
1554 1324 1585 1354 6.
1617 1333 1695 1355 nam
1722 1322 1763 1353 de

1026 1368 1167 1398 Octavio
1190 1378 1304 1408 susque
1330 1367 1430 1407 deque
1444 1380 1453 1397 :
1488 1367 1522 1397 h.
1539 1377 1567 1397 e.
1585 1376 1652 1396 non
1668 1377 1763 1405 curo,

1023 1421 1157 1442 sursum
1183 1422 1226 1442 an
1264 1411 1433 1449 deorsum,
1459 1411 1761 1450 quomodocunque

1023 1461 1088 1487 eat.
1134 1456 1223 1486 Nam
1254 1455 1385 1496 proprie
1424 1457 1475 1485 est
1504 1464 1636 1485 sursum
1667 1455 1763 1485 deor-

1024 1509 1111 1529 sum.

1067 1543 1276 1579 Sustentare,
1296 1541 1419 1573 dicitur
1442 1546 1482 1572 ut
1507 1542 1685 1579 sustinere,
1700 1550 1761 1581 pro

1023 1587 1167 1618 differre.
1192 1587 1234 1617 ad
1255 1587 1332 1617 Div.
1355 1586 1425 1617 xiii.
1443 1587 1496 1617 64.
1519 1590 1673 1616 sustentes
1689 1595 1761 1615 rem

1023 1631 1103 1661 dum
1119 1631 1209 1673 ¹Nero
1223 1630 1345 1660 veniat.
1363 1630 1428 1670 Qu.
1450 1629 1501 1660 Fr.
1515 1629 1550 1661 ii.
1567 1632 1599 1664 7.
1617 1629 1762 1659 aedifica-

1020 1676 1149 1706 tionem
1164 1678 1357 1705 sustentare.

1066 1718 1278 1755 Sustentatz'o‚
1296 1718 1423 1748 dilatio.
1440 1717 1554 1748 Inv.ii.
1572 1719 1626 1751 49.
1640 1718 1757 1747 utrum

1020 1763 1146 1793 habeat
1170 1762 1318 1802 aliquam
1348 1771 1476 1792 moram
1506 1765 1540 1791 et
1555 1761 1763 1791 sustentatio-

1023 1816 1110 1837 nem.

1065 1850 1245 1886 Susffinera
1285 1849 1430 1879 retinere
1470 1849 1662 1878 currentem
1705 1846 1759 1877 vel

1021 1894 1227 1934 praecipitem
1245 1893 1305 1923 ἃς.
1326 1892 1427 1923 Tusc.
1443 1892 1486 1922 iv.
1505 1895 1554 1922 18.
1577 1894 1630 1929 ut,
1643 1891 1670 1920 si
1685 1900 1763 1931 pos-

1020 1947 1055 1968 se
1073 1942 1171 1978 putet
1186 1947 1278 1974 eum,
1296 1937 1353 1975 qui
1381 1946 1415 1966 se
1439 1945 1456 1965 e
1480 1935 1630 1966 Leucata
1646 1934 1762 1974 praeci-

1021 1981 1191 2022 pstaverit,
1211 1982 1367 2011 sustinere
1382 1989 1428 2017 se,
1446 1989 1523 2009 cum
1539 1978 1629 2008 velit.
1646 1977 1687 2008 cf.
1703 1978 1761 2008 Or.

1019 2028 1072 2060 37.
1096 2025 1167 2055 Att.
1183 2025 1253 2054 xiii.
1271 2026 1323 2055 21.
1357 2024 1541 2054 *sustinere
1564 2032 1684 2060 remos,
1709 2026 1763 2053 est

1019 2068 1187 2106 attollere,
1214 2078 1281 2098 nou
1308 2068 1486 2107 remigare,
1509 2066 1588 2096 hinc
1615 2065 1657 2095 ad
1671 2065 1763 2095 varia

1019 2113 1231 2143 transfertur.
1255 2111 1358 2142 Acad.
1381 2112 1423 2141 iv.
1451 2113 1505 2142 21.
1530 2113 1581 2141 31.
1605 2110 1764 2139 sustinere

1021 2156 1260 2187 assensionem.
1282 2154 1365 2186 Lael.
1396 2158 1445 2189 17.
1468 2155 1625 2184 sustinere
1656 2153 1765 2192 impe·

1022 2207 1097 2232 tum
1123 2199 1375 2230 benevolentiae.
1403 2198 1444 2228 ad
1460 2198 1536 2228 Div.
1553 2197 1595 2227 vi.
1614 2201 1644 2231 7.
1666 2197 1764 2227 susti-

1020 2246 1080 2274 nui
1097 2253 1162 2274 me.
1186 2243 1206 2262 '¹⁴⁶
1222 2243 1312 2273 Hinc
1328 2243 1430 2273 etiam
1448 2252 1506 2282 pro
1531 2241 1662 2272 differre
1680 2239 1763 2270 diei-

1018 2291 1090 2319 tur.
1115 2287 1185 2318 Att.
1201 2287 1258 2317 xii.
1284 2289 1337 2317 51.
1360 2285 1550 2316 sustinenda
1566 2289 1617 2315 est
1639 2283 1763 2314 solutio

1022 2331 1167 2362 nominis
1178 2329 1381 2360 Caerelliani.
1393 2340 1422 2360 v.
1433 2328 1531 2369 plura
1543 2327 1632 2368 apud
1644 2328 1762 2358 Burm.

1023 2375 1063 2406 ad
1085 2375 1180 2406 ovid.
1207 2373 1288 2404 Her.
1306 2374 1327 2403 i.
1347 2376 1419 2404 114.
1442 2372 1461 2391 *
1476 2382 1610 2402 manere
1628 2371 1762 2401 alicubi.

1020 2419 1093 2450 Att.
1108 2429 1139 2449 x.
1157 2421 1188 2450 9.
1212 2418 1352 2448 sustinui
1368 2427 1422 2447 me
1440 2417 1474 2446 in
1490 2416 1620 2446 Arcano
1636 2414 1762 2452 fratris,

1022 2463 1102 2493 dum
1121 2463 1181 2492 ἃς.
1212 2461 1231 2480 ’¹²
1248 2461 1347 2491 alere.
1371 2461 1444 2491 Att.
1469 2460 1502 2490 ii.
1530 2460 1578 2490 16.
1612 2459 1667 2498 qui
1683 2468 1764 2498 ager

1021 2516 1089 2537 non
1115 2505 1260 2546 amplius
1284 2505 1461 2535 hominum
1485 2504 1631 2543 quinque
1656 2501 1765 2532 millia

1019 2551 1177 2581 sustinere
1200 2552 1324 2589 potest.
1342 2547 1384 2577 cf.
1409 2547 1482 2577 Cat.
1499 2548 1541 2577 iv.
1561 2549 1590 2577 8.
1614 2545 1633 2564 ‘⁷⁶
1647 2544 1764 2576 defeu-

1021 2595 1110 2625 dere.
1134 2593 1229 2623 Verr.
1245 2602 1276 2622 v.
1301 2595 1354 2626 39.
1378 2591 1441 2621 hoc
1459 2591 1587 2621 crimen
1602 2590 1763 2620 sustinere

1020 2648 1054 2668 se
1084 2636 1178 2668 nullo
1196 2635 1295 2667 modo
1310 2645 1417 2676 posse.
1440 2634 1459 2653 ⁵*
1475 2643 1589 2674 parem
1607 2643 1677 2663 esse
1702 2631 1764 2663 ali-

1019 2682 1073 2712 cui
1100 2680 1223 2710 viribus
1255 2680 1314 2710 &e.
1343 2678 1384 2709 ad
1399 2678 1538 2710 Div.xi.
1560 2681 1609 2708 13.
1649 2676 1763 2707 hostes

1019 2725 1081 2765 ipsi
1099 2724 1207 2755 adhuc
1223 2724 1304 2754 satis
1329 2725 1523 2761 arroganter
1547 2721 1762 2751 sustinebant.

1019 2770 1096 2799 Seu.
1113 2779 1145 2809 p.
1164 2767 1247 2798 Rea.
1265 2770 1297 2798 4.
1319 2767 1478 2796 sustinere
1494 2774 1619 2795 nomen
1640 2762 1764 2793 consuss

1019 2812 1119 2843 latus.
1155 2810 1332 2850 *dignum
1363 2819 1434 2839 esse
1470 2809 1581 2848 aliqua
1610 2817 1656 2838 re.
1679 2806 1765 2838 Lael.

1018 2858 1071 2888 90.
1096 2858 1232 2886 tantum
1258 2854 1379 2892 cuique
1402 2852 1636 2889 tribuendum,
1655 2859 1764 2896 quan.-

1017 2904 1093 2932 tum
1110 2898 1181 2939 ille,
1200 2907 1301 2940 quem
1317 2896 1452 2937 diligas,
1467 2897 1629 2928 sustinere
1644 2893 1762 2935 possit.
