1920 3196
259 100 344 136 468

261 196 318 226 nio
350 198 412 226 est.
457 195 521 225 Sed
551 194 652 226 lectio
687 199 738 227 est
769 203 935 237 suspecta.
973 209 1004 229 v.

263 242 335 270 not.

309 281 442 313 Vallum
467 292 491 312 s.
511 281 637 313 Vallus.
671 285 922 315 munimentum
946 285 1007 315 cir—

265 335 303 355 ca
321 330 442 360 castra,
461 326 549 364 quod
565 327 603 356 fit
621 325 717 366 palis,
734 327 791 366 qui
807 332 842 357 et
858 329 934 358 valli
959 329 1009 359 di-

266 373 408 400 cuntur:
443 370 530 399 unde
554 369 724 409 elegantes
752 370 883 401 dicendi
908 373 1008 402 ratio-

265 424 333 443 nes.
368 412 408 443 N.
432 413 473 443 D.
493 414 526 443 ii.
545 417 596 448 57.
629 415 768 444 munita!
793 419 871 444 sunt
895 416 1007 455 palpe-

267 458 333 487 brae
350 462 522 494 tamquam
540 460 625 487 vallo
645 456 800 496 pilorum.
849 457 1006 489 Ceterum

266 500 355 539 quod
377 500 544 530 Victorius
568 501 644 531 Var.
668 500 761 531 Lect.
788 502 866 531 xxii.
888 503 936 532 16.
967 512 1007 532 ex

263 544 327 573 boc
351 542 424 574 loco
448 544 584 583 corrigit
609 543 870 585 Xenophontem
903 545 1007 576 Mem.

264 588 356 617 Socr.
376 587 395 617 i.
413 590 444 617 4.
461 588 491 617 6.
522 587 556 617 id
579 588 840 627 improbavimus
865 588 906 618 ad
929 599 1006 619 cum

262 630 389 661 locum.
429 630 511 660 Cato
538 634 587 662 15.
617 630 731 661 fundit
756 632 886 671 frugem
912 634 1006 672 spici,

262 674 378 704 ordine
407 679 586 711 structam,
610 679 643 704 ct
671 680 787 705 contra
809 676 919 706 avium
947 677 1006 706 nii-

266 726 386 748 norum
426 727 555 748 morsus
594 720 749 749 munitur
776 720 863 750 vallo
889 720 1006 749 arista-

263 771 350 791 rum.
398 761 520 792 Utrum
537 762 570 791 hi
589 762 722 792 ablativi
747 762 814 792 sint
833 773 852 792 a
869 765 1004 799 uallum,

264 814 306 834 an
329 806 450 841 vallus,
475 806 640 845 disputat,
656 811 689 835 et
713 815 773 846 pro
797 805 917 836 ultimo
940 814 1008 836 stat

262 848 407 879 Gronov.
425 849 503 879 Obs.
520 850 567 879 iii.
589 852 636 880 18.
668 860 766 888 quem
790 852 955 890 sequitur,
973 855 1007 880 et

258 891 310 922 bis
337 894 445 923 vallus
475 903 534 932 pro
561 895 685 923 vallum
721 893 838 933 recipit
862 904 914 934 ap.
930 895 1007 924 Ovi-

261 935 356 966 dium
388 935 546 966 Heinsius
570 937 609 966 A.
633 938 653 966 i.
682 939 733 975 14,
755 939 802 967 15.
834 937 915 967 Met.
941 938 1005 967 viii.

261 979 337 1010 286.
384 980 469 1010 Mihi
501 987 683 1019 utrumque
713 988 842 1011 rectum
866 980 1007 1011 videtur.

260 1021 365 1060 Nam,
382 1023 470 1063 quod
493 1023 678 1054 Gronovius
702 1024 771 1064 ipse
793 1034 915 1064 negare
940 1034 1006 1055 non

263 1062 378 1104 audet,
395 1068 518 1097 vallum
537 1076 587 1097 est
604 1078 622 1097 a
638 1067 721 1108 palis
741 1069 883 1105 dictum,
899 1070 954 1107 qui
972 1074 1006 1099 et

261 1111 342 1140 valli
364 1114 454 1140 sunt.
485 1111 604 1142 deinde
627 1113 754 1141 vallum
778 1122 836 1151 pro
855 1112 1005 1152 pluribus

261 1153 345 1193 palis
370 1154 492 1184 dicitur
516 1154 610 1185 Floro
634 1156 667 1185 ii.
686 1158 735 1186 18.
764 1155 850 1185 ferre
875 1155 1005 1196 plenius

259 1198 615 1237 vallumjubebantur,
631 1200 687 1238 qui
703 1209 796 1229 arma
816 1200 1003 1230 nescirent:

260 1240 302 1271 ad
326 1251 423 1280 quem
450 1241 559 1272 locum
585 1242 743 1273 Dukerus
768 1243 849 1273 mihi
873 1243 1006 1273 videtui·

258 1294 381 1322 errare,
400 1287 455 1324 qui
480 1287 537 1316 hoc
558 1288 683 1317 vallum
707 1286 788 1317 dicit
806 1286 1003 1318 insolentius

257 1327 323 1358 dici
354 1339 414 1369 pro
445 1331 496 1360 hic
526 1332 643 1360 vallus.
705 1329 766 1360 Est
794 1332 884 1360 enim
915 1331 1005 1371 apud

258 1370 331 1402 Liv.
350 1373 417 1403 viii.
433 1376 486 1404 38.
516 1373 558 1404 ad
575 1384 673 1413 quem
691 1373 801 1404 locum
818 1374 883 1404 vid.
900 1375 1003 1405 etiam

256 1415 433 1446 Drakenb.
479 1416 638 1448 Ceterum
661 1419 741 1448 valli
764 1417 907 1448 Romani
931 1418 1003 1448 bre-

256 1468 332 1489 vem
351 1464 385 1490 et
404 1464 595 1492 accuratam
613 1461 871 1502 descriptionem
889 1461 1004 1501 legant

255 1503 381 1534 tirones
397 1513 449 1544 ap.
466 1504 536 1535 Liv.
555 1507 666 1535 xxxiii.
684 1508 714 1536 5.
749 1508 767 1527 ’Κ
780 1505 850 1536 Att.
867 1506 931 1536 xvi.
953 1509 1001 1536 11.

254 1547 334 1577 Sine
362 1549 448 1578 vallo
478 1548 665 1579 Luciliano.
697 1551 718 1579 i.
749 1560 778 1579 e.
805 1550 878 1580 sine
908 1559 1002 1580 exce-

255 1591 390 1630 ptione:
430 1596 469 1622 ut
500 1592 583 1622 bene
623 1592 799 1623 Corradus,
852 1592 1000 1624 Lucilius

255 1634 401 1673 dicebat,
418 1645 452 1666 se
469 1636 558 1666 nolle
576 1636 615 1667 ab
631 1637 786 1667 omnibus
802 1637 878 1676 legi.
926 1637 1001 1668 Per-

254 1677 344 1708 sium
361 1688 429 1709 non
445 1690 524 1710 curo
548 1680 671 1720 legere,
686 1680 730 1711 D.
747 1680 891 1711 Laelium
915 1681 999 1712 volo.

256 1720 365 1761 Igitur
387 1722 481 1760 dicit,
504 1733 538 1753 se
562 1725 610 1754 ita
632 1724 850 1763 scripturum,
869 1729 907 1754 ut
929 1735 1000 1755 om-

252 1774 313 1803 nes
337 1766 409 1796 sine
433 1768 629 1807 exceptione
653 1767 762 1807 legere
786 1768 927 1808 possint,
950 1773 1001 1799 et-

252 1807 321 1839 iam
353 1810 427 1840 Sica
454 1815 488 1840 et
513 1812 687 1851 Septimia.
735 1811 854 1842 Cetera
885 1812 919 1842 in
948 1813 1000 1844 ed.

253 1852 390 1883 Gruteri
427 1856 625 1894 sequacibus
663 1854 775 1886 editur
811 1857 893 1893 sillo,
932 1865 1000 1887 non

252 1898 348 1927 vallo.

299 1940 439 1972 Vanitas
462 1941 586 1972 dicitur
602 1941 640 1972 de
657 1942 812 1973 omnibus
833 1943 872 1973 iis
890 1943 999 1981 rebus,

253 1993 328 2024 quae
349 1984 476 2015 habent
490 1986 633 2026 speciem
653 1987 801 2025 inanem,
818 1996 837 2016 a
859 1988 999 2018 veritate

253 2027 413 2066 alienam,
440 2034 492 2066 ut,
519 2029 559 2059 de
587 2030 771 2061 mendacio.
809 2031 874 2062 Off.
900 2032 920 2061 i.
945 2033 998 2062 42.

254 2071 342 2102 nihil
371 2072 565 2112 proficiunt,
598 2074 662 2103 nisi
692 2073 874 2105 admodum
905 2085 1000 2105 men-

251 2115 398 2154 tiantur,
416 2126 477 2146 nec
500 2125 577 2146 vero
600 2122 651 2148 est
671 2118 804 2158 turpius
819 2118 999 2158 quicquam

251 2161 823 2199 vanitate.-mercatura—multis,
846 2163 917 2192 sine
942 2172 1000 2193 va-

252 2204 359 2234 nitate
381 2204 590 2244 impertiens.
620 2205 685 2235 Off.
709 2206 755 2236 iii.
783 2209 832 2236 14.
862 2206 950 2245 quod
972 2207 999 2236 si

254 2247 468 2288 vituperandi
505 2253 585 2278 sunt
615 2248 651 2285 ii,
681 2249 737 2288 qui
770 2250 998 2288 reticuerunt3

255 2290 337 2330 quid
360 2291 400 2321 de
424 2292 463 2321 iis
487 2291 749 2322 existimandum
773 2297 837 2330 est,
855 2294 911 2332 qui
927 2303 1001 2323 ora-

253 2333 357 2364 tionis
386 2337 567 2366 vanitatem
597 2335 845 2367 adhibuerunt?
883 2337 923 2367 de
950 2347 1002 2367 as-

255 2379 465 2409 sentatione:
492 2378 573 2409 Lael.
589 2381 641 2410 25.
666 2379 765 2410 multi
782 2385 896 2410 autem
913 2381 1001 2411 Gna-

254 2420 401 2452 thonum
416 2423 554 2460 similes,
572 2433 650 2453 cum
667 2424 736 2453 sint
750 2423 836 2461 loco,
853 2424 1000 2462 fortuna,

254 2464 348 2496 fama
370 2467 576 2506 superiores:
602 2466 722 2497 horum
745 2472 796 2498 est
819 2469 1002 2498 assentatio

255 2508 409 2547 molesta,
427 2519 505 2540 cum
529 2510 572 2540 ad
586 2512 765 2541 vanitatem
783 2512 922 2541 accessit
945 2522 1003 2542 au-

256 2553 406 2583 ctoritas.
437 2553 477 2583 de
495 2563 623 2584 errore:
648 2554 749 2585 Tusc.
766 2555 812 2585 iii.
832 2558 860 2585 l.
883 2556 932 2585 ita
948 2565 1003 2585 va-

254 2596 313 2626 riis
330 2596 515 2627 imbuimur
537 2597 715 2635 eri-oribus,
732 2603 771 2628 ut
793 2600 934 2630 vanitati
948 2609 1004 2629 ve-

254 2639 350 2678 ritas,
383 2644 419 2670 et
449 2641 598 2681 opinioni
636 2642 843 2672 confirmaeae
882 2646 1004 2673 natura

254 2683 328 2724 ipsa
344 2683 452 2714 cedat.

301 2726 427 2764 Vanus,
444 2727 598 2758 mendax.
626 2727 744 2768 Quint.
762 2729 793 2759 6.
819 2729 845 2759 si
862 2731 1003 2760 veritate

255 2771 419 2812 amicitia,
444 2772 508 2802 fide
531 2772 684 2810 societas,
711 2773 836 2812 pietate
867 2775 1000 2813 propin-

249 2814 379 2854 'quitas,
402 2814 544 2854 colitur;
580 2825 713 2846 necesse
742 2820 806 2853 est,
830 2817 888 2856 qui
919 2817 1003 2847 ami-

254 2867 346 2898 cum,
372 2859 514 2897 socium,
541 2859 689 2897 affinem,
712 2866 803 2889 tama
829 2870 868 2890 ac
896 2860 1003 2891 fortu-

255 2903 306 2933 nis
332 2902 475 2945 spoliare
503 2907 644 2934 conatus
668 2906 731 2942 est,
755 2913 880 2935 vanum
904 2913 940 2936 se
967 2909 1002 2935 et

775 109 922 137 INDEX
961 111 1258 140 LA'riNlTA‘rIS.

1048 199 1263 240 perfidiosum
1280 202 1314 229 et
1330 199 1471 239 impium
1487 198 1643 230 fateatur.

1097 243 1314 282 livam-arium
1337 248 1387 273 est
1410 243 1666 283 hypocaustum‚
1682 249 1709 270 s.
1727 239 1793 270 for·-

1052 296 1128 323 nax,
1145 288 1179 315 in
1203 296 1269 324 qua
1288 287 1373 325 ignis
1389 296 1483 326 aquoe
1501 284 1732 316 calefaciendae
1757 284 1791 314 in

1051 330 1175 360 balucis
1192 330 1417 360 succenditur.
1435 330 1476 360 ad
1491 330 1532 370 Q.
1550 329 1599 359 Fr.
1616 328 1662 358 iii.
1676 330 1703 357 l.
1718 337 1747 357 c.
1762 330 1790 356 1.

1049 375 1275 412 vaporarium,
1291 384 1330 403 ex
1347 383 1412 412 quo
1429 375 1515 413 ignis
1535 372 1693 412 erumpit.
1723 369 1790 400 vid.

1051 416 1229 446 Philander
1252 417 1292 446 ad
1314 417 1443 447 Vitruv.
1468 426 1498 447 v.
1523 420 1571 447 10.
1603 415 1668 445 Sed
1691 413 1794 444 Scali-

1050 470 1109 497 ger
1139 460 1180 489 ad
1212 459 1336 491 Catull.
1360 470 1413 500 ep.
1438 461 1470 490 6.
1507 461 1624 490 verba:
1657 468 1697 488 ex
1727 466 1794 497 quo

1051 503 1136 542 ignis
1151 504 1312 544 erumpit,
1330 514 1388 543 pro
1404 503 1601 543 glossemate
1626 502 1740 538 habet,
1757 504 1792 530 et

1049 551 1158 576 totum
1175 547 1286 577 locum
1303 548 1399 578 aliter
1413 547 1600 577 constituit.

1096 590 1247 627 Hiran-e,
1270 600 1400 627 ornare,
1425 590 1642 629 distinguere.
1677 589 1734 619 Or.
1759 588 1794 617 ii.

1049 638 1080 667 9.
1105 635 1245 664 oratoris
1261 642 1311 664 est
1326 634 1469 664 formare
1485 635 1684 669 orationem,
1702 641 1794 662 eam·

1050 687 1113 715 quc
1142 679 1277 708 variare
1303 682 1337 707 et
1359 677 1578 717 distinguere,
1602 677 1694 716 quasi
1720 675 1794 713 qui-

1050 721 1188 751 busdam
1213 722 1386 751 verborum
1410 722 1721 758 sententiarumque
1742 720 1793 748 in-

1049 765 1210 803 signibus.
1248 765 1327 794 ibid.
1352 765 1398 794 iii.
1421 765 1474 795 26.
1511 765 1645 794 variare
1670 762 1794 793 oratio-

1051 818 1128 838 nem
1144 808 1334 838 sententiis.
1351 807 1412 838 *ad
1423 808 1463 848 Q.
1477 807 1529 838 Fr.
1541 808 1563 837 i.
1576 810 1684 840 l.c.7.
1700 815 1792 836 seve-

1050 851 1130 881 ritas
1146 853 1299 882 variatur
1314 852 1439 890 gratia:
1465 851 1497 881 h.
1514 861 1543 881 e.
1567 850 1677 890 gratia
1698 848 1793 884 facit,

1050 901 1088 925 ut
1104 897 1138 925 in
1156 895 1363 926 decernendo
1386 900 1510 935 praetor
1528 892 1791 933 aequabilitatem

1049 938 1190 969 deserat.
1222 950 1252 970 v.
1269 939 1392 976 varius,
1410 938 1562 968 varietas.
1591 940 1610 959 ²*
1624 937 1743 967 Milon.
1760 939 1791 967 3.

1047 984 1186 1013 variatis
1215 982 1391 1013 hominum
1420 982 1613 1018 sententiis,
1643 990 1703 1021 pro
1735 989 1792 1010 va-

1048 1027 1224 1057 riantibus.
1256 1026 1408 1057 homines
1432 1027 1537 1062 enim,
1553 1025 1737 1055 sententias
1755 1027 1791 1053 et

1048 1070 1206 1109 suffragia
1221 1070 1379 1100 dicuntur
1400 1071 1546 1106 variare,
1565 1079 1642 1098 cum
1666 1077 1733 1098 non
1756 1067 1791 1097 in

1048 1113 1189 1143 eandem
1206 1119 1285 1144 sunt
1301 1118 1443 1154 partem.
1467 1114 1520 1143 Sic
1534 1112 1606 1143 Liv.
1624 1114 1719 1142 χὴν.
1736 1113 1790 1143 31.

1047 1158 1108 1187 sub
1132 1157 1219 1187 hanc
1241 1167 1356 1187 vocem
1380 1157 1535 1187 fremitus
1563 1155 1791 1186 multitudinis

1046 1202 1210 1231 variantis
1238 1200 1315 1238 fuit,
1342 1201 1466 1241 partim
1497 1209 1685 1237 assensum,
1716 1209 1791 1240 par-

1045 1245 1109 1274 tim
1126 1245 1403 1284 indignationem.
1434 1244 1475 1274 ad
1498 1253 1597 1284 quem
1622 1243 1732 1273 locum
1758 1253 1788 1273 v.

1047 1288 1190 1319 Gronov.
1214 1288 1293 1318 ibid.
1309 1288 1330 1317 i.
1347 1291 1399 1320 43.
1431 1289 1560 1327 equites
1583 1287 1791 1317 vocabantur

1046 1333 1159 1372 primi,
1196 1332 1370 1372 octoginta
1407 1331 1484 1362 inde
1523 1333 1639 1371 primae
1676 1329 1789 1364 classis

1047 1376 1228 1406 Centuriae.
1260 1376 1304 1406 ibi
1320 1377 1345 1405 si
1361 1377 1522 1413 variaret,
1539 1375 1627 1414 quod
1642 1384 1716 1404 raro
1739 1375 1790 1404 in-

1045 1419 1188 1456 cidebat,
1207 1425 1245 1450 ut
1268 1419 1424 1450 secundae
1448 1419 1560 1449 elassis
1576 1422 1789 1455 vocarentur,

1046 1464 1107 1493 int.
1123 1464 1300 1503 suffragiis,
1318 1467 1356 1493 ut
1370 1463 1448 1493 xxii.
1464 1463 1516 1493 60.
1548 1463 1592 1492 ibi
1613 1472 1692 1492 cum
1713 1470 1790 1492 sen-

1043 1507 1161 1537 tentiis
1176 1509 1377 1538 vara'arexur.
1407 1507 1578 1537 Dicuntur
1593 1506 1696 1536 etiam
1712 1514 1788 1535 sen-

1043 1551 1160 1581 tentiae
1178 1552 1297 1582 variari
1312 1550 1424 1589 aliqua
1441 1560 1488 1588 re,
1505 1555 1565 1580 aut
1588 1559 1638 1580 res
1661 1549 1788 1580 variare

1043 1595 1243 1633 sententias,
1266 1599 1305 1625 ut
1332 1604 1385 1634 ap.
1408 1593 1479 1624 Liv.
1504 1595 1537 1624 ii.
1562 1595 1613 1631 57.
1644 1602 1722 1624 cum
1745 1593 1791 1623 ti-

1044 1647 1118 1669 mor
1143 1643 1243 1678 atque
1270 1640 1319 1669 ira
1345 1639 1487 1668 invicem
1519 1638 1704 1668 sententias
1728 1645 1799 1667 van

1043 1683 1192 1713 rc'assent.
1234 1682 1297 1712 Sed
1313 1682 1490 1712 sententiae
1503 1682 1641 1712 variatoe
1656 1690 1716 1721 pro
1731 1690 1787 1710 va-

1042 1727 1100 1756 riae
1127 1726 1204 1763 dici,
1229 1726 1429 1757 inusitatum
1457 1729 1521 1763 est,
1535 1724 1602 1755 'ubi
1633 1724 1727 1755 nulla
1749 1724 1787 1754 fit

1042 1770 1090 1799 rei
1108 1771 1248 1808 mentio,
1267 1779 1339 1809 quae
1356 1779 1410 1800 eas
1425 1769 1531 1799 varias
1548 1769 1706 1799 effecerit.

1087 1813 1221 1844 Varices
1243 1818 1323 1844 sunt
1349 1823 1441 1843 venae
1465 1814 1728 1843 intumescentes
1752 1812 1787 1842 in

1043 1857 1207 1895 cruribus,
1239 1857 1297 1888 sed
1331 1857 1501 1887 interdum
1531 1860 1648 1886 tamen
1683 1856 1786 1886 etiam

1042 1902 1077 1931 in
1114 1906 1251 1940 ventre3
1292 1901 1332 1930 de
1369 1910 1508 1940 quarum
1548 1900 1720 1930 curatione
1757 1908 1787 1929 v.

1043 1945 1178 1975 Celsum
1195 1946 1250 1976 vii.
1267 1947 1319 1976 31.
1345 1944 1445 1975 Tusc.
1462 1945 1495 1975 ii.
1517 1947 1566 1975 15.
1596 1944 1721 1974 varices
1735 1952 1787 1973 se-

1042 1998 1129 2019 care.

1087 2032 1198 2070 Varie,
1216 2032 1359 2072 copiose,
1375 2036 1503 2063 ornate.
1534 2031 1592 2062 Or.
1610 2032 1629 2061 i.
1652 2034 1701 2062 13.
1729 2041 1788 2062 va-

1042 2077 1089 2106 rie
1104 2076 1225 2108 dicere.
1255 2077 1318 2106 *in
1334 2076 1404 2106 foro
1420 2076 1602 2116 opponitur
1618 2076 1660 2115 τῷ
1675 2084 1786 2115 aequa-

1042 2119 1163 2150 biliter.
1199 2119 1293 2150 Verr.
1324 2120 1366 2150 iv.
1391 2120 1443 2151 65.
1479 2120 1572 2150 varie
1596 2119 1786 2150 decernere.

1041 2163 1167 2194 *variis
1184 2163 1223 2193 de
1240 2165 1360 2194 causis.
1384 2163 1465 2194 Coel.
1479 2165 1511 2194 2.
1533 2164 1625 2194 varie
1638 2162 1787 2203 objectus

1043 2212 1094 2238 est
1109 2212 1215 2247 pater.
1638 2244 1651 2247 -

1089 2251 1251 2282 Vccrietcw.
1278 2250 1350 2281 Fin.
1375 2251 1409 2281 ii.
1426 2254 1458 2282 3.
1487 2251 1631 2281 varietas
1653 2249 1784 2289 proprie

1044 2295 1178 2334 quidem
1204 2296 1237 2325 in
1257 2294 1443 2334 disparibus
1467 2294 1632 2324 coloribus
1648 2293 1785 2331 dicitur,

1043 2339 1101 2369 sed
1112 2338 1315 2369 transfertur
1327 2339 1361 2368 in
1375 2338 1483 2368 multa
1492 2338 1646 2378 disparia.
1660 2335 1681 2355 ²¹²
1689 2337 1785 2377 copia

1044 2383 1078 2412 in
1106 2382 1257 2413 dicendo.
1288 2383 1382 2412 Orat.
1406 2382 1427 2412 i.
1453 2384 1503 2412 12.
1535 2382 1592 2420 qui
1617 2381 1784 2411 discernes

1044 2435 1173 2463 eorum,
1201 2435 1282 2465 quos
1312 2426 1495 2463 nominavi,
1527 2425 1720 2455 ubertatem
1749 2425 1783 2454 in

1044 2469 1183 2499 dicendo
1202 2474 1238 2500 et
1261 2470 1404 2509 copiam,
1421 2470 1461 2499 ab
1477 2478 1594 2498 eorum
1617 2468 1784 2505 exilitate,

1044 2514 1101 2552 qui
1128 2513 1191 2543 hac
1219 2513 1352 2543 dicendi
1377 2514 1535 2543 varietate
1557 2516 1594 2542 et
1615 2511 1785 2551 elegantia

1044 2566 1111 2587 non
1129 2561 1286 2587 utuntur.
1303 2556 1367 2587 Sed
1383 2555 1534 2596 inprimis
1551 2559 1601 2586 est
1616 2554 1784 2586 tenendus

1046 2601 1072 2630 is
1089 2601 1179 2630 verbi
1195 2610 1325 2637 sensus,
1343 2600 1399 2639 qui
1415 2604 1467 2629 est
1490 2600 1583 2630 Orat.
1602 2602 1654 2630 30.
1678 2608 1784 2638 eaque

1044 2643 1131 2674 hanc
1149 2644 1254 2684 ipsam
1273 2643 1412 2681 habent,
1429 2653 1528 2683 quam
1546 2643 1662 2683 prob0‚
1677 2646 1786 2673 varie-

1045 2691 1157 2718 tatem.
1176 2712 1183 2719 .
1204 2687 1293 2718 Nam
1315 2689 1459 2718 varietas
1481 2697 1532 2724 ea,
1549 2696 1650 2726 quam
1668 2686 1786 2716 Cicero

1044 2731 1218 2770 probabat,
1236 2734 1270 2760 et
1280 2741 1380 2770 quam
1406 2732 1440 2761 in
1457 2736 1587 2761 oratore
1612 2738 1784 2760 commen-

1045 2775 1115 2812 dat,
1132 2780 1183 2805 est
1196 2780 1276 2814 apta
1291 2775 1444 2804 omnium
1459 2775 1564 2804 trium
1581 2773 1712 2804 dicendi
1728 2782 1784 2812 ge-

1045 2827 1163 2848 nerum
1177 2818 1267 2848 inter
1277 2827 1311 2848 se
1324 2818 1509 2858 permistio,
1522 2827 1600 2848 cum
1614 2818 1650 2847 in
1665 2816 1781 2860 eadem

1044 2862 1207 2899 oratione,
1224 2866 1264 2892 ut
1286 2871 1374 2902 saepe
1398 2862 1438 2891 fit
1460 2861 1550 2902 apud
1573 2861 1783 2896 Ciceronem,

1045 2905 1149 2947 possis
1171 2906 1290 2937 tenuia
1311 2906 1474 2943 tenuiter,
1496 2904 1677 2936 mediocria
1697 2908 1784 2934 tem-
