1920 3196
228 69 319 119 496

229 169 293 201 hoc
332 167 487 198 convenit
525 167 559 197 in
592 166 729 197 verbum
765 164 956 203 ἔδικίιθησαν,

230 222 298 242 non
317 210 351 240 in
376 208 598 243 ὲδικαιῶθησαν.
642 209 758 239 Tertio
786 210 813 239 si
829 209 957 240 variant

229 252 334 284 Codd.
343 253 587 292 probabiliusne
598 257 658 287 est,
666 250 887 288 ἒδικαιώθησαν,
900 261 958 281 no-

229 301 305 326 tum
329 295 492 331 omnibus,
510 299 678 325 mutatum
698 303 766 324 esse
782 306 801 325 a
816 294 956 324 librariis

231 339 266 369 in
288 336 480 375 ἒδιιώθησαν,
499 347 542 368 an
565 341 682 367 contra
706 337 883 367 accidisse?
910 336 954 366 E-

222 381 358 421 jusdem
376 390 503 411 mecum
520 380 694 410 seutentiae
707 379 770 408 vidi
787 389 854 409 esse
870 378 955 408 Maf-

230 423 320 454 feum
353 424 491 462 Antiqu.
525 421 611 452 Gall.
643 422 799 460 Aquitani.
836 431 870 462 p.
906 423 953 451 13.

232 465 348 496 Nostri
364 478 370 495 z
395 465 452 496 Er
464 467 505 495 ist
511 464 705 505 justisiciret
719 465 860 501 worden,
874 473 906 493 es
918 464 960 493 ist

231 509 302 538 ihm
319 509 387 538 sein
404 508 508 538 Rei-lit
525 505 756 545 widersaliren.
803 508 958 537 Ceterum

223 551 290 590 -qui
312 549 375 581 hoe
397 550 469 580 loco
489 550 688 586 abutuntur,
707 554 745 578 ut
767 549 958 584 ostendant,

233 602 354 633 purum
372 602 440 622 esse
463 592 503 622 ab
529 592 699 621 Ebraismo
715 592 850 621 verbum
864 589 957 620 δικαι-

236 636 279 671 ῦν,
297 635 427 673 quando
442 635 473 664 in
489 634 531 664 N.
548 634 589 664 T.
606 639 657 664 est
672 635 845 670 absolvere,
860 633 959 664 nimis

233 676 352 717 cupide
369 687 502 708 cansam
517 676 721 716 desperatam
736 675 928 706 defendunt.

279 720 302 750 εἰ
315 717 336 749 δ’
353 720 378 749 ὲν
391 720 445 760 αἷᾷ
457 719 575 758 ἐ’ζησας,
591 720 618 748 si
633 719 667 748 in
683 723 774 748 terra
786 719 908 755 viz-isti,
921 717 962 748 ad

236 761 303 802 Qu.
325 762 376 792 Fr.
394 763 427 792 ii.
457 765 505 792 10.
529 772 569 791 ex
593 761 720 791 incerto
742 765 876 791 auctore
901 760 963 790 ini-

236 805 322 836 tium
339 804 528 841 sententia»,
546 804 640 843 cujus
655 803 720 832 vim
737 812 771 833 se
794 803 877 833 scire
905 812 962 833 ne-

238 852 296 887 gat
315 846 502 883 Manutius,
525 846 612 885 quod
632 850 741 875 totam
763 845 965 876 sententiam

237 899 306 920 non
321 889 493 929 adscripsit
510 889 637 920 Cicero.

279 930 398 967 εἴδωλα,
412 935 552 970 spectra,
569 931 742 968 imagines,
759 930 799 960 ad
819 930 895 960 Div.
914 941 962 960 xv.

242 974 291 1005 16.
309 974 348 1006 ad
364 976 436 1005 Att.
454 974 488 1003 ii.
504 976 535 1004 3.
553 973 676 1003 eizwioe
688 972 736 1002 vel
755 973 964 1009 membranae,

239 1021 278 1046 ut
294 1017 469 1047 Lucretius
483 1015 643 1056 appellat,
662 1024 745 1054 quae,
761 1021 798 1044 ut
814 1015 966 1054 placebat

240 1059 398 1099 Epicuro,
422 1059 460 1089 de
491 1058 682 1098 corporibus
712 1057 862 1087 defluunt
886 1067 964 1088 con-

236 1102 334 1132 tinuo
358 1107 393 1132 et
414 1110 527 1131 sensus
548 1100 721 1130 hominum
737 1099 884 1140 pulsant,
900 1100 965 1130 vid.

238 1143 372 1174 Lucret.
389 1144 409 1174 l.
427 1144 469 1173 iv.
488 1153 517 1173 v.
535 1145 585 1173 34.
602 1152 670 1181 sqq.

283 1185 357 1220 εἰδώς
377 1199 418 1217 σω
436 1186 530 1226 λέγω,
543 1186 644 1215 sciens
665 1185 722 1214 tibi
744 1185 825 1222 dico,
839 1183 880 1215 ad
893 1185 965 1216 Att.

241 1229 284 1259 ix.
304 1233 335 1263 7.

283 1271 324 1305 εἴη
343 1271 464 1310 faiano-35
485 1271 567 1312 φίλας
587 1267 671 1304 οἶκος,
686 1268 755 1298 odio
769 1269 811 1298 sit
824 1269 894 1309 'ipsa
909 1270 963 1300 tlo-

239 1323 313 1345 mus
335 1315 415 1345 alias
442 1325 529 1345 cara.
553 1314 594 1345 ad
615 1312 687 1342 Att.
710 1311 755 1341 iv.
780 1314 810 1341 8.
834 1321 966 1350 prover-

238 1357 330 1387 bium
351 1357 504 1387 Graecum
524 1361 591 1387 est:
616 1353 689 1387 οἶκος
706 1353 801 1393 φίλος,
817 1352 891 1388 οἶκος
907 1355 969 1397 ἄςι.

238 1411 298 1435 ςος,
321 1400 413 1438 cujus
439 1400 602 1439 originem
625 1398 690 1427 vid.
714 1406 766 1437 ap.
790 1397 967 1428 Erasmum

239 1452 315 1483 pag.
333 1443 406 1472 563.
453 1442 503 1472 Eo
525 1450 603 1472 usus
626 1445 676 1470 est
699 1438 814 1469 Cicero
835 1439 877 1469 ad
890 1442 965 1472 Att.

239 1495 292 1516 xv.
320 1484 368 1515 16.
396 1484 450 1514 hic
476 1489 588 1514 autem
614 1487 745 1512 tantam
769 1482 968 1513 suavitatem

239 1537 309 1557 esse
311 1527 622 1566 jucunditatemque
633 1524 713 1555 dicit
723 1523 841 1554 aedium
850 1525 967 1555 Antia-

239 1570 401 1605 finarum,
414 1576 453 1599 ut
463 1579 522 1600 sua
532 1569 592 1598 sibi
604 1567 720 1597 domus
729 1575 812 1605 pene
826 1566 900 1597 odio
911 1568 965 1598 sit.

283 1611 439 1654 εἰλικρινὲς,
452 1613 630 1645 sincerum,
646 1610 828 1647 integram,
843 1609 884 1639 ad
901 1610 967 1650 Qu.

240 1655 293 1686 Fr.
317 1655 350 1685 ii.
374 1658 404 1685 9..
431 1654 517 1693 quod
543 1654 645 1683 ctiam
671 1651 712 1682 ad
736 1651 839 1681 solem
864 1653 968 1692 expli-

240 1702 353 1728 catum
377 1703 411 1727 et
436 1697 622 1736 inspectum
646 1703 767 1734 purum
794 1694 965 1733 reperitur.

240 1740 294 1771 Sic
310 1741 378 1783 πρὸς
394 1739 492 1779 αὐγὰς
517 1749 558 1768 sc.
583 1736 653 1769 ἡλῖυ
675 1738 850 1767 ἀνασκοπεῖν
869 1749 898 1767 τι
916 1737 964 1767 di-

239 1783 340 1814 citur.
385 1782 529 1821 Longin.
552 1782 586 1811 S.
605 1781 650 1810 lli.
674 1779 735 1819 Κᾷν
755 1778 858 1812 ἕκαςον
871 1780 967 1810 αὐτᾶν

240 1826 310 1868 πξός
333 1825 432 1865 αὐγὰς
456 1825 637 1866 ἐπισκοπῇς,
661 1823 716 1853 ubi
737 1820 800 1852 vid.
827 1823 967 1854 Fabrum

240 1874 275 1899 et
289 1868 450 1899 Tollium.

284 1910 452 1953 εἷμαρμένη,
476 1908 606 1949 fatalis
633 1906 814 1942 Ἠθθθδὸἱίαε,
832 1905 969 1946 satum,

240 1954 322 1985 Nat.
338 1953 382 1984 D.
398 1954 420 1983 i.
437 1955 489 1984 90.
512 1952 590 1982 Div.
605 1951 627 1980 i.
642 1952 694 1980 55.

284 1997 309 2027 εἷ
322 1996 449 2036 μενετέον
465 1997 490 2026 ἒν
504 1996 543 2036 τῇ
556 1990 677 2035 πατρίδι
689 1991 891 2033 τυραννκμίνη.
910 1992 970 2022 &e.

241 2048 287 2069 an
303 2039 506 2070 manendum
527 2039 562 2067 in
582 2037 700 2076 patria
723 2035 900 2074 tyrannide
917 2044 971 2073 op-

233 2091 371 2121 pressa:
396 2092 436 2112 ea
457 2091 532 2111 vero
554 2077 732 2118 tyrannide
754 2086 904 2118 oppressa
928 2086 975 2107 an

240 2126 352 2164 quovis
371 2125 461 2155 modo
480 2121 667 2163 tyrannidis
679 2121 797 2150 eversio
811 2119 974 2149 molienda

240 2171 300 2204 est,
316 2167 447 2198 etiamsi
462 2167 578 2196 civitas
590 2167 726 2203 propter
741 2163 777 2192 id
790 2162 828 2192 de
842 2171 974 2192 summa

239 2219 356 2240 rerum
373 2209 561 2248 periculum
575 2206 728 2237 subitura
742 2205 796 2235 sit.
841 2204 895 2235 An
917 2214 973 2234 ca-

239 2253 383 2282 vendum
404 2252 460 2288 sit,
476 2260 516 2281 ne
536 2250 592 2289 qui
615 2247 825 2287 tyrannidem
847 2249 974 2283 evertit,

241 2295 308 2333 ipse
321 2296 489 2325 evehatur.
536 2293 588 2323 An
602 2290 798 2320 tentandum
813 2290 868 2326 sit,
885 2298 975 2328 opem

227 2336 330 2377 ‚serre
348 2337 471 2376 patrioe
499 2333 675 2374 tyrannide
697 2341 851 2372 oppressa*
872 2332 977 2361 verbis

241 2383 273 2409 et
291 2380 339 2409 rei
356 2378 611 2418 opportunitate,
623 2375 744 2415 pocius,
759 2383 859 2414 quam
883 2374 974 2404 bello.

248 2420 372 2452 Utrum
388 2422 466 2452 civis
483 2420 555 2450 boni
573 2419 628 2455 sit,
644 2417 839 2447 secedentem
855 2418 976 2455 aliquo,

241 2465 402 2504 quiescere
421 2471 571 2503 oppressa
591 2471 613 2491 a
631 2465 774 2499 tyranno
785 2459 915 2498 patria,
932 2469 978 2489 an

240 2507 462 2547 quodcumque
483 2504 688 2535 subeundum
716 2502 891 2532 discrimen
913 2510 977 2540 pro

240 2549 402 2581 libertale.
452 2547 505 2578 An
537 2547 657 2577 bellum
684 2543 894 2584 inserendum
925 2553 975 2573 re-

238 2592 344 2631 gioni,
362 2600 461 2630 eaque
474 2591 517 2619 sit
538 2586 722 2622 obsidenda,
738 2588 765 2616 si
787 2596 810 2616 a
831 2590 974 2625 tyranno

239 2635 456 2675 opprimatur.
501 2632 556 2662 An
572 2631 673 2661 etiam
689 2629 729 2665 ἐς,
746 2629 802 2668 qui
818 2637 881 2658 non
890 2637 971 2667 pro-

240 2678 302 2714 bet,
317 2679 355 2706 ut
377 2675 454 2705 bello
477 2674 629 2713 tyrannis
655 2674 835 2706 evertatur,
859 2675 972 2700 tamen

237 2728 355 2749 nomen
384 2727 482 2748 suum
504 2714 655 2757 profiteri
683 2722 759 2743 oum
775 2711 972 2752 fortissimis

237 2762 318 2792 viris
346 2760 470 2790 debeat.
515 2759 569 2788 An
592 2766 668 2788 curn
697 2756 773 2786 bene
794 2755 920 2785 meritis
939 2759 972 2785 et

238 2802 355 2834 amicis
369 2811 438 2832 una
452 2800 620 2832 subeunda
633 2801 699 2829 sint
709 2798 860 2837 pericula
869 2798 904 2827 in
918 2807 971 2826 re-

240 2846 310 2883 bus,
317 2840 864 2887 quaepertinentadrempublicam,
871 2840 971 2870 etiam

692 77 855 110 INDEX
892 77 1328 109 GRAEco-LATxN-us.

997 166 1025 207 si
1042 166 1092 194 illi
1107 165 1216 196 minas
1227 169 1312 195 recte
1329 165 1367 196 de
1379 174 1512 196 summa
1526 173 1640 195 rerum
1654 173 1728 196 oon·

998 208 1134 237 saluisse
1164 208 1350 239 videantur.
1401 207 1524 238 Utrum
1553 207 1592 237 de
1613 208 1729 246 patria

1001 250 1077 279 bene
1093 249 1242 286 meritus,
1253 250 1289 279 ob
1303 259 1437 288 eamque
1451 258 1586 280 causam
1597 251 1729 288 gravis-

999 293 1085 321 sima
1098 301 1229 331 quoeque
1238 302 1368 331 passus,
1379 295 1408 322 et
1416 292 1540 322 invidia
1551 301 1730 331 oppressus,

998 335 1087 364 ultro
1112 344 1176 374 pro
1199 335 1318 374 patria
1344 335 1518 364 discrimen
1542 335 1651 364 subire
1675 335 1730 364 de-

999 376 1092 406 beat:
1125 380 1186 406 aut
1202 376 1463 415 permittendum
1485 378 1526 413 ei,
1550 380 1588 406 ut
1608 377 1661 406 sui·
1682 377 1731 416 ip-

997 419 1064 448 sius
1081 418 1246 448 interdum
1262 423 1293 448 et
1312 419 1562 449 carissimorum
1574 427 1733 459 persona·

1000 470 1078 495 rum
1094 461 1255 490 rationem
1270 461 1399 497 habeat,
1415 462 1554 491 dimissis
1577 461 1732 491 adversus

995 505 1142 542 potentes
1164 503 1452 534 concertationibus
1467 514 1530 543 pro
1552 503 1731 541 republica.

1003 544 1043 575 ad
1058 544 1129 574 Att.
1153 544 1196 574 ix.
1218 547 1249 575 4.
1267 551 1346 576 sunt
1366 545 1460 579 θέσεις
1479 545 1558 586 (vid.
1581 545 1616 575 in
1632 544 1667 576 h.
1681 544 1729 585 v.)

1002 588 1035 617 in
1059 587 1176 626 quibus
1194 587 1376 618 tractandis
1395 590 1501 618 otium
1518 587 1733 618 consumebat

1004 630 1131 665 Cicero,
1149 633 1187 658 ut
1207 629 1354 660 animum
1377 640 1555 671 parumper
1576 630 1617 661 ab
1640 629 1736 669 aegri-

990 692 993 693 ν
1003 671 1120 702 tudine
1137 670 1325 703 abduceret.

1049 714 1138 756 zl'gm,
1155 714 1341 750 simulator,
1355 715 1592 745 dissimulator.-
1615 715 1665 745 ita
1685 714 1736 744 di·

1007 760 1079 786 ctus
1091 757 1256 792 Socrates,
1267 757 1355 795 quod
1365 756 1666 796 redarguendorum
1677 757 1736 786 So-

1008 799 1193 838 phistarum
1225 808 1323 830 causa
1347 799 1539 836 simulabat,
1561 808 1595 830 se
1622 799 1735 830 omnia

1010 841 1148 876 nescire,
1173 840 1276 870 etiam
1304 852 1381 872 cum
1410 846 1499 871 recte
1526 841 1636 872 sciret.
1682 841 1734 872 De

1008 884 1108 913 verbo
1127 881 1248 925 εἰρωνεία
1263 883 1328 915 vid.
1344 883 1566 923 Theophrast.
1581 882 1681 914 Char.
1704 894 1734 914 e.

1008 927 1029 956 i.
1045 932 1079 956 et
1098 925 1170 956 ibio‘
1188 926 1265 956 πάνυ
1280 926 1506 958 Casaubonus.
1543 925 1602 957 Or.
1625 925 1659 956 ii.
1679 925 1734 960 67.

1009 968 1108 999 Brut.
1124 971 1176 1002 87.
1199 968 1264 999 Off.
1280 969 1301 998 i.
1317 971 1368 1000 30.

1052 1009 1186 1053 εἰρωνεῖαι,
1224 1012 1456 1048 dissimulatio,
1486 1011 1666 1048 cavillatio,
1694 1009 1737 1042 ad

1007 1054 1082 1084 Att.
1099 1054 1162 1083 xvi.
1180 1055 1228 1083 ll.
1244 1053 1343 1084 Acad.
1360 1055 1392 1084 ii.
1408 1057 1437 1084 5.

1051 1095 1256 1138 εἰρωνεύεσθαι,
1263 1096 1482 1134 dissimulare,
1494 1097 1740 1127 dissimulanter·

1011 1140 1109 1178 loqui,
1125 1138 1167 1169 ad
1182 1138 1260 1170 Div.
1278 1139 1320 1168 iv.
1338 1141 1370 1169 4.

1053 1180 1089 1215 εἷς
1112 1182 1172 1220 ἐμοὶ
1193 1180 1295 1223 μύριαι,
1316 1190 1403 1211 unus
1425 1182 1507 1212 mihi
1532 1182 1639 1212 decem
1660 1182 1737 1212 mil-

1008 1224 1067 1261 lia,
1078 1234 1164 1254 unus
1179 1224 1260 1254 mihi
1274 1225 1380 1253 instar
1390 1226 1571 1255 multorum
1581 1224 1739 1261 millium,

1006 1266 1048 1297 ad
1064 1266 1135 1296 Att.
1153 1267 1218 1296 xvi.
1239 1269 1287 1297 11.
1706 1291 1710 1294 ,

1051 1307 1088 1342 εἷς
1104 1309 1192 1342 οἷωνός
1210 1309 1316 1351 ἄξιε-σς,
1332 1308 1504 1348 ἀμύνασθαι
1520 1308 1584 1352 περὶ
1605 1308 1737 1352 πάτρης,

1008 1360 1114 1382 unum
1131 1353 1316 1391 augurium
1332 1353 1428 1392 optim
1434 1363 1501 1388 iim,
1512 1361 1666 1392 pugnare
1675 1361 1739 1391 pro

1004 1392 1137 1434 patria,
1162 1394 1203 1424 ad
1228 1395 1301 1425 Att.
1330 1395 1364 1425 ii.
1388 1398 1419 1426 3.
1445 1406 1484 1425 ex
1513 1395 1616 1426 Hom.
1640 1393 1736 1426 Iliad.

1012 1442 1053 1466 M.
1072 1446 1101 1466 ν.
1120 1439 1194 1467 243.

1054 1480 1160 1511 έκξολὴ
1186 1478 1277 1519 λὸγε,
1304 1479 1473 1520 digressio,
1494 1490 1512 1510 e
1538 1477 1688 1518 Thucyd.
1715 1477 1739 1509 i.

1011 1525 1062 1556 97.
1080 1522 1120 1552 ad
1136 1523 1208 1552 Att.
1226 1523 1281 1552 vii.
1299 1525 1325 1553 l.

1053 1566 1221 1604 ἐκμαγεῖον,
1248 1564 1288 1595 ad
1312 1564 1384 1596 Ait.
1412 1576 1442 1597 x.
1467 1567 1496 1596 1.
1519 1564 1606 1594 hanc
1624 1572 1739 1593 vocem

1011 1607 1045 1637 in
1072 1608 1265 1638 Ciceronem
1288 1607 1427 1638 intrusit
1453 1607 1571 1639 Bosius
1597 1616 1615 1636 e
1638 1605 1738 1636 vesti-

1010 1650 1071 1689 giis
1099 1650 1229 1682 Codicis
1258 1650 1329 1680 MS.
1375 1649 1438 1680 Sed
1464 1659 1571 1689 neque
1596 1648 1631 1678 in
1655 1648 1739 1678 Gro-

1011 1692 1164 1727 nmiana,
1179 1702 1284 1731 neque
1299 1692 1334 1722 in
1351 1692 1527 1722 Graeviana
1535 1694 1665 1722 servata
1675 1696 1738 1723 est.

1009 1735 1048 1765 de
1066 1744 1142 1765 voce
1158 1736 1326 1775 ὶκμαγεῖον,
1339 1744 1370 1766 v.
1386 1735 1481 1765 Voss.
1501 1733 1542 1765 ad
1561 1731 1686 1765 Catull.
1707 1744 1740 1774 p.

1009 1781 1063 1812 97·

1052 1820 1238 1862 ἔκτινὲςερον,
1250 1820 1414 1861 prolixius
1428 1823 1459 1849 et
1482 1819 1612 1858 largius
1634 1818 1671 1849 in
1691 1817 1741 1859 of-

999 1862 1095 1904 ficiIs
1117 1862 1362 1902 promittendis,
1391 1867 1422 1892 et
1452 1861 1670 1892 benevolentia
1696 1863 1742 1892 si-

1009 1905 1217 1946 gnificanda,
1231 1905 1272 1936 ad
1282 1906 1353 1936 Att.
1366 1905 1434 1935 xiii.
1449 1908 1481 1938 9.
1496 1909 1676 1943 utrumque
1690 1909 1743 1935 est

1013 1947 1052 1977 de
1069 1957 1234 1984 sermone,
1249 1948 1306 1988 qui
1323 1948 1444 1978 amoris
1459 1946 1624 1986 officiique
1643 1944 1742 1987 plane

1014 1989 1178 2030 insignem
1212 1994 1313 2029 atque
1348 1989 1545 2020 inusitatam
1577 1988 1744 2027 significa-

1015 2032 1143 2063 tionem
1165 2032 1276 2063 habet.
1321 2033 1410 2063 Nam
1430 2032 1544 2064 ἐκτενῆς
1561 2034 1597 2061 et
1614 2030 1743 2063 ἐκτίνω.

1016 2074 1144 2115 insigne
1157 2079 1192 2104 et
1206 2074 1396 2106 incredibile
1408 2074 1571 2114 quoddam
1581 2074 1744 2111 studium.

1017 2117 1231 2157 ardoremque
1247 2117 1282 2147 in
1298 2128 1332 2148 re
1346 2116 1456 2156 aliqua
1469 2116 1672 2156 significant.
1697 2116 1746 2147 Et

1017 2159 1103 2190 hanc
1117 2160 1183 2190 vim
1198 2159 1324 2190 habent
1339 2161 1375 2190 in
1393 2159 1546 2190 omnibus
1561 2158 1657 2196 locis,
1671 2159 1745 2199 qui·

1017 2202 1078 2232 bus
1093 2202 1176 2232 sacri
1189 2203 1364 2242 scriptores
1379 2203 1429 2232 usi
1442 2205 1532 2232 sunt.
1567 2200 1651 2233 Luc.
1667 2201 1746 2232 xxii.

1017 2245 1154 2275 44.Aet.
1168 2244 1222 2274 xii.
1237 2245 1362 2275 5.xxvi.
1373 2248 1405 2279 7.
1420 2248 1433 2274 1
1450 2244 1538 2275 Petr.
1551 2244 1574 2273 i.
1588 2244 1641 2274 22.
1653 2245 1696 2274 iv.
1713 2246 1748 2275 8.

1062 2286 1197 2322 ἔκτὲνεια,
1208 2288 1342 2326 prolira
1356 2291 1387 2318 et
1404 2289 1504 2324 larga
1514 2285 1617 2317 studii
1636 2291 1669 2317 et
1690 2296 1745 2318 vo-

1020 2331 1159 2360 luntatis
1174 2331 1366 2366 declara-tio,
1382 2329 1423 2360 ad
1438 2330 1511 2360 Att.
1523 2339 1555 2360 x.
1575 2330 1625 2362 17.

1061 2372 1264 2416 ὲκτρὸσι-οιμος,
1280 2376 1407 2402 remota
1422 2381 1444 2402 a
1457 2372 1525 2407 via,
1545 2371 1586 2402 ad
1600 2371 1673 2402 Att.
1687 2369 1746 2402 xii.

1023 2417 1072 2445 12.
1091 2420 1347 2446 monumentum
1365 2414 1443 2444 filiae
1455 2413 1578 2444 Tuniae
1592 2417 1744 2444 extruere

1020 2457 1161 2488 volebat.
1178 2457 1256 2488 huie
1271 2456 1433 2488 ἀποθεώσει
1449 2466 1516 2487 non
1534 2456 1614 2487 satis
1630 2460 1744 2496 aptam

1021 2500 1159 2539 putabat
1179 2499 1334 2536 insulam,
1357 2509 1457 2539 quam
1478 2499 1513 2529 in
1529 2499 1657 2539 Arpino
1681 2497 1744 2528 flu-

1018 2543 1089 2573 vius
1108 2543 1266 2572 Fibrenus
1288 2543 1451 2573 efficiebat
1477 2541 1531 2579 (de
1544 2542 1627 2580 Leg.
1643 2541 1677 2570 ii.
1697 2538 1742 2579 1.)

1019 2584 1105 2622 quod
1127 2586 1190 2615 iste
1212 2584 1302 2614 locus
1326 2585 1423 2615 nimis
1445 2589 1531 2615 esset
1553 2594 1573 2614 a
1587 2584 1640 2614 via
1656 2581 1748 2622 regia

1019 2633 1177 2665 remotus,
1207 2626 1352 2666 adeoque
1385 2635 1453 2657 non
1482 2630 1568 2657 esset
1596 2627 1632 2656 in
1665 2634 1746 2655 eon-

1016 2675 1144 2709 spectu,
1161 2668 1381 2708 celebrarique
1397 2673 1520 2709 posset.
1556 2668 1645 2699 Nam
1660 2667 1748 2699 hanc

1016 2712 1120 2752 ipsam
1144 2713 1186 2742 ob
1210 2720 1343 2742 causam
1365 2711 1407 2742 ad
1428 2711 1496 2742 vias
1517 2709 1747 2742 celeberrimas

1016 2759 1236 2785 monumenta
1250 2754 1402 2784 solebant
1421 2757 1573 2784 extruere
1589 2752 1746 2789 Romani,
1762 2768 1764 2770 v

1016 2800 1054 2826 ut
1076 2806 1115 2826 eo
1137 2796 1266 2827 facilius
1288 2797 1450 2828 memoria
1470 2795 1644 2827 hominum
1672 2804 1749 2834 pro-

1017 2843 1193 2880 pagaretur
1210 2838 1252 2871 ad
1274 2842 1436 2879 posteros,
1458 2844 1493 2869 et
1515 2848 1536 2869 a
1555 2847 1654 2878 quam
1674 2836 1747 2880 plu-
