1920 3196
226 72 309 110 340

738 75 883 105 INDEX
923 76 1056 105 LATIN
1063 77 1218 106 ITATJS.

231 170 307 198 lacu
345 164 506 196 fervidam
541 164 725 194 orationem
755 163 962 203 fugiendam.
1001 166 1128 205 jurare.
1149 174 1180 194 v.
1196 163 1322 203 jurare.
1352 164 1486 205 Jupiter
1509 163 1607 205 lapis,
1630 167 1682 205 cst
1706 163 1742 194 ‚2-

232 211 357 246 Jmcm,
369 214 409 239 ut
421 219 461 239 ex
474 209 544 248 ipso
555 208 628 237 loco
642 211 750 247 patet,
763 212 814 237 est
825 207 964 247 dolium,

231 256 267 284 in
284 253 371 292 quod
395 256 544 282 mustum
560 252 720 288 mittitur,
737 250 841 281 donec
861 250 967 281 deser-

232 297 356 333 buerit,
372 300 406 326 et
430 296 464 325 in
488 299 592 325 testas
615 294 751 324 defundi
770 294 882 334 possit.
907 294 968 334 Ap.

233 339 410 379 Virgilium
425 345 540 369 tamen
556 338 674 377 Georg.
692 338 726 367 ii.
750 337 825 367 init.
849 341 899 367 est
913 347 969 368 vas

236 382 396 413 torculari
419 382 641 422 suppositum,
658 382 691 410 in
716 381 803 419 quod
820 388 970 411 mustum

239 427 369 457 defluit.
401 426 526 456 Vinum
555 425 593 454 de
621 424 710 454 dolio
740 428 773 453 et
807 426 894 462 lacu,
922 427 973 453 est

240 475 405 507 mustum,
432 470 545 498 vinum
574 478 713 505 recens3
742 471 775 497 et
800 469 906 497 oratio
933 468 972 496 de

240 515 315 543 lacu
344 516 395 543 est
423 522 474 549 ea,
502 521 575 550 quae
606 512 769 541 novitates
799 511 973 541 verborum

241 560 464 586 consectatur.

284 599 399 630 Loemt.
430 599 523 628 Brut.
555 600 603 627 14.
634 598 683 628 Μ.
711 596 870 637 Popillius
897 606 974 626 cum

241 642 368 672 Consul
390 646 489 678 esset,
506 641 688 680 eodemque
707 646 859 680 tempore
876 640 975 669 sacri-

241 686 356 716 ficium
394 685 564 726 publicum
603 694 679 714 cum
720 686 801 714 leena
839 684 976 720 faceret,

243 730 331 768 quod
355 734 427 759 erat
448 729 568 758 flamen
594 727 826 757 Carmentalis.
873 727 976 757 Laena

242 777 295 803 est
316 772 437 812 duplex
455 772 597 801 amictus
617 772 695 811 (quo
713 780 881 811 purpureo
904 774 976 799 ute·

242 816 368 846 bantur
384 813 548 851 flamines)
568 815 711 853 injectus
728 823 827 854 super
847 818 976 853 togam,

243 859 361 890 similis
383 858 558 898 chlamydi.
582 868 611 887 v.
636 858 761 887 Ferrar.
785 857 824 887 R.
840 857 879 886 V.
904 866 937 897 p.
955 857 976 885 i.

243 902 266 933 l.
291 903 312 933 i.
337 913 365 933 c.
393 906 441 934 13.
474 912 505 942 p.
531 902 564 931 ii.
589 901 610 931 l.
636 902 657 931 i.
682 911 710 930 e.
728 905 758 935 9.
790 900 919 931 Ruben.
944 900 978 929 ii.

250 948 300 977 14.

289 989 412 1019 Loetus.
435 989 528 1019 Orat.
545 989 566 1018 i.
589 991 636 1019 18.
661 989 771 1018 loetzcm
788 996 893 1027 genus
909 996 980 1016 ver-

245 1033 377 1063 borum.
845 1062 850 1068 ,

292 1076 438 1111 Laetitia,
455 1074 671 1114 distinguitur
691 1084 709 1104 a
722 1073 842 1113 gaudio
858 1074 891 1103 in
910 1072 982 1113 phi-

245 1119 408 1159 losophia,
426 1118 565 1148 docendi
582 1127 708 1148 caussa.
731 1118 831 1148 Tusc.
847 1117 889 1146 iv.
908 1120 960 1147 31.

292 1163 409 1193 Loevis.
439 1162 532 1192 Orat.
548 1161 594 1192 iii.
611 1164 663 1192 43.
697 1162 782 1191 lamis
802 1169 982 1190 concursus

246 1206 436 1242 verborum,
454 1206 636 1244 opponitur
649 1204 772 1234 hiulco.

291 1249 449 1279 Lamina.
473 1249 603 1278 Verrin.
626 1259 655 1277 v.
682 1249 735 1278 63.
759 1247 911 1277 ardentes
935 1248 983 1277 la—

245 1294 366 1324 ·mz'noe:
393 1297 474 1322 sunt
497 1292 586 1322 inter
608 1292 835 1321 instrumenta
858 1291 984 1320 crucia-

245 1341 314 1367 tus.

293 1379 479 1419 Languide.
503 1378 640 1409 Tuscul.
658 1389 687 1408 v.
704 1383 734 1412 9.
760 1378 915 1416 languide
936 1377 985 1407 di-

248 1428 363 1454 ctum:
389 1428 453 1460 est,
471 1433 536 1461 quo
559 1422 715 1458 fortunae,
737 1422 900 1460 rebusque
922 1421 984 1450 hu-

249 1467 357 1497 manis
383 1467 500 1496 ceteris
523 1466 634 1505 aliqua
660 1465 701 1495 ad
726 1465 859 1495 beatam
883 1465 985 1495 vitam

248 1511 296 1541 vis
313 1510 484 1540 tribuitur.

296 1554 503 1592 Languidus.
526 1553 582 1584 Or.
599 1552 620 1583 i.
639 1554 690 1583 52.
715 1552 755 1582 de
780 1551 986 1592 philosopho.

249 1606 280 1628 v.
301 1597 469 1636 languide.

298 1640 534 1679 Langzmcula.
571 1639 641 1669 Ait.
672 1640 715 1669 vi.
750 1642 777 1669 1.
813 1642 896 1668 extr.
925 1648 987 1668 vox

252 1687 420 1723 corrupta,
445 1693 504 1723 pro
527 1692 593 1721 qua
616 1682 746 1719 Bosius,
771 1682 987 1722 probantibus

253 1727 429 1764 Lambino,
446 1726 548 1756 ‹Junio
571 1726 722 1764 aliisque,
739 1725 988 1764 plangunculae,

252 1781 270 1800 e
295 1780 403 1810 graeco
427 1768 597 1808 πλαγγιὶι-ν,
614 1780 694 1808 quas
719 1769 800 1799 dicit
814 1769 915 1798 fuisse
928 1779 989 1808 pu-

252 1814 341 1844 sillas
360 1814 521 1852 imagines
539 1823 662 1849 cereas,
679 1822 797 1852 pupas,
814 1812 853 1841 de
871 1813 989 1850 quibus

252 1857 319 1887 vid.
336 1858 446 1897 ipsum
472 1856 618 1886 Bosium.
642 1856 700 1885 sed
725 1856 871 1885 Graevius
890 1861 990 1895 negat

253 1910 325 1931 esse
347 1900 490 1930 latinum
507 1900 656 1936 verbum,
672 1903 706 1929 et
729 1898 856 1929 mavult
879 1909 991 1929 corru-

253 1947 347 1984 ptam
372 1952 486 1973 vocem
510 1943 666 1977 retinere.
684 1953 714 1972 v.
731 1944 764 1972 in
782 1942 991 1982 planguncu-

258 1987 302 2018 la.

302 2029 455 2061 Lam'sta.
486 2033 537 2059 est
567 2029 727 2068 magister
757 2028 992 2068 gladiatorum,

256 2074 355 2105 Rose.
373 2073 411 2103 A.
429 2074 459 2103 6.
476 2075 529 2103 40.
559 2072 661 2103 Attio.
679 2073 701 2102 i.
721 2073 771 2102 16.
801 2083 890 2110 reus,
907 2077 993 2103 tam·

258 2127 359 2157 quam
389 2116 535 2146 clemens
568 2117 699 2153 lanista,
729 2115 993 2155 frugalissimum

258 2170 424 2200 quemque
451 2164 650 2189 secerneret.
699 2159 853 2189 Clemens
876 2161 994 2190 lanista

259 2208 323 2241 est,
351 2204 408 2243 qui
435 2213 567 2233 servum
591 2203 679 2242 frugi
706 2203 747 2232 ab
771 2203 810 2233 iis
837 2204 995 2241 secernit,

260 2257 341 2286 quos
364 2246 562 2286 gladiatores
579 2246 671 2276 facit.
696 2246 798 2276 Gron.
822 2247 901 2277 Obs.
926 2248 946 2276 i.
963 2251 994 2280 7.

260 2291 280 2310 *
293 2291 436 2329 Elegans
454 2289 544 2319 locus
560 2289 615 2319 hic
631 2294 699 2319 est:
719 2289 838 2329 Philip.
857 2290 925 2320 xiii.
947 2292 994 2324 19.

263 2344 304 2364 ex
334 2334 431 2373 epist.
461 2333 620 2363 Antonii:
658 2342 699 2362 ne
731 2333 996 2363 videret—duas

263 2377 365 2414 acies,
382 2377 500 2406 lanista
518 2376 677 2406 Cicerone
692 2375 889 2406 dimicantes
904 2389 911 2406 ε
931 2377 951 2406 ἱ.
968 2387 997 2407 e.

265 2421 442 2456 incitante,
469 2420 716 2456 committente,
747 2425 894 2450 auctore.
944 2421 997 2451 Sic

264 2464 349 2494 dixit
373 2463 474 2493 etiam
498 2462 610 2493 Livius
636 2473 732 2492 xxxv.
759 2465 811 2493 33.
838 2463 997 2502 populum

265 2508 363 2538 Rom.
387 2517 464 2536 cum
487 2506 668 2544 Antiocho,
690 2507 816 2536 lanistis
837 2506 1000 2537 AEtolis—

266 2551 437 2582 dimicare.

314 2593 426 2629 Lunx,
443 2593 558 2632 patina
580 2594 698 2632 major,
713 2594 807 2631 cujus
826 2592 861 2623 in
876 2593 1001 2623 sacrifi-

267 2637 326 2667 eiis
352 2640 386 2666 ct
407 2636 514 2676 epulis
538 2646 627 2666 usus.
650 2638 721 2665 Att.
739 2637 779 2666 vi.
807 2639 833 2666 1.
857 2637 1001 2666 lancibus

268 2684 303 2710 et
331 2679 605 2720 splendidissimis
639 2679 790 2709 canistris
821 2689 880 2709 nos
917 2680 1000 2710 soles

267 2733 413 2764 pascere.

314 2767 497 2806 Lapathus.
523 2765 593 2795 Fin.
615 2764 649 2794 ii.
673 2767 703 2795 8.
727 2764 828 2795 herba
848 2765 1001 2804 salubris,

269 2814 304 2840 et
321 2810 440 2839 suavis.
459 2807 695 2847 sauerampfer.

313 2853 425 2894 Lapis.
440 2852 483 2884 ad
499 2852 575 2883 Div.
589 2852 645 2882 vii.
665 2853 712 2883 12.
727 2850 844 2883 Jovem
861 2852 1001 2893 lapidem

1011 210 1102 238 πλοῦν
1126 207 1191 238 ἀντὶ
1214 206 1369 245 κτητικοῦ,
1393 212 1434 238 ut
1457 207 1674 238 Grammatici
1698 207 1747 237 10-

1011 255 1172 290 quuntur,
1205 260 1263 290 pro
1291 250 1426 291 Jupiter
1456 252 1610 292 lapideus.
1646 250 1742 281 *Pis.

1016 298 1063 325 15.
1089 295 1169 323 emti
1194 294 1233 323 de
1261 295 1366 334 lapide
1389 295 1527 325 tribuni.
1558 295 1631 325 Mos
1657 297 1744 331 erat,

1012 347 1213 378 praeconem,
1238 347 1314 367 cum
1341 339 1563 368 venderentur
1588 339 1686 374 servi,
1709 337 1745 366 in

1015 381 1120 420 lapide
1148 388 1249 418 stare,
1270 381 1326 419 qui
1351 381 1491 411 Athenis
1515 381 1598 414 λίθος
1624 379 1747 423 πρανὲς

1015 424 1215 462 dicebatur;
1250 424 1338 454 unde
1365 426 1447 454 servi
1480 425 1519 454 de
1548 426 1653 464 lapide
1678 425 1745 453 emi

1015 468 1185 497 dicuntur.
1209 477 1237 496 ν.
1261 473 1383 507 praeter
1405 478 1472 505 eos,
1497 478 1577 506 quos
1594 468 1666 506 jam
1691 466 1746 496 alii

1016 510 1209 547 laudarunt,
1228 510 1398 540 Potterum
1417 510 1577 541 Archaeol.
1604 512 1660 540 Gr.
1683 509 1706 540 l.
1726 510 1748 539 i.

1017 564 1046 585 c.
1066 558 1113 583 10.
1130 564 1161 593 p.
1179 554 1230 584 Ga.
1253 554 1304 583 ed.
1320 554 1440 584 Venet.

1061 597 1191 636 Lapsio,
1215 596 1414 637 proclivitas.
1443 597 1542 627 Tusc.
1569 598 1612 627 iv.
1642 598 1690 628 12.
1719 606 1750 625 v.

1018 641 1218 681 proclivitas·

1062 684 1203 724 Lapsus,
1226 683 1266 713 de
1292 688 1386 713 motu
1413 683 1597 714 stellarum.
1626 684 1702 714 Div.
1728 683 1750 713 i.

1023 731 1071 758 11.
1111 737 1224 757 revera
1259 732 1350 756 certo
1386 729 1476 766 lapsu
1510 732 1670 765 motuque
1703 726 1751 756 fe-

1020 776 1151 801 runtur.
1184 770 1354 800 ²“volatus
1383 770 1462 800 Nat.
1490 771 1532 801 D.
1555 771 1588 800 ii.
1613 774 1666 805 39.
1697 779 1753 799 vo—

1020 814 1149 844 lucrum
1181 815 1298 853 lapsus.
1333 814 1512 844 *offensim
1545 814 1601 843 Or.
1634 814 1668 843 ii.
1700 815 1752 844 83.

1020 860 1130 897 lapsus
1146 857 1324 896 popularis.

1068 901 1264 940 Laqueatus.
1288 900 1417 930 Verrin.
1434 900 1456 930 i.
1474 903 1524 931 51.
1547 899 1646 930 Tusa.
1663 900 1684 930 i.
1698 901 1752 929 35.

1020 949 1113 974 tecta
1135 946 1301 983 laqueata,
1317 950 1397 974 sunt
1419 943 1600 981 lacunaria,
1618 943 1657 973 de
1681 943 1754 983 qui—

1022 988 1082 1018 bus
1100 997 1211 1027 supra.

1066 1031 1233 1070 Laqueus,
1249 1030 1349 1060 fallax
1374 1029 1657 1060 conclusiuncula.
1686 1029 1758 1060 Fat.

1023 1077 1054 1105 4.
1090 1075 1263 1114 Chrysippi
1292 1075 1408 1114 laquei.
1438 1074 1481 1103 cf.
1506 1073 1607 1104 Tusc.
1639 1084 1670 1104 v.
1700 1075 1754 1108 27.

1023 1118 1041 1136 '¹⁵
1055 1118 1179 1148 Caecin.
1196 1120 1247 1152 29.
1271 1119 1380 1158 laqueo
1395 1117 1485 1147 verbi
1501 1118 1585 1157 capi.

1072 1161 1184 1191 Lares.
1223 1162 1323 1191 Dom.
1351 1164 1404 1191 41.
1442 1162 1528 1190 lares
1563 1158 1759 1195 familiares,

1024 1210 1102 1235 sunt
1120 1214 1234 1234 manes
1251 1205 1427 1242 majorum,
1440 1214 1578 1243 quorum
1597 1202 1758 1241 imagines

1025 1248 1067 1278 ad
1092 1248 1203 1277 focum
1233 1248 1266 1277 in
1293 1248 1377 1277 atrio
1403 1248 1547 1277 stabant.
1571 1247 1617 1276 sic
1643 1244 1759 1284 virgil.

1025 1293 1101 1322 AEn.
1119 1292 1162 1321 ix.
1184 1294 1257 1322 255.
1281 1301 1312 1321 v.
1335 1293 1409 1325 722.
1431 1293 1506 1324 724.
1529 1289 1677 1321 Assaraci
1700 1289 1761 1318 lar.

1027 1335 1108 1365 Erat
1137 1340 1250 1364 autem
1287 1334 1464 1364 Assaracus
1503 1334 1541 1363 de
1580 1332 1760 1372 majoribus

1026 1379 1152 1409 AEneae.
1179 1378 1221 1408 cf.
1246 1378 1353 1408 Cerda
1377 1378 1418 1407 ad
1443 1377 1557 1416 Eclog.
1584 1387 1613 1407 v.
1641 1379 1693 1410 70.
1728 1385 1759 1405 v.

1027 1423 1165 1452 Salmas.
1183 1421 1224 1452 ad
1240 1421 1343 1451 Solin.
1361 1432 1391 1461 p.
1409 1424 1482 1455 293.
1499 1422 1573 1451 641.

1072 1466 1186 1504 Large
1201 1465 1413 1505 respondere,
1428 1465 1451 1494 i.
1466 1474 1495 1494 e.
1511 1463 1702 1494 liberaliter.
1720 1461 1763 1492 ad

1027 1509 1098 1539 Att.
1114 1509 1181 1539 viii.
1204 1511 1251 1538 11.

1074 1553 1225 1591 Largiri.
1256 1553 1313 1582 Or.
1336 1552 1357 1581 i.
1385 1554 1433 1581 15.
1466 1551 1653 1589 largiamur
1675 1550 1763 1580 iner-

1029 1598 1085 1626 tiae
1101 1608 1107 1625 ι
1134 1596 1166 1626 h.
1184 1606 1213 1625 e.
1232 1604 1299 1625 non
1318 1594 1524 1635 postulemus
1541 1594 1580 1624 ab
1602 1594 1764 1624 inertibus

1029 1639 1231 1670 hominibus.

1076 1683 1241 1721 Largitio,
1267 1682 1319 1712 lex
1342 1682 1492 1721 Agraria,
1509 1682 1592 1711 item
1615 1680 1764 1710 frumen-

1030 1727 1126 1757 taria.
1168 1726 1257 1757 Mur.
1300 1729 1349 1756 11.
1398 1726 1565 1764 largitioni
1601 1724 1764 1754 resistere.

1031 1770 1154 1800 *Balu
1174 1773 1222 1801 13.
1247 1770 1381 1808 largitio
1395 1769 1548 1799 civitatis.

1078 1814 1241 1850 Luscinia,
1259 1817 1310 1842 est
1326 1813 1455 1852 proprie
1472 1811 1694 1842 animantium
1711 1819 1766 1840 vo-

1031 1857 1162 1897 luptate
1176 1857 1403 1896 gestientium.
1425 1856 1503 1886 Div.
1516 1856 1537 1885 i.
1553 1857 1601 1885 14.
1625 1854 1766 1894 piscium

1034 1902 1176 1931 lascivia.

1078 1944 1236 1974 Lascivus
1251 1953 1309 1983 pro
1325 1942 1480 1972 insolens.
1504 1941 1545 1972 ad
1560 1941 1631 1972 Att.
1647 1940 1682 1969 ii.
1698 1942 1728 1969 3.

1079 1988 1234 2018 Latebra.
1258 1987 1380 2017 Offiiii.
1395 1988 1446 2020 29.
1470 1986 1631 2024 quaeritur
1643 1984 1769 2014 latebra

1035 2031 1189 2071 perjuriO.
1225 2031 1301 2060 Div.
1326 2031 1359 2060 ii.
1388 2032 1440 2060 ΩΟ.
1468 2033 1504 2059 te
1529 2028 1705 2058 mirificam
1732 2028 1768 2057 in

1036 2075 1196 2105 latebram
1219 2073 1398 2113 conjecisti.
1432 2072 1509 2103 ibid.
1534 2075 1584 2102 54.
1620 2070 1771 2102 adhibuit

1037 2119 1196 2148 latebram
1219 2117 1442 2147 obscuritatis.
1476 2115 1517 2145 ad
1542 2115 1618 2145 Div.
1645 2115 1691 2145 iii.
1720 2116 1770 2145 12..

1037 2162 1162 2192 latebra
1176 2160 1307 2191 tabellae
1328 2162 1385 2201 (sc.
1404 2158 1605 2196 comitialis.)

1081 2205 1211 2235 Latere.
1237 2203 1333 2234 Catil.
1358 2205 1379 2235 i.
1401 2204 1431 2234 6.
1456 2205 1535 2233 latet
1551 2201 1643 2232 mihi.
1665 2200 1774 2230 ⁷*sub-

1037 2248 1205 2287 terfugere
1223 2248 1279 2287 jus
1295 2247 1391 2285 velle,
1407 2256 1514 2285 neque
1536 2245 1677 2285 experiri
1694 2245 1772 2281 jure

1038 2291 1176 2328 volenti,
1192 2292 1262 2330 ejus
1287 2295 1491 2331 potestatem
1511 2289 1630 2319 facere.
1652 2289 1771 2328 Quint.

1039 2337 1092 2366 23.
1116 2335 1189 2373 quis
1213 2339 1276 2372 est,
1293 2335 1350 2373 qui
1364 2332 1582 2364 fraudationis
1609 2333 1773 2362 causata-

1040 2379 1136 2408 tuisse
1152 2378 1241 2408 dicat
1255 2378 1267 2408 ?

1085 2422 1319 2458 Latet-narius,
1349 2420 1404 2460 qui
1439 2421 1601 2450 laternam
1629 2417 1776 2458 praefert.

1041 2465 1150 2495 Pison.
1168 2470 1198 2498 9.
1222 2464 1369 2494 Graevius
1386 2468 1499 2494 autem
1512 2463 1593 2502 legit
1606 2464 1776 2493 lanterna·

1040 2509 1132 2538 rius.-
1156 2517 1255 2547 quem
1272 2507 1357 2538 vide.

1086 2552 1262 2582 Latinitas.
1287 2552 1359 2581 Att.
1379 2551 1443 2581 xiv.
1458 2551 1507 2580 12.
1530 2552 1582 2579 est
1596 2548 1652 2588 jus
1669 2548 1774 2586 Latii,

1042 2595 1129 2633 quod
1148 2605 1187 2624 ex
1203 2594 1324 2624 foedere
1341 2603 1417 2623 cum
1438 2593 1569 2623 Latinis
1584 2596 1695 2622 ortum
1712 2598 1776 2629 est,

1042 2644 1076 2667 ct
1093 2642 1142 2667 est
1153 2638 1229 2678 jure
1245 2638 1389 2668 civitatis
1406 2637 1564 2673 deterius,
1575 2636 1652 2676 jure
1670 2633 1776 2665 ltaliae

1043 2686 1157 2710 autem
1175 2681 1303 2711 melius.
1331 2680 1380 2711 Ex
1396 2690 1434 2710 eo
1444 2680 1520 2718 jure
1536 2683 1692 2720 poterant
1707 2678 1777 2710 La·

1043 2726 1102 2754 tim*
1123 2725 1242 2764 primo,
1260 2725 1295 2754 in
1310 2724 1453 2755 comitiis
1474 2724 1571 2755 Rom.
1594 2723 1707 2761 legum
1728 2722 1779 2752 fc—

1044 2768 1221 2799 rendarum
1246 2778 1358 2806 causa,
1373 2769 1400 2797 si
1422 2768 1531 2798 vocati
1547 2770 1657 2797 essent
1674 2775 1693 2796 a
1707 2775 1779 2796 ma-

1043 2812 1185 2849 gistratu
1209 2812 1372 2849 Romano,
1388 2811 1583 2849 suffragium
1605 2809 1704 2846 ferre,
1722 2808 1778 2838 de-

1044 2854 1122 2884 inde
1145 2856 1232 2886 cives
1254 2855 1351 2886 Rom.
1375 2855 1461 2892 fieri,
1477 2855 1504 2885 si
1527 2855 1562 2884 in
1585 2852 1776 2885 civitatibus
