1985 3206
290 77 369 114 194

288 180 320 210 9.
347 183 426 205 nam
443 177 478 203 et
494 171 581 202 oculi
599 171 698 201 nimis
713 172 841 209 arguti,
865 170 1023 209 quemad-

293 219 431 249 modum
449 218 561 247 animo
577 215 686 244 affecti
711 215 815 244 simus
832 214 1024 253 loquuntur.

293 262 347 292 Sic
365 261 449 291 dixit
466 265 500 290 et
527 259 623 289 Ovid.
649 259 687 288 A.
705 258 749 288 iii.
766 260 796 288 2.
813 261 865 288 83.
909 257 1026 288 Tibul-

293 306 345 337 lus
361 305 478 335 eodem
507 313 605 333 sensu
627 302 711 332 dixit
733 300 846 331 oculos
873 300 1026 339 loquaces

293 350 328 380 ii.
346 353 376 383 7.
392 349 449 378 ubi
467 358 496 377 v.
508 345 658 378 Broukh.
692 345 711 363 ἦ
726 345 894 374 elaborata
910 349 980 373 arte
993 351 1027 374 ct

294 392 413 433 polita.
445 391 498 421 Sic
525 391 582 420 Or.
606 391 653 420 12.
679 389 825 418 ambitus
851 388 1026 417 verborum

297 437 427 474 arguti,
455 438 534 464 sunt
563 432 719 463 concinni
746 441 841 472 paene
868 432 966 461 nimis
994 436 1029 461 ct

295 479 455 509 elaborati
474 490 482 515 3
515 488 592 506 cum
610 487 640 506 V.
658 487 684 506 c.
703 476 795 515 paria
818 475 951 515 paribus
979 485 1029 504 re-

297 522 476 563 spondent,
489 521 602 560 qualia
620 524 700 550 sunt
717 520 750 550 in
766 518 868 548 nobili
886 517 942 547 illa
956 517 1029 559 ῥῆσιι

294 567 329 597 in
359 566 536 596 Rosciana.
563 565 640 595 hinc
672 564 867 601 *arg-ulum
895 561 1029 598 dieitur,

296 609 385 649 quod
404 609 545 638 nimium
564 613 615 638 est
639 608 673 637 in
699 617 732 636 rc
753 610 903 636 ceterum
931 606 1030 641 bona,

296 654 462 693 ineptum.
495 652 535 681 ad
553 652 628 682 Div.
646 651 714 680 viii.
735 653 761 679 1.
785 653 911 688 arguta
933 648 1031 678 sedu-

298 697 386 726 litas.
436 696 493 726 Or.
512 695 557 725 iii.
583 698 634 729 59.
657 698 783 732 arguta
810 702 942 729 manus,
958 702 1031 730 quae

297 741 507 770 scenicorum
533 749 624 768 inore
641 739 740 768 verba
759 737 904 776 adjuvat.
929 746 957 764 ν.
975 745 1031 765 (ιν-

295 785 410 823 gutioe.
443 789 476 813 et
501 782 584 812 Gell.
612 781 655 812 N.
681 782 718 811 A.
750 781 770 810 i.
796 783 825 811 5.
865 780 922 809 Or.
949 779 983 809 ii.
1000 781 1030 809 4.

299 828 510 867 argutissime
536 827 719 865 disputare,
740 825 761 855 i.
780 834 808 854 e.
827 822 1032 854 Dialectico-

299 881 375 901 rum
389 881 493 908 more,
509 869 737 900 subtilissime.

342 915 477 946 Aridus.
506 914 602 944 Rosc.
628 913 665 942 A.
694 915 746 946 27.
770 911 878 940 victus
904 910 1030 946 aridus,

298 964 351 989 est
382 958 596 993 rusticorum,
634 957 689 996 qui
721 965 794 985 raro
833 955 945 984 cibum
977 963 1031 983 su-

300 1006 413 1039 munt,
429 1006 504 1042 post
521 1011 620 1040 quem
637 1010 756 1030 manus
773 998 921 1031 lavandae
937 997 1005 1027 sint
1021 1009 1029 1034 3

300 1046 388 1075 unde
430 1046 502 1085 ipsa
527 1046 596 1075 vita
623 1044 747 1074 rustica
779 1042 878 1072 arida
909 1041 1032 1070 dicitur

297 1090 415 1129 Quint.
441 1093 493 1120 30.
525 1089 566 1117 cf.
605 1087 766 1117 Burman.
806 1085 847 1115 ad
889 1084 1031 1124 Quintil.

301 1132 384 1163 lust.
401 1133 457 1163 Or.
475 1133 507 1162 ii.
531 1136 561 1162 3.
580 1142 610 1171 p.
637 1134 706 1162 134.
725 1131 780 1169 qui
798 1128 969 1168 vulgarem
987 1128 1032 1157 ci-

298 1177 379 1206 bum
409 1178 660 1216 interpretatur.
707 1174 794 1204 *On
822 1174 855 1203 ii.
884 1175 936 1203 38.
964 1173 1031 1201 ari-

296 1221 377 1250 dum
401 1230 506 1259 genus
531 1219 703 1255 orationis,
729 1222 780 1248 est
796 1215 1031 1254 subtile‚jeju-

298 1273 394 1301 num,
427 1264 497 1294 sine
536 1262 741 1292 ornamentis
780 1264 815 1290 et
852 1270 925 1289 suax
936 1259 1030 1296 itate,

298 1307 395 1345 quale
412 1312 462 1337 est
481 1306 743 1337 Dialecticoruin
761 1309 795 1334 ct
812 1303 1030 1342 reliquorum,

298 1351 354 1389 qui
373 1350 453 1381 artis
470 1356 639 1390 praecepta
652 1350 803 1379 tradunt.
861 1347 914 1376 Sic
930 1348 1031 1376 Sene-

298 1405 337 1423 ca
353 1404 440 1435 saepe
457 1395 605 1424 rhetores
622 1398 657 1423 et
668 1392 907 1423 declamatores
924 1391 1031 1420 aridos

297 1443 407 1475 vocat,
424 1438 541 1468 eodem
559 1448 669 1468 sensu.
697 1447 726 1466 V.
754 1437 856 1466 Gron.
882 1434 924 1464 ad
953 1434 1029 1464 Sen.

297 1482 414 1512 Contr.
431 1484 484 1512 34.

340 1526 445 1555 Aries.
470 1530 521 1555 est
536 1523 692 1554 machina
714 1522 845 1559 bellica,
861 1532 926 1560 qua
942 1521 1029 1551 muri

296 1569 537 1609 percutiuntur
549 1572 581 1598 et
592 1571 808 1607 rumpuntur.
831 1566 926 1595 offic.
943 1566 963 1595 i.
983 1568 1029 1595 11.

297 1613 448 1651 quamvis
477 1622 611 1643 murum
639 1613 722 1641 aries
756 1609 966 1650 percusserit.
999 1619 1028 1637 v.

296 1656 387 1696 LipS.
406 1656 580 1686 Poliorcet.
602 1656 647 1685 iii.
668 1659 694 1685 1.
722 1654 801 1684 hinc
827 1652 1030 1682 transfertur

297 1700 338 1730 ad
355 1706 566 1739 argumenta,
584 1704 619 1729 et
635 1703 758 1734 cetera,
777 1697 894 1736 quibus
911 1701 1029 1726 contra

298 1744 442 1783 aliquem
475 1744 614 1773 utimur.
671 1742 782 1781 *Top.
813 1744 861 1775 17.
894 1750 934 1770 ex
965 1750 1029 1778 quo

295 1789 380 1817 aries
397 1787 451 1817 ille
465 1787 640 1826 subjicitur
652 1786 686 1816 in
701 1785 818 1815 vestris
829 1784 1027 1814 actionibus.

295 1831 462 1861 Gesnerus
479 1831 517 1861 V.
543 1830 611 1860 Cel.
630 1831 670 1860 ad
695 1830 835 1860 Varron.
864 1828 903 1858 R.
926 1827 965 1858 R.
996 1837 1027 1866 p.

296 1878 370 1909 3⁶29.
395 1879 494 1914 putat
523 1875 661 1904 ductam
686 1872 918 1911 metaphoram
947 1881 964 1900 e
994 1881 1028 1900 re

296 1919 437 1955 rustica,
465 1918 521 1948 ubi
543 1919 659 1948 arietes
675 1915 845 1956 capreolos
862 1915 1026 1945 fulciunt:

295 1962 349 1991 cui
376 1963 479 1991 etiam
504 1962 640 1991 verbum
659 1959 855 1999 subjiciendi
873 1959 975 1995 favet,
990 1962 1031 1988 ut

295 2006 335 2035 de
354 2016 393 2035 ea
409 2006 690 2045 interpretatione
708 2004 853 2034 dubitari
872 2012 938 2033 non
955 2011 1030 2043 pos-

296 2054 350 2079 sit.

340 2093 564 2123 Aristoloclzia.
590 2092 665 2121 Div.
695 2091 716 2120 i.
748 2093 796 2119 10.
832 2095 883 2119 est
914 2089 1028 2126 herba,

296 2146 372 2175 ‹311ae
388 2146 428 2166 ex
444 2146 483 2166 eo
505 2145 628 2165 nomen
645 2135 785 2170 invenit,
809 2133 896 2172 quod
916 2139 1030 2172 partu-

297 2181 420 2210 rientes
438 2180 549 2217 juvet,
567 2184 606 2209 ut
627 2178 732 2208 tradit
755 2177 965 2208 Dioscorides
983 2177 1030 2206 iii.

297 2226 327 2253 4.
346 2224 387 2253 cf.
401 2223 539 2253 Salmas.
556 2223 596 2252 ad
625 2222 726 2251 Solin.
744 2231 775 2260 p.
795 2224 868 2252 504.
904 2221 1031 2250 Contra

296 2271 493 2307 serpentum
535 2276 664 2296 morsus
701 2264 823 2302 valere,
855 2270 891 2294 ut
926 2264 1031 2293 tradit

299 2311 368 2340 Cic.
387 2310 408 2340 l.
430 2321 457 2340 c.
475 2310 530 2340 alii
548 2311 651 2339 etiam
670 2319 709 2338 ex
726 2308 892 2338 veteribus
909 2308 1030 2338 docue-

298 2359 390 2389 runt,
408 2364 488 2393 quos
505 2354 620 2384 laudat
637 2353 677 2382 ad
693 2352 724 2381 h.
743 2352 764 2382 l.
779 2352 914 2383 Davies.

340 2398 570 2428 Armamenta.
588 2398 622 2426 in
637 2396 767 2426 Arateis
782 2407 788 2425 τ
822 2396 936 2426 onmia
953 2406 1030 2426 cau-

296 2448 330 2471 te
350 2446 563 2471 armamenta
593 2441 705 2470 locans
726 2444 802 2469 tuto
829 2439 940 2469 labere
967 2441 1028 2470 sub

297 2485 414 2515 undas.
442 2486 669 2515 instrumenta
692 2484 826 2513 navium
845 2489 879 2512 et
902 2483 976 2514 alia.
999 2494 1030 2514 v.

297 2529 405 2558 GraeV.
421 2529 462 2558 ad
480 2528 564 2558 Flor.
581 2529 622 2558 iv.
642 2531 672 2557 3.
690 2527 742 2560 76.

339 2573 646 2603 Armumemarz'um
665 2574 715 2600 est
741 2569 869 2607 navale,
887 2574 920 2599 et
936 2569 1028 2601 locus

292 2615 350 2645 ubi
377 2620 600 2653 armamenta,
627 2624 721 2644 arma
742 2618 960 2652 reponuntur.
992 2615 1030 2645 C.

294 2659 407 2689 Rabir.
426 2663 456 2693 7.
487 2670 525 2689 ex
542 2658 811 2689 m·mameatariis
828 2667 904 2696 pop.
921 2658 960 2688 R.
978 2668 1030 2688 ar-

295 2713 351 2732 ma
362 2703 496 2737 dantur.
514 2704 570 2733 Or.
592 2704 613 2733 i.
635 2705 683 2733 14.
702 2700 794 2730 Philo
811 2700 1029 2738 architectus,

294 2747 351 2785 qui
367 2747 628 2777 Atheniensibus
653 2746 958 2775 armamentarium
980 2745 1029 2774 fe-

296 2790 354 2820 cit.
372 2791 432 2821 ἆυ.

335 2834 545 2864 Armarium.
571 2838 623 2864 est
638 2831 814 2867 scrinium,
831 2828 974 2868 loculus,
994 2831 1029 2861 in

291 2887 357 2919 quo
373 2882 494 2917 vestes,
509 2888 599 2917 vasa,
615 2885 750 2915 aurum,
767 2874 856 2914 libri,
877 2875 1030 2916 pecunia

788 80 934 108 INDEX
963 80 1066 108 LA'rx
1073 80 1098 107 N
1106 80 1261 109 ITATIS·

1068 175 1290 210 reponuntur.
1313 169 1478 207 Verr.7iv.
1505 173 1555 202 12.
1587 171 1723 202 Cluent.
1745 172 1800 203 64.

1070 214 1128 244 διο.

1113 257 1301 288 Armamra
1326 257 1418 288 levis.
1442 257 1526 288 Phil.
1550 269 1581 289 x.
1610 259 1640 289 6.
1663 258 1723 289 &c.
1748 262 1800 289 est

1069 300 1223 336 velitum,
1251 310 1394 339 quorum
1417 311 1511 332 arma
1537 307 1633 332 erant
1659 302 1801 340 gladius,

1070 345 1174 374 hastae
1197 350 1230 373 et
1259 354 1392 383 parma:
1433 350 1619 376 ceterorum
1651 345 1801 376 militum

1070 393 1120 417 est
1145 387 1251 426 gravis
1268 392 1455 418 armatura.
1504 388 1591 428 Lips.
1612 389 1651 418 de
1678 399 1712 418 re
1728 388 1800 418 Mil.

1070 431 1118 460 iii.
1142 434 1166 460 l.
1192 431 1268 461 ])iv.
1288 432 1320 461 ii.
1343 435 1391 462 10.
1436 433 1499 462 Sed
1516 433 1586 462 haec
1610 433 1703 462 nobis
1730 431 1803 461 fue-

1071 475 1127 511 rit,
1157 479 1329 513 tamquam
1358 475 1436 505 levis
1472 481 1667 512 armaeurffi,
1692 476 1801 515 prima

1071 518 1230 547 orationis
1248 520 1398 549 excursio
1415 531 1420 548 :
1448 529 1537 549 nunc
1554 520 1706 549 cominus
1724 529 1801 558 aga-

1072 572 1145 591 mus
1164 562 1222 591 &rm
1246 572 1310 600 quo
1336 562 1406 592 loco
1432 563 1511 593 levis
1532 568 1712 594 armatura
1740 572 1799 603 pro

1073 605 1151 645 ipsis
1167 605 1321 636 velitibus
1337 608 1484 646 ponitur.

1114 649 1276 687 Armiltoe,
1317 656 1515 679 ornamenta
1552 649 1719 679 militaria.
1760 648 1801 678 de

1072 693 1154 732 Rep.
1172 693 1212 723 iv.
1231 703 1282 733 ap.
1297 693 1455 723 Priscian.
1467 694 1628 730 Armillce,
1642 703 1716 732 quae
1728 693 1802 722 bra-

1073 735 1194 766 chialia
1209 741 1382 766 vocantur.
1398 747 1426 767 v.
1442 737 1548 767 Graev.
1567 736 1608 766 ad
1626 737 1709 767 Flor.
1726 737 1748 766 i.
1770 739 1798 766 1.

1076 782 1125 811 12.
1154 780 1208 809 ubi
1236 780 1345 818 docet,
1363 791 1416 810 eas
1442 781 1573 820 proprie
1600 780 1730 810 viriolas
1752 780 1802 809 di-

1073 827 1157 859 ctas,
1173 828 1207 852 et
1224 824 1325 853 Gron.
1341 824 1380 853 ad
1397 823 1480 853 Gell.
1496 824 1529 853 ii.
1551 827 1598 853 11.

1115 868 1262 897 Arridm.
1280 868 1357 907 Opt.
1384 877 1415 906 g.
1442 867 1472 897 d.
1496 870 1526 897 4.
1550 866 1634 896 Cum
1663 865 1803 896 adhibiti

1073 910 1298 941 derideantur.
1344 910 1431 940 Nam
1449 911 1475 940 si
1494 910 1722 947 (irrideantur,
1751 919 1801 939 es-

1073 960 1124 984 set
1142 954 1173 984 id
1190 955 1300 994 ipsum
1315 954 1502 984 Atticorum
1519 966 1526 983 2
1550 954 1744 993 probentur.

1117 998 1260 1037 Arripio.
1293 999 1395 1034 disco,
1424 998 1537 1038 probo.
1562 997 1658 1027 Rosc.
1685 997 1722 1026 C.
1751 1000 1801 1027 11.

1073 1042 1160 1079 quod
1184 1042 1253 1081 ipse
1288 1041 1441 1071 celeriter
1478 1041 1633 1080 arripnit,
1661 1040 1694 1070 id
1722 1050 1800 1070 cum

1072 1085 1165 1114 tarde
1183 1085 1308 1125 percipi
1325 1085 1425 1115 videt.
1443 1085 1532 1115 Mur.
1548 1088 1599 1115 30.
1613 1084 1683 1113 haec
1702 1083 1802 1124 (Stoi-

1073 1138 1187 1158 corum
1214 1128 1350 1168 placita)
1371 1130 1454 1158 Cato
1482 1129 1638 1167 arripnit.
1660 1128 1740 1158 Nat.
1758 1127 1802 1157 D.

1073 1172 1094 1201 i.
1112 1174 1164 1206 27.
1188 1174 1335 1212 arripere
1348 1183 1417 1202 rem
1435 1172 1526 1202 nullo
1544 1172 1641 1201 modo
1652 1171 1804 1211 probabi-

1072 1215 1150 1246 lem.
1176 1216 1259 1246 Cato
1279 1219 1327 1247 18.
1353 1226 1419 1246 uon
1436 1216 1523 1252 cani,
1548 1225 1615 1245 non
1640 1224 1732 1253 rugae
1752 1224 1804 1244 re-

1073 1264 1174 1299 pente
1206 1261 1444 1290 auctoritatem
1481 1260 1629 1298 arripere
1651 1262 1802 1298 possunt.

1072 1303 1149 1333 Div.
1172 1303 1216 1333 xi.
1237 1307 1285 1333 10.
1311 1306 1457 1343 arripere
1483 1312 1581 1333 omne
1608 1311 1713 1341 genus
1740 1302 1801 1331 &c.

1073 1346 1111 1375 de
1166 1347 1323 1385 cogendis
1376 1347 1551 1377 militibus.
1595 1345 1614 1364 ²*
1634 1354 1803 1375 accusare.

1073 1390 1185 1420 Plane.
1202 1393 1254 1421 23.

1114 1435 1331 1473 Arroganter.
1354 1433 1394 1463 zu]
1410 1433 1486 1463 Div.
1504 1434 1547 1463 xi.
1568 1436 1616 1464 13.
1642 1441 1805 1470 arrogan-

1072 1482 1122 1507 ter
1137 1479 1316 1508 sustinent.
1334 1478 1396 1507 int.
1412 1477 1553 1507 hostem.
1570 1477 1592 1507 i.
1608 1486 1637 1507 e.
1654 1477 1803 1507 animose

1072 1527 1106 1551 et
1123 1532 1199 1551 cum
1219 1527 1393 1551 contemtu
1409 1521 1525 1551 hostis.

1114 1566 1190 1595 Ass.
1215 1566 1271 1595 Or.
1297 1566 1329 1595 ii.
1350 1568 1398 1595 11.
1417 1565 1457 1594 ad
1486 1568 1595 1594 artem
1625 1573 1800 1594 revocare:

1072 1609 1159 1647 quod
1190 1609 1354 1648 quomodo
1385 1609 1456 1645 siat,
1492 1609 1614 1638 ibidem
1654 1607 1804 1637 docetur.

1071 1653 1197 1683 *Artes
1224 1662 1310 1692 saepe
1341 1653 1375 1682 in
1400 1652 1491 1682 libris
1518 1652 1692 1681 rhetorum
1723 1654 1805 1681 sunt

1072 1696 1144 1726 libri
1161 1697 1200 1726 de
1216 1702 1287 1726 arte
1311 1696 1452 1726 dicendi.
1509 1695 1562 1725 Sic
1579 1695 1619 1725 de
1644 1695 1715 1725 Inv.
1733 1694 1755 1724 i.
1771 1695 1804 1725 6.

1072 1744 1161 1771 artes
1186 1741 1344 1779 antiquae,
1362 1745 1396 1769 et
1409 1739 1498 1769 alibi.

1114 1784 1293 1814 Articulus.
1319 1784 1413 1813 Cato.
1435 1787 1482 1814 15.
1499 1781 1634 1813 articuli
1654 1791 1804 1812 sarmen-

1072 1834 1197 1864 torum,
1214 1832 1305 1864 sunt‚
1323 1827 1379 1866 qui
1394 1832 1427 1856 et
1444 1827 1520 1856 nodi
1529 1830 1704 1862 vocantur,
1720 1826 1803 1855 item

1073 1871 1240 1910 genicula,
1258 1880 1365 1910 neque
1377 1871 1473 1900 modo
1490 1871 1525 1899 in
1538 1870 1728 1906 sarmentis,
1744 1868 1804 1899 sed

1072 1922 1175 1944 etiam
1192 1916 1225 1944 in
1243 1914 1382 1954 flagellis
1398 1914 1553 1943 arborum
1569 1918 1603 1942 et
1624 1912 1756 1942 culmis.
1772 1921 1804 1942 ν.

1073 1958 1179 1988 Graev.
1196 1959 1236 1988 ad
1253 1959 1285 1988 h.
1309 1958 1330 1988 l.
1364 1958 1508 1997 ²¹*Quint
1527 1960 1557 1988 5.
1574 1957 1608 1986 in
1625 1956 1696 1996 ipso
1719 1956 1802 1985 arti-

1073 2004 1144 2032 culo
1170 2002 1342 2042 temporis.
1377 2002 1544 2031 *articuli
1573 1999 1744 2030 orationis.
1774 2009 1805 2028 v.

1073 2047 1129 2076 Or.
1148 2046 1181 2075 ii.
1201 2050 1252 2076 88.
1270 2046 1310 2076 ad
1327 2046 1475 2075 Herenn.
1492 2045 1534 2075 iv,
1554 2047 1603 2078 19.

1116 2090 1268 2129 Artifices
1294 2090 1431 2125 scenici,
1448 2088 1547 2118 Arch.
1565 2091 1595 2118 5.
1618 2086 1658 2117 de
1684 2094 1808 2116 comoe-

1073 2133 1121 2163 dis
1139 2138 1173 2162 et
1188 2133 1359 2172 tragoedis.
1384 2133 1528 2172 Egregia
1545 2130 1732 2161 observatio
1754 2134 1806 2159 est

1072 2177 1204 2208 Dukeri
1221 2177 1263 2207 ad
1279 2176 1350 2207 Liv.
1367 2176 1476 2206 xxxix.
1493 2177 1545 2207 22.
1562 2174 1704 2214 artfices
1725 2173 1805 2203 sim-

1072 2220 1206 2260 pliciter
1220 2221 1284 2250 dici
1296 2221 1335 2250 de
1349 2220 1565 2250 histrionibus
1578 2231 1584 2247 ε
1598 2219 1654 2248 ubi
1663 2217 1727 2247 vid.
1744 2216 1808 2247 Sed

1073 2264 1175 2294 etiam
1199 2264 1238 2294 de
1263 2265 1386 2303 aurigis
1412 2268 1463 2292 est
1490 2273 1542 2302 ap.
1566 2262 1651 2292 Plin.
1674 2261 1730 2290 vii.
1754 2263 1807 2291 53.

1073 2313 1157 2338 extr.
1182 2313 1216 2337 et
1242 2308 1440 2348 gladiatores
1464 2307 1601 2346 τεχνῖται
1625 2305 1660 2335 in
1684 2303 1808 2334 Chron.

1072 2351 1250 2382 Alexandr.
1275 2362 1307 2392 p.
1324 2351 1398 2382 660.
1414 2350 1467 2380 ed.
1485 2350 1589 2380 Mero.
1615 2359 1646 2378 v.
1663 2347 1808 2378 VVessel-

1073 2396 1140 2435 ing.
1158 2396 1196 2426 V.
1214 2396 1251 2425 C.
1264 2395 1305 2425 ad
1320 2394 1457 2426 Diodor.
1474 2394 1515 2423 iv.
1529 2404 1561 2433 p.
1580 2394 1655 2423 214.

1114 2440 1350 2478 Artolaganus,
1368 2447 1472 2478 genus
1488 2436 1654 2478 placentae
1672 2434 1809 2465 vilioris.

1073 2482 1113 2512 ad
1130 2484 1207 2514 Div.
1224 2484 1267 2513 ix.
1285 2485 1338 2513 ⁶20.

1114 2528 1198 2557 Arne.
1223 2527 1376 2566 princeps
1404 2533 1567 2555 summus.
1590 2521 1675 2553 Phil.
1691 2521 1759 2552 viii.
1778 2524 1808 2553 Β.

1072 2576 1310 2601 ornamentum
1326 2576 1360 2600 et
1376 2579 1442 2599 (ιι-,ιτ
1457 2569 1655 2598 amicorum.

1115 2615 1170 2644 As.
1187 2614 1317 2653 proprie
1343 2622 1456 2643 aeneus
1484 2620 1607 2641 numus
1630 2610 1728 2640 Rom.
1752 2609 1810 2648 qui

1072 2658 1239 2697 pendebat
1269 2657 1389 2687 libram
1414 2655 1538 2696 pondo,
1565 2659 1600 2684 et
1631 2658 1704 2684 erat
1737 2653 1809 2692 ipsa

1072 2702 1145 2731 aeris
1163 2701 1257 2731 libra.
1302 2700 1382 2740 Ejus
1397 2704 1508 2740 partes
1534 2698 1584 2728 hae
1613 2702 1712 2728 sunt:
1744 2706 1810 2726 un·

1072 2745 1136 2781 cia,
1167 2750 1315 2782 sextans,
1348 2743 1527 2783 quadrans,
1557 2742 1677 2778 triens,
1709 2739 1808 2779 quin-

1072 2798 1174 2826 cunx,
1192 2789 1305 2825 semis,
1328 2791 1488 2828 septunx,
1504 2786 1620 2822 bessis,
1648 2783 1809 2819 dodrans,

1073 2832 1227 2870 dextans,
1257 2832 1378 2863 deunx.
1414 2830 1533 2870 Itaque
1560 2839 1599 2860 as-
1622 2828 1724 2859 habet
1758 2827 1809 2857 12.

1071 2876 1201 2914 uncias,
1226 2876 1257 2907 6.
1281 2878 1465 2912 sextantem
1490 2875 1523 2904 4.
1538 2872 1755 2913 quadrantes,
1777 2873 1811 2901 3.
