1920 3196
219 103 302 139 428
761 114 906 141 mni-:x

221 203 286 228 tur.
317 209 347 228 v,
364 208 499 228 munus.
546 198 662 229 Sidera
677 210 755 238 ergo
777 202 878 231 etiam
904 201 966 232 ho(-

222 243 357 272 nomine
373 242 545 281 clvganter
561 243 659 281 signa
683 244 854 274 dicuntur.
887 245 967 275 Coel.

222 289 250 315 5.
297 287 396 323 signa
433 286 595 315 virtutum
629 296 695 316 non
727 298 882 327 expressa
910 290 967 319 sed

221 329 428 359 adumbrata.
484 329 615 369 Nempe
647 340 723 360 vcra
755 336 787 361 et
820 331 967 370 perfecta

219 373 323 402 virtus
341 378 391 403 est
408 373 542 412 signum
568 383 778 413 expressum:
805 374 837 404 h.
856 385 884 405 e.
910 376 966 406 ab·

218 417 379 453 solutum,
403 417 632 454 elaboratum3
666 418 827 448 naturalis
851 424 965 449 autem

218 459 278 490 illa
294 461 433 490 materia
447 461 593 495 virtutis,
607 470 707 498 quain
723 461 839 491 Cicero
857 468 963 500 vocat,

217 503 280 533 hoc
309 508 372 540 est,
397 505 542 543 impetus
572 504 753 541 naturales,
778 516 816 535 cx
846 505 964 544 quibus

216 556 295 577 vera
317 548 421 577 virtus
445 547 586 577 existere
611 553 734 586 potest,
756 549 837 578 item
861 550 964 579 simu-

218 590 286 620 lata
316 591 432 628 virtus,
465 595 515 620 est
547 591 681 629 signum
713 592 963 623 adumbratum.

217 634 399 664 *MarcclL
423 637 449 664 1.
481 635 520 663 ad
547 635 630 664 bene
655 634 694 664 de
718 637 808 665 omni
834 636 962 676 republ.

218 678 433 717 sperandum,
448 678 540 716 quasi
557 679 689 716 signum
703 678 835 717 aliquod
852 683 963 709 sustu-

218 721 298 751 listi.
346 722 495 751 Ductum
524 726 574 750 est
599 732 616 750 e
644 732 677 751 re
709 722 862 759 militari,
886 727 917 752 et
944 734 963 753 a

216 766 325 803 signo,
343 766 429 804 quod
446 766 479 794 in
498 765 612 794 castris
631 765 663 795 in
690 767 845 805 praetorio
862 766 961 796 attol—

216 808 298 838 litur
315 812 414 848 atque
431 809 630 849 proponitur
648 809 707 838 ἃς.

259 852 444 883 Silentium.
487 853 580 882 Prov.
606 853 703 882 Cous.
733 854 780 882 12.
813 852 885 882 illas
910 863 960 883 res

215 898 265 936 egi
290 897 424 927 silentio.
449 897 470 926 i.
496 906 524 925 e.
549 897 683 925 nemine
709 896 959 936 interpellante,

216 944 275 970 aut
290 940 507 970 reclamante.

260 984 360 1014 Silex.
391 983 491 1014 Tusc.
517 983 561 1012 iii.
587 983 616 1013 6.
648 992 714 1012 non
738 993 755 1012 e
779 984 864 1013 silice
889 985 958 1014 nati

214 1038 341 1058 sumus.
795 1028 797 1031 “

259 1070 371 1101 Sillus.
407 1071 478 1100 Att.
502 1071 565 1100 xvi.
594 1073 642 1100 11.
674 1071 745 1100 sine
767 1072 836 1100 sillo
860 1070 959 1100 Luci-

214 1114 313 1144 liano.
360 1113 436 1144 Silli
454 1118 534 1144 sunt
549 1123 661 1143 versus
683 1114 805 1144 salibus
831 1114 958 1151 referti,

214 1159 338 1188 similes
355 1159 464 1188 satirae
489 1157 702 1194 Latinorum,
719 1161 758 1187 ut
781 1158 878 1187 docet
896 1158 958 1187 Ca-

212 1203 379 1232 saubonus
410 1202 449 1231 de
474 1201 542 1231 Sat.
567 1202 600 1231 ii.
624 1203 654 1231 2.
696 1201 818 1231 Satiras
843 1206 956 1232 autem

212 1245 381 1276 Lucilium
414 1245 582 1285 scripsisse
615 1250 732 1275 notum
773 1252 833 1274 est.
895 1245 958 1275 Sed

215 1289 318 1320 Codd.
345 1294 380 1319 et
408 1289 498 1318 vett.
525 1289 598 1319 edd.
628 1289 751 1319 habent
782 1288 868 1318 vallo
899 1294 957 1319 aut

211 1333 292 1371 ullo,
326 1342 468 1372 quorum
507 1332 589 1363 illud
625 1338 734 1362 servat
772 1332 956 1363 Graeviana.

212 1377 360 1407 Graevius
377 1377 507 1406 volebat
523 1377 601 1406 sale.

256 1421 348 1452 Silva
371 1421 404 1450 in
429 1420 555 1450 aedibus
575 1420 722 1450 urbanis.
753 1420 846 1450 Verr.
864 1421 885 1450 i.
907 1424 955 1454 19.

211 1470 262 1494 est
284 1465 490 1501 viridarium,
509 1468 548 1494 ut
569 1465 732 1494 Asconius
756 1464 958 1504 interpreta-

213 1515 280 1539 tur.

256 1551 358 1589 Silus,
382 1552 438 1590 qui
470 1562 586 1581 nasum
616 1552 822 1581 eminentem
847 1555 882 1581 et
906 1561 956 1582 re-

211 1596 358 1636 pandum
376 1596 486 1626 habet.
511 1596 589 1625 Nat.
608 1596 649 1625 D.
668 1597 687 1625 i.
707 1597 758 1629 29.

256 1639 382 1677 Simile,
400 1639 597 1676 similitudo,
617 1638 754 1677 ὄμοῖωσις.
779 1639 835 1669 Or.
849 1639 882 1668 ii.
900 1642 952 1672 78.

209 1693 264 1713 eos
289 1684 389 1723 ipsos,
414 1684 502 1712 unde
527 1683 588 1712 hoc
611 1684 716 1712 simile
740 1683 854 1719 ducat,
881 1683 954 1713 illas

210 1728 333 1766 primas
362 1727 472 1757 hastas
504 1727 552 1756 ita
581 1727 711 1765 jactare
742 1726 864 1756 leniter
893 1728 952 1757 &cu

210 1771 264 1800 Sic
281 1775 331 1800 est
348 1775 382 1800 et
398 1771 469 1801 Fin.
486 1771 532 1800 iii.
553 1774 601 1801 15.
622 1771 670 1801 16.

253 1815 450 1851 Similitudo,
467 1815 624 1844 imitatio.
654 1814 710 1843 Or.
730 1814 764 1843 ii.
782 1816 834 1844 ⁶23.
865 1814 953 1852 quod

208 1858 324 1896 velint,
337 1859 408 1888 sine
424 1859 620 1896 cujusquam
636 1858 861 1894 similitudine,
875 1867 953 1887 con-

206 1906 401 1942 sequantur.
444 1902 700 1931 *uniformitas
746 1901 817 1930 Inv.
848 1902 867 1930 i.
899 1903 952 1931 41.

204 1947 382 1976 similitudo
404 1946 567 1975 satietatis
593 1950 710 1974 mater.
741 1945 828 1975 *On
845 1945 879 1974 ii.
902 1948 950 1979 17.

205 1990 411 2020 similitudini
424 1989 610 2027 relinquere
629 1989 761 2024 ‹lit-itur,
774 1989 861 2027 quod
879 1991 951 2027 quis

206 2044 272 2064 non
291 2034 449 2063 distincte
467 2037 500 2062 et
515 2033 693 2072 separatim
720 2032 877 2071 explicat,
893 2033 951 2062 sed

205 2088 245 2107 ex
261 2079 300 2107 iis
317 2078 427 2114 rebus,
441 2087 514 2115 quae
530 2076 702 2116 explieatae
721 2080 811 2112 sunt,
829 2080 863 2105 et
880 2077 952 2115 qui-

204 2122 344 2152 buscum
362 2120 617 2151 similitudinem
643 2119 756 2157 habet,
773 2120 869 2158 quale
894 2120 950 2157 sit,

204 2165 473 2204 cognoscendum
492 2163 661 2202 relinquit.

248 2209 406 2249 Simplex,
430 2218 529 2238 unus.
562 2207 633 2237 Inv.
653 2207 686 2237 ii.
707 2210 734 2236 1.
767 2207 850 2236 nihil
874 2209 950 2237 sim-

196 2255 277 2295 plici·
292 2254 325 2283 in
343 2262 463 2292 genere
487 2252 578 2281 omni
596 2262 633 2280 ex
656 2253 748 2290 parte
765 2250 950 2290 perfectum

204 2306 326 2328 natura
349 2296 518 2335 expolivit.
548 2296 675 2333 itaque,
699 2299 872 2333 tamquam
898 2305 949 2323 ce-

201 2342 282 2372 teris
299 2351 365 2370 non
383 2341 426 2369 sit
441 2340 610 2375 habitura,
629 2338 715 2377 quod
730 2338 904 2376 largiatur,
922 2339 948 2368 si

203 2385 263 2416 uni
289 2389 411 2414 cuncta
435 2383 647 2419 concesserit,
666 2381 755 2411 aliud
780 2382 834 2411 alii
860 2392 949 2411 com-

203 2429 291 2460 modi
317 2433 525 2458 muneratur.
555 2426 668 2455 *Cato
685 2427 737 2455 ⁶21.
771 2435 846 2454 cum
871 2426 948 2454 sim-

196 2476 276 2513 plea·
291 2472 393 2502 animi
412 2476 533 2500 natura
547 2473 644 2499 ezset.
691 2468 764 2498 Hoc·
780 2476 813 2498 et
830 2469 949 2498 simili-

202 2519 263 2547 bus
291 2517 371 2546 locis
397 2519 543 2544 utuntur
572 2513 607 2549 ii,
635 2513 691 2551 qui
718 2512 946 2541 demonstrare

201 2560 403 2600 suscipiunt,
416 2564 543 2587 veteres
559 2556 771 2596 philosophos
787 2556 946 2594 quosdam

202 2602 526 2634 immaterialitatem
552 2601 667 2636 animi,
690 2610 790 2638 quam
814 2600 945 2636 dicunt,

200 2648 366 2689 probasse.
413 2645 450 2675 Id
475 2645 526 2682 fit,
543 2645 620 2683 quia
635 2643 859 2682 simplicitatis
878 2653 947 2673 ver—

201 2693 243 2721 bo
261 2691 366 2721 nostri
388 2688 575 2729 philosophi
600 2688 639 2717 de
661 2687 946 2716 immaterialitate

202 2740 361 2770 utuntur,
377 2732 466 2762 unde
483 2736 610 2761 veteres
627 2730 766 2760 eandem
784 2731 850 2759 vim
869 2730 946 2759 huic

201 2779 300 2809 verbo
316 2777 494 2815 subjecisse
511 2775 672 2805 credunt:
697 2775 732 2803 in
748 2784 812 2812 qno
823 2773 947 2803 fallun-

200 2827 266 2853 tur.
319 2821 408 2851 Nam
438 2824 566 2849 veteres
603 2820 742 2858 simplet
770 2823 947 2857 opponunt

203 2868 321 2903 mixto,
339 2869 373 2894 et
396 2874 436 2893 ex
452 2864 587 2893 (liversis
605 2862 782 2901 generibus
800 2861 947 2891 elemen-

199 2916 311 2942 torum
328 2912 498 2945 concreto,
516 2916 583 2937 non
599 2906 642 2944 ei,
657 2904 746 2945 quod
761 2908 871 2945 partes
886 2905 946 2935 ha-

939 114 1039 142 LA'rl
1046 115 1073 141 N
1081 114 1219 141 [TATIS
1226 131 1234 140 .

1011 202 1079 232 bet.
1121 201 1200 232 Nat.
1226 202 1269 232 D.
1293 201 1338 230 iii.
1366 203 1415 232 14.
1447 201 1575 232 etenim
1599 204 1659 230 aut
1680 201 1758 231 sim-

1006 247 1087 284 plex
1103 252 1154 275 est
1171 250 1293 275 natura
1308 245 1502 281 animantis,
1518 249 1557 274 ut
1581 244 1632 274 vel
1652 248 1757 275 terre-

1012 297 1055 318 na
1078 289 1133 326 sit,
1151 289 1201 318 vel
1226 289 1338 328 ignea,
1363 287 1414 318 vel
1437 287 1604 324 animalis,
1622 287 1672 317 vel
1693 288 1757 318 hu·

1013 332 1115 368 mida,
1133 332 1221 371 quod
1245 331 1342 371 quale
1366 332 1422 368 sit,
1448 341 1489 361 ne
1514 331 1658 371 intelligi
1682 332 1756 369 qui·

1011 375 1085 404 dem
1117 379 1246 414 potest:
1280 380 1338 405 aut
1366 379 1561 405 concretum
1589 386 1628 405 cx
1652 374 1757 413 pluri-

1009 418 1069 447 bus
1088 420 1216 449 naturis
1233 419 1292 448 διο.
1322 418 1365 448 Et
1382 419 1414 448 in
1433 428 1551 457 genere
1567 420 1706 459 simplex
1721 418 1756 449 in

1008 463 1163 491 omnibus
1191 463 1287 492 rebus
1313 463 1494 502 opponitur
1521 463 1563 498 ei,
1588 462 1676 501 quod
1705 465 1756 492 est

1008 515 1046 534 ex
1076 504 1225 545 pluribus
1253 505 1436 546 disparibus
1467 511 1501 535 ct
1529 504 1755 536 dissimilibus.

1008 547 1116 587 Atque
1139 547 1223 579 hanc
1248 550 1353 588 ipsam
1379 550 1419 579 ob
1443 559 1576 578 causam
1602 548 1753 579 homines

1007 592 1138 621 candidi
1169 598 1203 622 et
1231 593 1352 622 sinceri
1391 593 1550 622 dicuntur
1582 593 1754 630 simp-lices,

1007 636 1085 673 quia
1115 636 1203 665 idem
1235 636 1365 672 dicunt,
1394 636 1481 666 idem
1513 637 1662 675 cogitant
1694 636 1754 666 διο.

1007 679 1093 717 quod
1112 679 1168 717 qui
1187 689 1252 708 non
1270 680 1399 709 faciunt
1415 679 1618 719 multiplices
1636 679 1755 709 dicun-

1004 726 1070 752 tur.
1110 733 1139 751 ν.
1172 723 1363 762 multiplex.
1408 723 1561 759 *ret-tus,
1594 723 1752 752 directus.

1004 765 1083 795 Nat.
1110 766 1152 796 Ι).
1178 767 1212 796 ii.
1239 769 1289 799 57.
1328 767 1367 796 dc
1394 766 1530 796 auditu:
1568 766 1751 796 flexuosum

1005 809 1068 838 iter
1097 809 1210 847 habet,
1238 819 1279 839 ne
1310 809 1389 848 quid
1421 810 1545 839 intrare
1577 816 1700 848 posset,
1724 810 1750 839 si

1003 854 1143 892 simplet:
1159 857 1192 882 et
1208 853 1371 883 directum
1385 858 1526 893 pateret.
1553 853 1605 882 Sic
1622 863 1674 893 ap.
1687 853 1752 884 Pli-

1004 896 1096 926 nium
1124 897 1190 926 viii.
1213 897 1259 927 16.
1289 897 1387 926 villus
1410 898 1547 936 simplex
1571 897 1754 936 opponitur

1003 940 1214 979 crispioribus
1232 941 1334 978 jubis.
1373 940 1474 970 *sine
1502 939 1693 970 conditione
1717 944 1753 970 et

1004 983 1233 1021 adjunctione.
1266 983 1338 1014 InV.
1358 985 1392 1014 ii.
1409 987 1461 1018 57.
1494 993 1565 1013 esse
1589 983 1749 1022 quasdam

1003 1037 1080 1057 cum
1106 1028 1320 1065 adjunctione
1353 1027 1628 1063 necessitudines,
1653 1037 1752 1066 quas-

1002 1071 1078 1100 dam
1105 1073 1264 1111 simplices
1290 1075 1324 1101 et
1355 1070 1534 1101 absolutas.
1577 1070 1689 1101 *Suu
1717 1075 1750 1103 3.

1000 1116 1135 1154 simplex
1150 1115 1308 1145 officium.
1333 1115 1354 1145 i.
1376 1125 1483 1145 unum
1500 1114 1668 1154 idemque,
1681 1124 1748 1146 non

1001 1168 1142 1188 varium.

1046 1202 1260 1241 Simpliciter,
1278 1201 1380 1238 clare,
1399 1208 1436 1231 ut
1461 1201 1502 1231 ab
1519 1201 1673 1232 omnibus
1697 1203 1749 1232 in-

1000 1245 1106 1285 telligi
1131 1246 1247 1286 possit.
1276 1245 1332 1275 Or.
1350 1246 1383 1275 ii.
1405 1246 1454 1276 16.
1483 1245 1539 1284 qui
1564 1244 1667 1284 leges,
1691 1246 1748 1285 qui

994 1289 1085 1326 jura,
1104 1290 1157 1328 qui
1184 1290 1336 1319 civitates
1361 1289 1624 1326 constituerunt,
1642 1288 1747 1320 locuti

1000 1339 1080 1362 sunt
1110 1334 1312 1372 simpliciter,
1344 1336 1379 1362 et
1416 1332 1598 1372 splendide.
1644 1332 1747 1363 *sine

999 1376 1265 1407 dissimulatione
1297 1383 1331 1406 et
1361 1376 1648 1415 tergiversatione.
1688 1377 1746 1407 Or.

1000 1421 1045 1449 iii.
1083 1424 1128 1454 17.
1172 1421 1362 1460 simpliciter
1398 1419 1575 1449 defendere
1607 1419 1745 1458 aliquid.

999 1464 1097 1493 *sine
1116 1470 1269 1504 respectu
1287 1463 1328 1493 ad
1344 1463 1520 1493 hominum
1545 1464 1746 1502 potentiam,

999 1509 1154 1546 gratiam,
1171 1507 1357 1548 periculum
1383 1507 1441 1536 &c.
1472 1506 1565 1545 Quir.
1584 1517 1616 1547 p.
1633 1507 1673 1537 R.
1695 1510 1746 1539 10.

999 1552 1032 1580 in
1044 1551 1213 1581 sententia
1224 1552 1417 1591 simpliciter
1429 1550 1612 1580 referenda.
1629 1550 1746 1581 *seor-

997 1595 1074 1632 sim,
1091 1595 1275 1634 sigillatim.
1305 1594 1437 1624 Invent.
1456 1594 1489 1624 ii.
1509 1597 1561 1625 33.
1588 1593 1743 1633 quaedam

998 1648 1121 1677 genera
1151 1649 1326 1668 causarum
1350 1638 1541 1677 simpliciter
1564 1640 1599 1667 et
1620 1647 1659 1668 ex
1683 1648 1745 1668 sua.

997 1684 1026 1712 vi
1067 1682 1335 1719 considerantur,
1370 1681 1522 1721 quaedam
1562 1685 1675 1711 autem
1714 1683 1742 1712 si

997 1725 1088 1755 aliud
1112 1725 1245 1764 aliquod
1269 1725 1499 1756 controversiae
1524 1734 1628 1764 genus
1652 1735 1744 1755 assu-

997 1776 1106 1799 munt.
1141 1770 1230 1809 ³’‘per
1245 1780 1290 1800 se.
1321 1770 1404 1809 Top.
1428 1770 1481 1800 2⁶2.
1512 1778 1588 1798 cum
1614 1773 1742 1807 autem,

997 1813 1093 1852 quale
1110 1814 1166 1850 sit,
1184 1814 1358 1852 quaeritur,
1374 1817 1434 1842 aut
1448 1813 1637 1853 simpliciter
1653 1822 1743 1852 quae-

997 1858 1093 1893 ritur,
1111 1863 1170 1886 aut
1186 1861 1389 1897 comparate.

1041 1901 1240 1941 Simpulum,
1264 1911 1320 1930 vas
1352 1909 1505 1940 parvum,
1531 1899 1640 1929 simile
1667 1909 1743 1939 cya-

995 1944 1066 1980 tho,
1098 1955 1163 1983 quo
1201 1945 1236 1974 in
1275 1944 1445 1974 sacrificiis
1475 1943 1589 1973 vinum
1622 1943 1739 1973 libant.

996 1988 1077 2017 Har.
1095 1988 1193 2028 Resp.
1214 1991 1262 2018 ll.
1296 1989 1321 2018 si
1339 1987 1442 2018 aedilis
1461 1986 1560 2016 verbo
1584 1990 1643 2017 aut
1664 1988 1742 2017 sim-

992 2034 1068 2070 pulo
1084 2032 1260 2062 aberravit.
1308 2031 1397 2061 Hinc
1417 2031 1642 2071 proverbium,
1659 2031 1740 2070 Leg.

996 2076 1041 2104 iii.
1071 2077 1117 2106 16.
1154 2076 1322 2105 excitabat
1345 2075 1434 2104 enim
1461 2074 1582 2104 fluctus
1606 2075 1641 2104 in
1663 2076 1741 2104 sim-

989 2121 1079 2158 pulo,
1096 2124 1133 2149 ut
1158 2120 1292 2154 dicitur,
1309 2118 1491 2154 Gratidius,
1508 2128 1589 2156 quos
1609 2123 1685 2158 post
1700 2117 1740 2147 fi-

995 2163 1058 2192 lius
1075 2163 1143 2201 ejus
1162 2163 1288 2192 Marius
1305 2163 1338 2191 in
1355 2163 1459 2201 AEgeo
1475 2161 1631 2191 excitavit
1645 2161 1740 2192 mari.

1040 2206 1161 2242 Simul,
1186 2217 1245 2246 pro
1269 2205 1420 2236 simulac.
1451 2205 1552 2235 Tusc.
1576 2205 1618 2235 iv.
1637 2206 1667 2236 G.
1697 2206 1740 2235 si-

994 2253 1067 2280 mul
1088 2251 1218 2288 objecta
1234 2250 1360 2289 species
1377 2252 1437 2279 est.
1468 2249 1487 2267 ³*
1501 2248 1650 2280 Simulat:
1667 2250 1741 2289 pri·

994 2304 1085 2324 mum
1109 2294 1313 2333 pleonastice
1340 2298 1392 2323 est
1415 2293 1544 2323 Verrin.
1568 2293 1589 2322 i.
1619 2295 1667 2323 13.
1697 2293 1740 2322 si-

994 2340 1102 2368 mulac
1118 2340 1269 2378 primum
1287 2337 1316 2366 ei
1334 2337 1462 2366 occasio
1477 2336 1547 2366 visa
1569 2339 1630 2366 est.
1661 2335 1737 2367 add.

993 2381 1077 2411 Phil.
1095 2382 1136 2411 iv.
1159 2385 1184 2411 l.

1036 2424 1274 2461 Simulacrum,
1299 2425 1438 2464 specics,
1463 2423 1594 2453 umbra.
1625 2422 1738 2454 Rabir.

992 2469 1080 2498 Post.
1100 2472 1147 2499 15.
1179 2470 1396 2499 simulacrum
1420 2468 1569 2507 pristinae
1594 2467 1739 2506 dignita-

990 2514 1045 2541 tis.
1072 2512 1248 2543 Fin.v.15.
1275 2512 1438 2541 virtutum
1454 2512 1647 2541 simulacra.
1672 2510 1737 2541 Off.

992 2556 1011 2585 i.
1034 2559 1081 2586 15.
1115 2556 1147 2585 in
1166 2556 1284 2595 quibus
1303 2554 1459 2595 praeclare
1476 2555 1600 2593 agitur,
1616 2555 1642 2584 si
1658 2556 1739 2584 sunt

989 2600 1168 2629 simulacra
1180 2599 1323 2629 virtutis.
1348 2599 1454 2629 *Nan
1467 2598 1508 2628 D.
1524 2598 1557 2627 ii.
1570 2601 1623 2628 30.
1637 2599 1739 2628 simu-

991 2645 1083 2672 lacra
1098 2643 1296 2673 Democriti.
1319 2642 1384 2671 vid.
1401 2641 1474 2671 Ind.
1490 2641 1546 2670 Gr.
1562 2639 1686 2671 εἴδωλον.

1035 2686 1222 2723 Simulatio,
1268 2695 1404 2723 nomen,
1451 2690 1646 2725 praetextus.
1694 2684 1737 2715 ad

990 2730 1064 2760 Div.
1083 2731 1125 2760 xi.
1148 2733 1194 2760 13.
1212 2730 1417 2760 simulatione
1431 2728 1634 2768 reipublicae.
1654 2727 1738 2758 Suu.

993 2777 1041 2807 19.
1078 2775 1283 2804 simulatione
1307 2773 1419 2802 Fausti
1443 2771 1642 2811 gladiatores
1666 2781 1737 2802 em-

989 2821 1051 2846 tos.
1082 2827 1127 2847 sc.
1145 2817 1206 2847 hoc
1231 2820 1411 2857 praetextu,
1428 2815 1521 2854 quasi
1544 2819 1738 2846 emerentur

990 2861 1123 2891 Fausto.
1139 2861 1217 2900 Agr.
1232 2861 1265 2890 ii.
1280 2861 1311 2892 6.
1327 2860 1532 2891 simulatione
1548 2869 1585 2890 ac
1599 2859 1734 2889 nomine

989 2904 1070 2944 legis
1087 2904 1245 2944 Agrariae.
