1985 3206
298 73 380 109 200
822 86 967 115 INDEX
999 88 1295 117 LATINITATIS.

297 169 423 200 tentias
440 170 583 201 libenter
599 172 852 212 amplectuntur
868 175 1029 206 homines.

296 212 399 243 Acad.
425 214 466 243 iv.
491 217 543 244 ⁴22.
576 216 805 246 inconstantia
825 217 955 248 levatur
970 231 1032 250 au-

294 258 444 289 clm-itam
478 259 566 297 quod
593 270 647 289 eos
673 270 739 290 non
765 260 860 290 facile:
885 268 1032 293 auctores

298 309 328 328 st
337 301 483 338 quimur,
498 303 553 340 qui
573 304 801 333 inconstantes
817 313 896 335 sunt
910 307 943 335 iu
957 317 1031 336 son-

298 345 428 374 tentiis.
460 346 525 375 Oit'.
542 346 561 375 i.
592 350 616 376 l.
648 356 782 377 summa
805 348 948 379 doctoris
971 361 1032 380 au-

300 391 432 418 cim-izos
463 397 498 419 ct
530 390 641 427 urbis3
678 391 756 429 quia
786 392 1031 423 eruditissimus

298 436 363 467 est,
380 432 527 471 adeoque
544 434 649 463 bonus
665 440 778 464 auctor
801 435 1031 476 philosophiae,

298 480 333 504 et
351 476 385 504 in
403 477 482 505 urbe
501 477 636 506 inx‘cnta
653 485 700 507 est
716 478 936 518 philosophia.
957 482 1031 510 Div-

300 518 321 547 i.
347 522 399 552 39.
432 529 531 549 nenio
555 520 771 561 philosophus
796 522 893 552 aliter
915 525 1032 560 sensit,

300 561 335 592 in
369 572 434 601 quo
466 568 553 593 esset
583 567 769 595 (ructat-itas.
805 566 870 596 Off.
902 567 949 597 iii.
980 570 1031 600 29.

300 607 447 636 maxima
473 609 669 639 auctoritate
695 609 895 649 philosophi.
931 611 1032 640 Acad.

298 650 339 679 iv.
372 652 402 680 3.
439 650 481 680 ad
507 652 608 681 unius
639 662 673 682 se
701 655 926 684 auctoritatem
955 665 1033 684 con-

301 693 399 723 ferre.

345 740 377 774 8)
405 738 517 777 opinio
532 738 672 778 insignis
685 739 723 769 de
737 740 877 779 alicujus
896 743 1032 778 virtute,

300 780 453 812 doctriua
480 783 538 811 ἃς.
573 783 666 813 verr.
696 783 742 813 iii.
767 788 820 818 90.
857 786 1034 816 auctoritas

299 834 416 854 eorum
433 829 483 854 cst
497 829 604 863 tanta,
622 830 660 856 ut
678 828 779 857 ctiam
798 828 908 858 delicti
927 829 1034 868 suspi-

299 869 431 898 cionem
455 873 567 908 tegere
591 871 704 910 possit.
740 871 857 901 Manss-
886 875 934 902 15.
967 872 1033 901 lm-

299 914 459 952 peratoris
483 916 670 944 auctoritas.
707 914 800 944 Verr.
832 916 853 945 i.
878 918 909 947 ⁶2.
942 916 1033 954 judi-

300 956 428 985 ciorum
452 959 629 987 auctoritas
648 959 839 988 constituta.
869 959 962 989 Brut.
981 960 1032 993 67.

300 1001 495 1030 auctoritate
521 1005 609 1040 eget,
638 1001 677 1031 de
705 1012 756 1039 eo,
781 1003 875 1041 cujus
900 1003 1032 1033 nullum

302 1052 426 1073 nomen
444 1045 477 1074 in
495 1046 642 1084 patronis
660 1055 836 1075 causarum
853 1056 937 1083 crat,
956 1057 1032 1076 curn

302 1086 578 1126 diligentissimus
595 1092 692 1118 esset.
710 1089 790 1128 Leg.
809 1092 829 1119 i.
843 1093 872 1120 5.
891 1100 980 1119 nunc
993 1091 1033 1120 al)

302 1140 370 1160 uno
387 1141 509 1170 magna
524 1134 715 1162 auctoritate
731 1137 763 1161 ct
779 1134 919 1163 scientia
935 1135 1034 1164 susti-

304 1178 412 1204 netur.
445 1174 538 1205 Cato.
567 1178 615 1206 18.
644 1186 711 1206 non
736 1177 824 1213 cani,
849 1187 914 1206 non
942 1187 1033 1217 rugae

300 1222 437 1257 repente
453 1220 683 1250 auctoritatem
700 1220 815 1250 afferre
831 1225 980 1260 possunt.

341 1261 375 1299 9)
403 1272 611 1301 quaecunque
636 1273 700 1300 res,
717 1264 812 1302 cujus
837 1264 954 1303 aliquis
973 1274 1033 1295 au-

297 1309 366 1334 ctor
388 1308 449 1334 est.
481 1306 581 1336 Acad.
606 1307 626 1336 i.
650 1311 681 1341 9.
714 1309 890 1338 auctoritas
912 1309 1033 1338 veteris

300 1348 499 1389 disciplinae,
519 1352 578 1389 (sc.
594 1350 815 1389 Academicae]
837 1351 869 1381 h.
887 1361 915 1381 e.
936 1351 1034 1381 disci-

299 1392 405 1432 plina,
424 1393 518 1432 cujus
540 1398 665 1424 veteres
683 1393 872 1424 Academici
889 1400 1034 1426 auctores

301 1435 406 1474 fuere.

350 1480 401 1517 10)
429 1482 622 1511 auctoritate
640 1481 780 1520 alicujus
797 1483 937 1519 utimur,
955 1493 1033 1513 cum

300 1533 379 1553 eum
403 1529 580 1561 auctorem,
605 1525 870 1565 approbatorem,
895 1536 1033 1556 consen-

299 1568 441 1597 tientem
459 1569 565 1605 nolus,
582 1569 734 1598 dicimus.
768 1570 845 1599 Div.
865 1570 886 1599 i.
905 1572 958 1600 43.
988 1570 1033 1600 le-

300 1621 356 1648 ges
375 1621 449 1641 suas
467 1614 661 1641 auctet-uase
678 1612 839 1651 Apollinis
857 1614 1034 1643 confirma-

299 1656 356 1684 vit.
388 1655 489 1684 Acad.
516 1656 555 1684 iv.
583 1659 612 1686 5.
642 1657 675 1685 in
701 1666 815 1686 eorum
839 1659 1034 1687 auctoritate

299 1697 519 1729 delitesceret.
554 1700 630 1729 Div.
659 1700 680 1729 i.
711 1703 736 1729 1.
774 1703 811 1729 ut
837 1701 877 1730 ab
906 1701 1032 1731 ultimis

301 1744 529 1772 auctoritatem
546 1747 705 1781 repetam.
730 1743 830 1772 Tusc.
850 1754 878 1774 V.
900 1747 948 1774 122.
972 1744 1034 1774 hu-

291 1785 350 1823 jus
365 1787 541 1815 sententiae
565 1788 707 1825 gravitas
728 1798 747 1816 a
763 1787 908 1816 Platonis
926 1793 1033 1818 aueto-

299 1831 399 1858 ritatc
423 1832 608 1869 repetatur:
644 1830 734 1865 inde,
759 1831 846 1868 quod
869 1837 1032 1861 auctorem

299 1872 401 1902 habet
425 1873 609 1903 Platonem.
646 1874 725 1903 Lael.
754 1877 779 1904 1.
816 1885 924 1904 ενι-ηπ)
948 1877 1033 1914 posi-

298 1920 354 1945 tus
371 1917 405 1946 in
422 1920 573 1946 veterum
592 1917 764 1947 hominum
790 1920 992 1950 (autoritate.
1011 1920 1032 1949 i.

298 1969 328 1989 e.
347 1960 402 1998 qui
419 1971 439 1989 a
452 1961 618 1990 veteribus
637 1960 766 1991 habitus
783 1961 915 1992 dicitur.

348 2003 400 2040 11)
429 2004 593 2033 narrantis
617 2008 651 2033 et
673 2005 904 2035 testimonium
920 2005 1033 2036 dicen-

299 2047 341 2076 tis
360 2047 451 2076 fides.
470 2048 564 2084 item,
582 2048 679 2077 rebus
697 2049 836 2078 narratis
862 2049 921 2079 ἃς.
944 2049 1032 2080 facta

300 2091 392 2120 sides.
417 2090 512 2121 Offic.
531 2092 564 2121 ii.
581 2096 611 2124 9.
636 2093 704 2121 Att.
725 2102 752 2121 ν.
771 2094 823 2122 ⁶21.
854 2093 959 2123 Flacc.
976 2095 1029 2124 2⁷⁶2.

300 2136 527 2164 auctoritatem
551 2145 621 2164 csse
646 2136 680 2164 in
704 2145 742 2164 eo
763 2136 954 2166 testimonio
971 2138 1030 2167 &a

300 2178 377 2208 Div.
394 2178 427 2208 ii.
450 2181 500 2208 55.
531 2180 758 2208 auctoritatem
782 2179 910 2209 nullam
934 2180 1032 2210 debe-

300 2232 376 2252 mus
386 2222 482 2251 rebus
496 2223 737 2252 commenticiis
748 2223 940 2261 adjungere.
955 2224 1030 2254 ibid.

302 2269 352 2298 17.
383 2267 436 2295 29.
475 2266 554 2304 quid
585 2265 800 2305 haruspicina
828 2269 1032 2298 auctoritatis

298 2308 432 2338 habeat.
453 2308 530 2338 ibid.
544 2312 595 2342 59.
618 2310 824 2340 somniorum
841 2313 1030 2341 auctoritas.

298 2352 380 2382 Lael.
411 2354 463 2382 (25.
503 2362 580 2382 cum
611 2353 652 2382 ad
683 2354 865 2391 vanitatem
893 2357 1033 2385 accessit

297 2397 485 2426 auctoritas.
501 2395 533 2425 h.
552 2406 580 2425 e.
594 2398 621 2426 si
638 2397 664 2426 is
679 2401 879 2434 assentatur,
898 2399 953 2436 qui
970 2409 1030 2428 au-

296 2445 364 2470 ctor
386 2449 457 2469 esse
481 2449 588 2479 posse,
613 2441 669 2478 qui
700 2440 764 2470 fide
798 2441 918 2480 dignus
941 2442 1030 2472 vide-

295 2488 363 2514 tur.

343 2526 395 2563 12)
423 2526 626 2566 approbatio.
657 2526 757 2557 Tusc.
782 2528 824 2557 iv.
840 2531 893 2559 34.
925 2530 1029 2559 amori

292 2571 522 2600 mator-itatem
547 2571 705 2601 tribuere.
739 2570 781 2601 cf.
811 2571 895 2602 Phil.
924 2573 969 2603 iii.
997 2575 1028 2604 2.

293 2615 371 2646 Div.
389 2615 409 2643 i.
426 2616 457 2643 3.

342 2655 392 2695 13)
420 2658 599 2694 sententia,
613 2657 708 2696 cujus
723 2667 756 2687 se
775 2659 846 2696 quis
863 2662 1028 2688 auctorem

291 2701 481 2741 profitetur,
498 2701 667 2739 judicium
684 2700 723 2731 de
737 2711 770 2730 re
793 2701 915 2740 aJiqua.
948 2702 1026 2732 Clu-

290 2748 360 2775 ent.
388 2747 440 2775 50.
475 2748 575 2781 errat,
604 2745 631 2774 si
658 2745 730 2783 quis
757 2744 792 2774 in
821 2745 1025 2776 orationibus

291 2789 412 2822 nostris
428 2789 636 2818 auctoritates
652 2791 780 2818 nostras
799 2798 832 2817 se
849 2789 1026 2827 consigna-

288 2835 340 2861 tas
365 2831 486 2862 habere
511 2832 700 2861 arbitratur.
734 2830 853 2862 Manil.
878 2834 931 2863 2³2.
963 2842 1024 2862 au-

288 2876 472 2907 ctoritatem
502 2885 599 2906 suam
631 2874 819 2907 defendere.
859 2875 938 2907 ibid.
970 2878 1024 2917 20.

1076 177 1185 206 (ntuli
1202 177 1379 207 auctoritas
1393 179 1428 206 et
1450 178 1626 209 sententia.
1657 178 1738 210 Nat.
1761 178 1807 210 D.

1075 221 1121 249 iii.
1148 224 1178 249 23.
1213 220 1293 249 inihi
1318 220 1379 250 hoe
1400 230 1595 260 persuasum
1619 227 1682 259 est,
1698 227 1808 253 aucto-

1075 266 1173 294 ritaie
1190 264 1364 300 majorum.
1384 264 1403 293 i.
1418 274 1447 293 e.
1464 265 1543 303 quia
1554 266 1718 306 majorum
1734 276 1811 296 sen-

1075 307 1183 336 tentia.
1200 307 1274 336 fuit.
1300 307 1340 336 ef.
1358 307 1438 337 Lael.
1455 311 1486 338 4.

1123 353 1172 387 14)
1201 351 1359 388 qui:·qu'.d
1385 350 1538 389 facimus,
1564 362 1629 392 quo
1653 357 1806 383 auctores

1075 393 1214 430 alicuius
1248 395 1293 423 rei
1324 394 1497 431 faciendae,
1525 396 1711 433 credenda-⁸,
1736 397 1808 426 fieri

1074 447 1262 476 possumus.
1295 437 1427 467 cluent.
1453 440 1504 468 4⁶2.
1532 441 1707 469 auctoritas
1730 449 1809 469 een·

1075 481 1173 516 soria,
1189 481 1348 511 (licuntur
1371 485 1457 511 notae
1482 491 1670 519 censorum,
1689 483 1809 522 quibus

1074 528 1220 553 anctore..-
1241 525 1339 561 liunt,
1357 525 1500 563 aliquem
1525 527 1673 556 criminis
1697 527 1808 564 cujus-

1075 567 1151 596 dam
1168 577 1261 596 reum
1278 578 1359 598 esse.
1391 568 1468 598 Nat.
1486 569 1527 598 D.
1545 570 1590 599 iii.
1608 573 1659 600 33.
1692 573 1807 600 utrum

1076 614 1181 650 pofftae
1218 611 1344 640 Stoicos
1378 611 1600 651 depravarint,
1632 623 1675 643 an
1706 613 1807 643 Stoici

1076 655 1180 693 po'e'tis
1204 654 1354 685 dederint
1376 656 1614 686 auctoritatem.
1634 657 1654 686 i.
1672 666 1701 686 e.
1718 666 1810 686 amo-

1077 707 1145 727 rem
1171 698 1350 737 probando,
1370 698 1524 736 feceriut,
1545 705 1583 729 ut
1606 703 1712 739 pos-tae
1735 704 1808 730 tam

1075 741 1184 770 multa
1209 741 1249 770 de
1273 752 1384 771 amore
1409 742 1468 772 ἃς.
1500 743 1541 772 ad
1563 744 1627 783 Qu.
1654 743 1704 773 Fr.
1730 744 1750 773 i.
1775 746 1808 775 3.

1076 794 1185 823 spero,
1203 795 1228 814 si
1254 785 1333 824 quid
1352 795 1426 815 mea
1441 795 1514 825 spes
1531 788 1734 817 auctoritatis
1750 787 1809 818 ha-

1076 827 1143 858 bet.

1125 870 1175 909 15)
1203 871 1274 910 ejus
1300 875 1350 902 est
1380 874 1568 909 auctoritas,
1595 873 1651 911 qui
1678 873 1807 912 primus

1077 914 1186 953 legem
1210 917 1316 945 scivit.
1347 916 1446 946 Dum.
1472 919 1523 946 31.
1555 926 1600 946 se.
1625 917 1704 956 quia
1733 916 1809 946 reli-

1077 959 1149 996 quis
1167 962 1217 987 est
1234 964 1350 989 auctor
1372 959 1454 998 legis
1478 960 1669 996 sciscendae,
1685 962 1719 990 et
1741 961 1809 1000 pri-

1076 1002 1122 1031 mi
1147 1001 1344 1040 suffrag-ium
1369 1003 1565 1042 plerumque
1588 1007 1661 1033 tota
1687 1013 1809 1043 praero·

1076 1045 1200 1084 gativa,
1215 1049 1253 1074 ut
1268 1047 1494 1085 praerogativae
1511 1051 1629 1077 ceterae
1646 1047 1806 1077 centuriae

1075 1096 1275 1126 sequuntur.
1293 1100 1322 1119 v,
1341 1090 1571 1129 Praerogativa.

1126 1132 1174 1169 16)
1202 1133 1355 1163 voluntas
1373 1133 1539 1172 jubentis,
1556 1133 1716 1172 rogantis,
1731 1132 1809 1164 hor·

1074 1176 1192 1212 tanus,
1216 1176 1377 1213 docentis,
1401 1177 1582 1207 suadentis.
1621 1178 1678 1208 Or.
1708 1177 1729 1207 i.
1753 1179 1808 1208 23.

1075 1219 1153 1248 ibid.
1182 1223 1209 1248 1.
1239 1219 1332 1252 Verr.
1354 1220 1389 1250 ii.
1413 1223 1467 1251 40.
1494 1222 1671 1251 auctoritas
1693 1221 1808 1260 patris.

1076 1262 1118 1291 cf.
1137 1263 1260 1292 Caecin.
1287 1266 1334 1294 18.
1365 1264 1462 1294 verba
1485 1265 1605 1294 servire
1629 1264 1806 1294 hominum

1076 1306 1221 1336 consiliis
1236 1310 1270 1335 et
1285 1309 1541 1338 auctoritatibus.
1572 1317 1630 1347 pro
1651 1318 1715 1347 quo
1732 1312 1808 1348 post

1076 1349 1228 1379 voluntas
1243 1350 1365 1381 dicitur
1381 1352 1414 1381 in
1433 1352 1490 1381 fin.
1508 1361 1579 1391 cap.

1124 1395 1174 1432 17)
1202 1393 1266 1423 Off.
1294 1395 1315 1424 i.
1344 1395 1396 1424 26.
1434 1395 1548 1425 amicis
1575 1396 1680 1434 maj0r
1705 1404 1807 1434 quam

1076 1440 1153 1466 ante
1169 1437 1347 1468 tribuenda
1361 1439 1549 1475 auctoritas,
1568 1437 1600 1468 h.
1617 1448 1645 1468 e.
1661 1438 1736 1479 plus
1753 1448 1809 1468 eo-

1076 1490 1151 1510 rum
1168 1481 1317 1519 consilio,
1335 1491 1434 1520 quam
1452 1486 1529 1512 ante
1546 1482 1721 1512 utendum.
1746 1480 1809 1512 Est

1076 1533 1154 1563 ergo
1183 1524 1246 1554 ista
1271 1526 1461 1562 cacctoritas,
1485 1535 1563 1555 eum
1589 1526 1661 1564 quis
1685 1525 1807 1564 dignus

1070 1567 1256 1607 judicatur,
1272 1569 1328 1607 qui
1345 1569 1550 1606 consulatur,
1568 1569 1621 1598 cui
1639 1572 1807 1609 pareatur.

1124 1612 1174 1648 18)
1196 1611 1313 1649 literae,
1324 1612 1460 1650 tabulae,
1469 1613 1665 1642 testimonia
1673 1616 1707 1642 et
1716 1613 1810 1652 quic-

1076 1654 1156 1692 quid
1179 1655 1312 1694 prodest
1335 1656 1376 1685 ad
1392 1656 1578 1686 faciendam
1602 1655 1714 1686 fidem.
1753 1657 1808 1686 Sic

1075 1697 1168 1728 Verr.
1203 1699 1247 1728 iii.
1278 1700 1329 1729 653.
1371 1701 1581 1729 aztctoritates
1618 1700 1806 1738 civitatum,

1076 1746 1155 1770 sunt
1173 1741 1276 1772 literae
1300 1742 1441 1782 publicae
1466 1754 1483 1772 e
1506 1743 1692 1780 tabulariis,
1708 1747 1743 1773 et
1756 1747 1809 1773 te-

1075 1785 1233 1816 stimonia
1249 1796 1307 1826 per
1321 1787 1457 1825 legatos.
1489 1787 1566 1817 ibid.
1584 1790 1637 1820 71.
1668 1788 1809 1817 auctori-

1075 1833 1157 1858 tates
1173 1830 1386 1866 societatum,
1403 1835 1483 1860 sunt
1503 1830 1626 1860 tabulae
1641 1840 1756 1860 earum
1773 1835 1809 1861 et

1076 1871 1193 1909 literae,
1221 1883 1295 1911 quae
1323 1877 1419 1903 erant
1446 1878 1619 1912 tamquam
1649 1878 1808 1912 auctores,

1075 1920 1189 1953 testes,
1208 1916 1373 1946 furtorum
1389 1917 1511 1947 Verris.
1532 1918 1605 1947 Act.
1622 1917 1644 1946 i.
1662 1917 1697 1947 in
1712 1917 1808 1948 Verr.

1075 1969 1103 1989 c.
1121 1963 1150 1990 3.
1174 1961 1373 1990 testimoniis
1383 1961 1542 2000 jungitur
1557 1961 1742 1991 auctoritas.

1122 2002 1172 2039 19)
1199 2005 1377 2034 auctoritas
1407 2004 1565 2034 tribuitur
1587 2005 1690 2034 etiam
1713 2004 1806 2035 locis.

1075 2046 1127 2076 Sic
1143 2047 1260 2076 Manil.
1283 2051 1309 2077 l.
1337 2047 1377 2077 de
1394 2052 1554 2087 suggestu
1570 2058 1628 2087 pro
1646 2048 1772 2085 rostris,
1787 2058 1806 2078 e

1074 2100 1139 2129 quo
1156 2091 1371 2129 magistratus
1395 2101 1472 2121 cum
1496 2091 1618 2131 populo
1641 2091 1805 2130 agebant:

1073 2135 1300 2164 auctoritatem
1323 2134 1422 2173 hujus
1447 2134 1510 2165 loci
1533 2134 1684 2171 nondum
1701 2136 1807 2165 attin-

1074 2187 1151 2216 gere
1168 2179 1285 2218 potui3
1309 2179 1388 2217 quia
1402 2189 1448 2208 sc.
1467 2188 1507 2208 ex
1527 2188 1567 2208 eo
1588 2178 1660 2208 loco
1684 2178 1808 2218 populo

1074 2221 1200 2251 fiebant
1211 2226 1355 2252 auctores
1371 2222 1483 2261 legum
1495 2221 1735 2261 jubendarum,
1748 2232 1808 2253 an-

1072 2265 1310 2304 tiquandarum
1336 2266 1394 2295 &c.
1433 2265 1594 2295 Similiter
1627 2265 1692 2295 Off.
1722 2265 1743 2296 i.
1778 2269 1807 2297 1.

1073 2310 1250 2339 auctoritas
1261 2309 1350 2338 urbis
1362 2309 1587 2340 Atheniensis.

1117 2352 1172 2390 20)
1198 2354 1376 2383 auctoritas
1391 2356 1441 2382 est
1460 2353 1562 2382 etiam
1579 2362 1708 2390 eorum,
1726 2363 1807 2392 quo-

1074 2405 1148 2425 rum
1171 2396 1457 2434 consiliis,jussis,
1474 2395 1639 2426 voluntati
1663 2396 1807 2428 libenter

1072 2439 1257 2470 obedimus.
1283 2440 1377 2470 Cato.
1399 2443 1448 2473 17.
1469 2449 1535 2470 non
1553 2439 1662 2469 solum
1679 2440 1713 2469 in
1730 2450 1806 2470 sen-

1071 2483 1192 2521 tentia,
1209 2483 1267 2513 sed
1289 2484 1393 2513 etiam
1411 2484 1447 2513 in
1463 2487 1549 2513 nutu
1565 2483 1730 2513 residebat
1744 2494 1807 2514 au-

1071 2527 1216 2557 ctoritas.
1245 2527 1326 2566 Leg.
1350 2527 1396 2557 iii.
1426 2529 1474 2557 15.
1504 2528 1730 2557 auctoritatem
1746 2538 1805 2568 op-

1070 2571 1242 2601 timatium
1260 2571 1369 2609 legem
1384 2569 1594 2600 tabellariam
1607 2570 1780 2601 abstulisse
1792 2583 1803 2610 3

1071 2614 1160 2653 quod
1191 2614 1252 2655 hae
1282 2614 1411 2654 perlata.
1436 2613 1558 2644 licebat
1581 2614 1616 2645 in
1639 2615 1805 2654 suffragiis

1071 2666 1166 2687 suam
1197 2657 1406 2688 voluntatem
1436 2658 1542 2696 sequi,
1566 2666 1634 2688 non
1661 2658 1805 2698 optima-

1069 2700 1169 2731 tium.
1198 2701 1276 2732 ibid.
1297 2704 1345 2737 17.
1378 2700 1506 2740 reliqua
1525 2701 1677 2732 voluntas
1693 2706 1804 2733 aucto-

1069 2745 1163 2774 ritati
1177 2745 1321 2775 traditur
1338 2749 1398 2774 aut
1414 2745 1541 2784 gratiae.

1113 2786 1167 2826 21)
1195 2798 1300 2827 genus
1320 2788 1533 2826 venditionis,
1551 2798 1629 2820 cum
1651 2788 1805 2821 venditor

1068 2835 1119 2861 est
1130 2835 1244 2862 ραι-τον
1259 2833 1302 2873 (ν.
1314 2836 1429 2862 auctor
1438 2841 1471 2861 n.
1484 2830 1547 2869 11.)
1563 2836 1599 2861 et
1610 2832 1740 2862 actione
1753 2835 1804 2862 te-

1068 2880 1169 2908 netur
1184 2875 1225 2906 de
1241 2877 1418 2908 evictione.
1432 2876 1513 2917 Har.
1525 2875 1625 2917 Resp.
1636 2878 1668 2910 7.
1685 2875 1802 2917 multa
