1920 3196
184 92 271 139 476
727 101 874 130 ιΝοΕΧ
903 101 1200 131 ιΑτιΝιτΑτιε.

172 190 404 225 „vermiculum
429 193 577 219 sternere
600 188 635 219 in
660 189 757 220 inser.
781 199 834 230 ap.
851 190 928 221 Mu-

186 241 288 267 rator.
306 238 332 263 t.
356 234 378 263 i.
403 243 435 273 p.
453 235 528 264 314.
554 242 587 262 n.
604 234 635 263 2.
659 232 712 263 Sic
729 233 818 273 apud
842 234 929 265 Plin.

189 278 232 309 H.
251 277 293 308 N.
312 288 406 307 xxxv.
438 280 465 307 l.
496 277 719 307 vermiculata>
744 276 786 306 ad
803 278 927 318 effigies

186 331 300 353 rerum
326 326 360 351 et
384 319 581 350 animalium
607 325 741 358 crustae,
760 330 827 350 non
854 331 928 361 pos-

188 369 268 397 sunt
286 364 435 405 profecto
461 374 531 393 csse
549 364 726 400 coccineae,
743 369 800 394 aut
817 364 927 394 colore

185 411 317 445 tinctae‚
342 408 400 438 sed
417 408 465 438 ita
480 407 660 446 dispositae,
679 411 716 437 ut
733 408 857 446 effigies
876 418 926 438 re-

190 463 265 484 rum
282 457 315 481 et
345 450 541 481 animalium
569 450 800 481 exhibeantur.
846 451 930 481 Ter-

185 497 248 534 tio,
273 495 361 534 quod
387 498 487 533 negat
511 494 706 532 Salmasius,
733 496 927 525 vermicula-

189 545 261 570 tum
279 550 298 568 a
313 538 480 568 vermibus
504 538 566 567 dici
593 548 700 577 posse,
719 539 806 577 quod
834 539 928 568 nulla

187 582 374 615 similitudo
391 582 434 611 sit
459 582 548 612 inter
562 580 693 621 lapillos
709 581 782 612 illos
798 583 832 612 in
849 592 928 621 ope-

186 638 222 660 re
248 627 460 656 vermiculato
484 632 519 654 et
546 635 687 662 vermes,
715 635 792 656 cum
823 625 927 665 lapilli

188 671 237 703 illi
256 670 409 709 quadrati
425 669 552 698 fuerint
566 680 573 698 ε
598 669 720 708 primo,
733 670 836 700 etiarn
854 679 927 708 gra-

189 725 233 746 na
251 723 317 744 non
334 718 413 743 sunt
430 711 603 751 quadrata,
616 720 649 742 et
666 715 779 743 tamen
797 712 925 752 lapillos

189 759 263 790 illos
282 767 385 794 grana
411 756 475 786 dici
503 756 639 791 scimus,
656 755 744 785 unde
760 760 793 786 et
819 756 924 786 Graeci

187 799 390 844 χονδξοξολῖαν
412 800 542 836 dicunt,
565 798 625 829 ἀπὸ
645 799 698 829 τοῦ
718 797 836 842 χὸνδξε,
854 809 927 839 gra—

186 856 254 883 no;
281 844 399 874 deinde
416 844 668 873 vermiculatmn
693 853 758 872 non
786 848 838 873 est
866 844 927 874 mi-

189 896 327 925 nutum,
344 887 401 917 sed
417 898 453 917 ex
482 887 621 917 minutis
643 886 763 927 lapillis
788 897 847 927 per
872 897 927 916 va-

185 935 258 967 rios
282 936 517 969 tortuosos-‚que
560 931 663 960 flexus
693 936 862 960 structum
893 934 927 960 et

187 976 424 1016 compositum,
449 976 483 1004 in
511 985 576 1012 quo
598 974 748 1014 profecto
771 978 822 1004 est
838 984 928 1013 quae-

188 1021 265 1051 dam
281 1029 355 1049 cum
375 1018 564 1048 vermiculis
579 1018 779 1054 similitude,
795 1028 927 1048 eorum-

188 1075 252 1104 que
270 1068 375 1093 motu.
400 1062 453 1091 Sic
471 1064 616 1091 ινεννῐηα
643 1061 842 1091 dir-ebantur
871 1061 928 1091 do·

188 1109 288 1144 iores,
305 1107 361 1146 qui
373 1105 489 1147 >Graece
507 1104 615 1147 ςξόφοι,
627 1110 702 1145 post
717 1106 865 1136 tormina
880 1106 928 1135 di-

187 1152 363 1188 cebantur,
381 1159 400 1179 a
416 1149 547 1179 minuto
572 1154 680 1186 motu,
697 1149 791 1188 quasi
809 1159 829 1179 a
854 1159 927 1179 vel·-

187 1195 298 1225 mibus
314 1203 432 1233 corpus
448 1192 671 1229 scinderetur,
690 1197 728 1222 ut
744 1197 862 1222 auctor
877 1196 929 1222 est

186 1239 316 1270 Festus.
343 1238 502 1267 Ceterum
526 1236 566 1266 de
589 1236 744 1276 operibus
766 1238 927 1267 vermicu-

188 1285 264 1314 latis
292 1292 323 1312 v.
351 1281 491 1311 Casaub.
523 1280 564 1309 ad
592 1280 729 1309 Sueton.
758 1280 842 1310 Caes.
873 1281 927 1311 46.

189 1325 311 1365 Scalig.
337 1324 377 1355 ad
405 1323 584 1355 Manilium
601 1334 633 1363 p.
651 1326 726 1354 411.
760 1324 928 1364 Ciampin.

188 1372 290 1410 Oper.
318 1369 440 1399 Musiv.
461 1378 490 1398 c.
511 1370 558 1397 10.
576 1377 624 1406 sq.
652 1367 767 1407 Sponii
785 1366 927 1398 Miscell.

190 1414 293 1446 Erud.
308 1414 388 1444 Ant.
406 1413 494 1442 Sect.
512 1411 546 1441 ii.
566 1411 661 1441 artic.
680 1414 710 1442 Β.

235 1457 451 1493 Vernacalus,
478 1461 529 1484 est
545 1455 678 1494 proprie
695 1454 786 1484 domi
814 1459 928 1491 natus,

188 1512 208 1532 a
219 1511 332 1538 verna,
349 1500 404 1539 qui
421 1504 474 1529 est
489 1508 601 1528 servus
617 1498 707 1528 domi
724 1501 821 1528 natus
838 1510 847 1536 3
865 1507 929 1528 un-

188 1547 229 1576 de
246 1543 405 1584 quicquid
421 1542 657 1579 domesticum,
671 1542 769 1571 domo
786 1541 927 1572 allatum

191 1590 326 1625 dicitur,
350 1588 383 1617 id
404 1587 506 1616 etiam
529 1586 747 1616 vernaculum
772 1585 837 1615 diei
854 1590 930 1625 pot-

190 1638 252 1664 est.
287 1632 344 1662 Or.
372 1631 418 1661 iii.
446 1632 498 1662 24.
537 1630 673 1660 Crassus
701 1629 740 1658 de
767 1628 929 1659 aedilitate

191 1687 253 1707 sua
271 1689 277 1705 ε
303 1685 384 1715 opus
402 1678 451 1704 est
468 1674 565 1703 rebus
582 1673 754 1712 exquisitis
768 1673 928 1712 undique,

191 1723 227 1751 et
254 1719 416 1756 collectis,
443 1717 622 1754 arcessitis,
640 1717 873 1756 comportatis,
890 1721 930 1747 ut

187 1765 265 1802 tibi,
282 1763 406 1799 Caesar,
428 1761 620 1791 faciendum
646 1764 697 1790 est
721 1760 762 1790 ad
779 1770 929 1799 annum;

189 1811 231 1840 ut
246 1817 308 1847 ego
324 1807 357 1836 in
376 1805 537 1836 aedilitate
562 1804 719 1842 laboravi,
736 1803 825 1842 quod
849 1814 927 1842 quo-

190 1852 328 1883 tidianis
345 1856 379 1879 et
402 1850 589 1879 vernaculis
614 1848 712 1878 rebus
739 1847 930 1878 satisfacere

192 1905 247 1927 me
275 1903 370 1935 posse
397 1893 475 1923 huic
505 1891 629 1932 populo
659 1901 726 1921 non
756 1891 928 1930 putabam.

191 1939 285 1970 Verr.
316 1939 363 1968 iii.
390 1938 443 1967 61.
483 1937 610 1966 crimen
641 1935 864 1964 domesticum
895 1939 930 1965 et

191 1983 426 2014 vernaculum.-
451 1979 484 2010 h.
502 1989 530 2009 e.
548 1979 667 2009 fictum
692 1979 732 2008 ab
756 1982 930 2008 accusato-

192 2037 238 2058 re.
263 2026 368 2056 =*hinc
391 2025 605 2054 vernaculum
623 2022 748 2053 dicitur
770 2032 828 2062 pro
846 2023 932 2051 nati-

192 2081 246 2108 vo,
258 2069 420 2110 genuin0‚
437 2068 512 2097 urbi
522 2067 682 2097 Romanae
694 2066 837 2107 proprio.
854 2066 931 2096 Div.

192 2114 237 2146 ix.
274 2116 323 2145 15.
360 2113 471 2151 imago
500 2112 687 2141 vernaculoe
726 2109 930 2139 festivitatis.

193 2159 291 2191 Brut.
307 2156 362 2187 46.
384 2156 525 2186 Tincam
544 2164 610 2184 non
628 2154 739 2184 minus
765 2153 874 2183 multa
889 2154 933 2183 ri-

194 2201 305 2233 dicule
329 2200 512 2235 dicentem,
530 2197 672 2228 Granius
696 2197 859 2228 obruebat
875 2206 933 2227 ne-

193 2246 261 2277 scio
274 2254 340 2284 quo
351 2252 469 2283 sapore
485 2243 670 2272 vernaculo.

238 2289 332 2325 Vero,
349 2292 400 2317 est
425 2286 634 2322 affirmantis,
652 2295 711 2325 pro
729 2288 832 2321 recte,
849 2284 931 2314 item

193 2331 421 2364 concedentis.
445 2330 520 2360 Div.
537 2330 558 2359 i.
568 2329 621 2359 46.
646 2338 730 2365 vero,
748 2338 824 2358 mea
839 2327 934 2371 puel-

192 2378 237 2414 la,
254 2376 336 2406 cedo
349 2375 411 2404 tibi
427 2373 520 2404 sedes
545 2382 646 2402 meaS.
670 2372 804 2402 Muren.
822 2374 873 2402 31.
898 2372 932 2402 in

194 2420 365 2453 sententia
380 2420 589 2457 permaneto.
638 2416 721 2446 Vero
733 2427 742 2444 :
778 2416 842 2445 nisi
858 2424 933 2444 sen-

193 2464 339 2496 tentiam
361 2462 426 2492 alia
442 2461 559 2491 vicerit
574 2460 701 2490 melior.
724 2459 805 2498 Leg.
830 2460 851 2488 i.
879 2460 932 2489 94.

191 2519 267 2540 vero
282 2507 362 2537 facis
387 2510 422 2535 et
437 2505 568 2534 merito.
592 2504 611 2522 *ι
625 2508 655 2534 ει
671 2513 743 2533 vero
759 2507 809 2533 est
831 2508 932 2541 atque

194 2553 288 2583 adeo.
312 2550 384 2580 Att.
410 2549 473 2578 xvi.
495 2548 544 2578 16.
570 2547 659 2586 quod
675 2556 762 2586 saepe
788 2555 933 2586 praesens

192 2600 228 2627 et
238 2595 287 2626 illi
299 2593 489 2629 ostendisti,
502 2596 532 2622 et
543 2601 616 2621 vero
628 2591 731 2620 etiam
743 2590 838 2620 mihi.
857 2590 933 2619 Mu-

192 2649 266 2673 ren.
290 2639 343 2670 22.
368 2636 424 2675 qni
448 2639 482 2665 et
508 2645 567 2675 per
587 2645 635 2671 se,
653 2637 687 2664 et
709 2643 769 2674 per
791 2643 880 2668 suos,
904 2637 935 2663 et

191 2693 268 2715 vero
284 2682 384 2711 etiam
402 2689 461 2720 per
476 2679 602 2709 alienos
625 2677 835 2707 defendatur.
858 2676 877 2695 ²*
893 2676 935 2706 ad

193 2728 271 2760 Div.
301 2726 343 2755 iv.
360 2724 391 2754 6.
415 2733 477 2762 ego
492 2733 578 2760 vero,
605 2722 709 2759 Servi,
727 2721 845 2751 vellem
873 2721 933 2751 &e.

193 2772 237 2804 ad
252 2771 293 2811 Ω.
322 2769 374 2799 Fr.
403 2768 438 2797 ii.
465 2771 496 2801 9.
521 2766 610 2806 quod
636 2775 689 2795 me
707 2764 866 2795 admones
892 2764 932 2794 de

194 2818 309 2847 nostra
324 2811 560 2850 Urania-ego
575 2820 649 2840 vero
663 2809 815 2839 memini.
834 2809 937 2839 Cave-

191 2864 252 2891 ant
273 2858 416 2893 tirones,
438 2864 479 2885 ne
504 2857 626 2894 putent
648 2863 721 2884 vero
735 2852 836 2892 jungi
860 2861 936 2892 pos—

192 2914 226 2936 se
243 2904 286 2944 τῷ
307 2911 364 2941 ego
387 2903 447 2931 aut
469 2897 525 2930 alii
547 2897 737 2939 pronomini
760 2896 801 2929 ab
824 2896 934 2935 initio,

974 191 1036 221 nisi
1066 189 1192 229 aliquid
1221 189 1439 229 praecesserit,
1469 190 1511 220 ad
1540 191 1627 230 quod
1658 201 1711 222 re·

971 234 1110 264 feratur.
1130 232 1273 263 Inservit
1291 233 1381 264 enim
1403 233 1464 264 hoc
1487 244 1560 265 vero
1576 244 1711 276 respon-

972 277 1133 309 sionibus.

1017 321 1237 358 Vei-runcare,
1261 325 1404 357 vertere,
1426 324 1466 351 ut
1487 330 1711 356 averruncare

970 372 1021 403 est
1045 369 1205 394 avertere.
1230 364 1304 394 Div.
1324 364 1345 394 i.
1358 366 1410 395 22.
1435 364 1506 395 haec
1530 366 1613 395 bene
1637 375 1710 395 ver-

969 412 1084 439 runeet
1108 407 1244 447 populo,
1260 406 1401 438 laudant
1426 409 1487 438 viri
1512 408 1599 439 docti
1627 408 1711 438 Gro-

972 462 1044 482 nOV.
1063 451 1103 481 ad
1123 451 1195 481 Liv.
1225 452 1311 481 xxix.
1330 453 1382 485 27.
1407 452 1461 490 qui
1480 452 1524 482 ibi
1541 452 1627 482 hanc
1642 451 1709 481 for-

974 505 1063 525 mam
1082 494 1237 532 loquendi
1254 494 1348 524 Livio
1365 495 1523 526 restituit.

1019 539 1168 568 Versare.
1193 537 1274 568 Coel.
1297 538 1328 568 6.
1351 548 1482 569 versare
1496 548 1592 569 suam
1611 540 1710 568 natu-

972 592 1043 612 ram
1058 593 1064 611 :
1090 582 1151 611 int.
1168 582 1202 611 in
1219 591 1335 611 omnes
1352 586 1474 622 partes,
1495 585 1595 622 prout
1611 591 1709 622 opus,

971 629 1010 656 ut
1026 630 1116 655 recte
1133 625 1260 654 maleve
1275 624 1389 655 facias.
1412 625 1505 658 Verr.
1531 626 1553 656 i.
1571 628 1623 656 51.
1639 634 1712 655 ver-

968 679 1043 699 sare
1057 679 1105 706 se,
1133 674 1185 698 est
1207 667 1352 698 hominis
1377 669 1487 706 anxie,
1515 669 1594 708 quid
1618 671 1711 708 agat,

971 713 1163 751 quaerentis.
1190 712 1247 742 Or.
1273 717 1303 745 9.
1331 721 1445 742 causas
1461 712 1710 749 versareinju-

970 756 1078 793 diciis,
1095 756 1134 785 de
1151 759 1295 792 oratore,
1313 755 1369 794 qui
1387 755 1475 784 vario
1497 759 1531 785 et
1547 755 1710 795 multipli-

970 801 1000 829 ci
1016 800 1214 839 copiosoque
1231 798 1363 829 dicendi
1380 808 1500 838 genere
1517 808 1614 838 agere
1632 808 1712 829 cau-

971 853 1024 873 sas
1045 846 1164 883 potest.
1210 842 1404 882 Opponitur
1420 842 1510 872 enim
1537 843 1710 880 historico,

971 887 1028 926 qui
1045 897 1096 917 res
1113 890 1222 925 gestas
1238 890 1366 923 narrat,
1394 895 1461 916 non
1478 890 1578 916 ornat
1600 890 1635 916 et
1651 895 1711 916 au-

972 936 1039 969 get.
1058 930 1147 960 unde
1159 934 1271 960 autem
1290 929 1335 959 sic
1348 930 1491 967 dicatur,
1507 930 1605 960 docet
1619 929 1712 960 locus

971 975 1028 1005 Or.
1048 977 1101 1004 40.
1124 984 1253 1004 versare
1269 983 1356 1013 stepe
1375 973 1489 1003 multis
1506 972 1611 1003 modis
1632 982 1711 1003 ean-

971 1018 1046 1048 dem
1063 1028 1145 1048 rem.
1168 1017 1232 1048 Sed
1248 1017 1318 1046 Fin.
1331 1017 1372 1047 iv.
1386 1019 1438 1047 20.
1456 1018 1555 1047 verba
1568 1026 1712 1054 versare,

971 1062 1095 1091 dicitur
1111 1061 1151 1091 de
1165 1071 1217 1098 eo,
1234 1061 1304 1099 qui,
1322 1070 1398 1090 cum
1417 1060 1568 1090 obtinere
1584 1060 1710 1100 aliquid

972 1115 1038 1135 non
1062 1109 1187 1144 potest,
1204 1106 1239 1135 in
1266 1104 1371 1134 verbis
1401 1104 1555 1142 quaedam
1586 1106 1708 1134 mutat.

969 1149 988 1167 ’ἢ
1004 1149 1156 1188 decipere
1188 1147 1269 1178 Lael.
1286 1148 1338 1178 26.
1362 1147 1460 1177 hodie
1488 1157 1541 1178 me
1567 1148 1709 1178 versaris

970 1198 1071 1232 atque
1094 1193 1211 1222 luseris
1226 1191 1424 1222 lautissime.
1448 1201 1478 1221 v.
1494 1191 1600 1222 Graev.
1619 1192 1661 1222 ad
1676 1191 1710 1222 h.

1016 1278 1162 1310 Versari.
1177 1278 1278 1309 Tusc.
1291 1279 1313 1309 i.
1328 1281 1381 1309 44.
1397 1277 1469 1309 haec
1485 1282 1660 1309 versantur
1674 1278 1711 1311 in

970 1333 1092 1354 errore.
1117 1322 1158 1353 ad
1172 1323 1247 1353 Div.
1265 1322 1333 1352 xiii.
1354 1325 1402 1353 10.
1427 1327 1580 1353 versatur
1595 1323 1630 1352 in
1647 1322 1710 1353 hoc

970 1368 1082 1397 studio
1099 1370 1214 1397 nostro
1230 1376 1308 1396 cum
1323 1365 1470 1405 ingenio.
1492 1366 1587 1397 Verr.
1606 1366 1640 1396 ii.
1655 1365 1710 1400 76.

971 1411 1096 1441 haerere
1123 1410 1237 1447 homo,
1264 1410 1405 1447 versari,
1430 1410 1570 1440 rubere:
1594 1409 1634 1439 de
1658 1419 1711 1447 eo,

972 1455 1028 1493 qui
1046 1455 1166 1492 nescit,
1184 1452 1263 1493 quid
1279 1457 1366 1493 agat.
1384 1453 1403 1471 ²*
1418 1453 1518 1483 Arch.
1534 1458 1565 1488 9.
1584 1452 1710 1489 bellum

972 1499 1007 1528 in
1026 1507 1148 1537 magna
1165 1498 1324 1528 varietate
1335 1501 1514 1528 versatum.

1019 1542 1214 1572 Versu-ulus.
1239 1540 1312 1571 Mil.
1338 1541 1391 1573 26.
1415 1540 1496 1580 Leg.
1513 1541 1548 1571 ii.
1568 1541 1599 1571 6.
1622 1549 1711 1571 unus

972 1587 1149 1616 versiculus
1178 1585 1336 1622 Senatus,
1366 1587 1418 1614 est
1450 1584 1509 1615 illa
1543 1584 1710 1615 formula:

971 1630 1109 1660 videant
1137 1628 1226 1659 Coss.
1252 1638 1294 1659 ne
1315 1628 1394 1668 quid
1411 1627 1609 1659 detrimenti
1624 1628 1715 1668 capi—

974 1677 1010 1703 at
1029 1682 1115 1712 resp.

1019 1717 1177 1753 Versum,
1195 1719 1245 1746 est
1259 1716 1383 1746 sumtio
1394 1715 1545 1756 pecuniae
1561 1719 1690 1746 mutuae
1703 1727 1712 1746 ε

972 1760 1062 1790 unde
1078 1760 1152 1790 duae
1169 1759 1284 1789 formae
1299 1759 1458 1799 loquendi
1472 1771 1481 1797 ;
1507 1769 1648 1798 quarum
1666 1759 1714 1790 al-

973 1807 1080 1834 teram
1098 1808 1134 1833 et
1149 1813 1240 1833 nunc
1254 1803 1391 1842 quidam
1406 1803 1492 1833 male
1502 1803 1713 1843 intelligunt.

975 1848 1087 1878 Prima
1109 1851 1161 1877 est
1184 1847 1265 1877 Coel.
1281 1851 1312 1881 7.
1338 1847 1434 1876 Font.
1454 1849 1480 1876 l.
1503 1846 1597 1877 Verr.
1609 1847 1643 1877 ii.
1659 1847 1713 1881 76.

974 1892 1081 1922 Flacc.
1103 1893 1156 1922 20.
1181 1900 1354 1921 versuram
1379 1890 1489 1920 facere
1515 1891 1557 1920 ab
1587 1890 1711 1931 aliqum

974 1945 1047 1974 quae
1064 1935 1232 1974 signifieat
1247 1933 1458 1975 simpliciter,
1475 1935 1654 1973 pecuniam
1671 1934 1712 1965 ab

973 1979 1085 2017 aliquo
1105 1988 1237 2009 sumere
1257 1984 1424 2008 mutuam.
1443 1978 1548 2008 altera
1566 1982 1618 2009 est
1640 1978 1714 2010 Att.

973 2033 1002 2053 v.
1024 2026 1050 2052 1.
1074 2032 1214 2052 versura
1229 2022 1320 2052 faeta
1335 2021 1472 2052 solvere.
1494 2022 1596 2053 Tusc.
1613 2022 1636 2052 i.
1659 2023 1714 2052 42.

975 2067 1046 2096 sine
1069 2076 1207 2096 versura
1234 2065 1430 2096 dissolvere:
1454 2065 1488 2096 h.
1506 2075 1534 2095 e.
1559 2064 1714 2098 debitum

975 2109 1100 2140 solvere
1118 2110 1177 2147 ita,
1194 2114 1233 2140 ut
1249 2110 1289 2139 ab
1306 2109 1370 2139 alio
1386 2119 1510 2140 sumas.
1526 2119 1556 2139 v.
1569 2108 1715 2140 Gronov.

978 2155 1117 2184 Seston-t.
1134 2163 1167 2193 p.
1181 2156 1255 2184 535.

1021 2197 1152 2227 Versus.
1178 2197 1251 2227 adv.
1279 2196 1320 2226 ad
1336 2196 1412 2228 Div.
1429 2197 1472 2227 iv.
1494 2198 1543 2227 12.
1567 2197 1602 2227 in
1619 2195 1716 2228 Itali-

975 2251 1028 2271 am
1055 2251 1173 2271 versus.
1204 2240 1286 2270 Lael.
1309 2241 1362 2271 25.
1396 2241 1432 2271 in
1460 2239 1570 2270 forum
1594 2249 1716 2272 versus.

975 2295 1005 2314 v.
1023 2284 1060 2315 C.
1078 2283 1225 2323 Langius
1242 2283 1286 2314 ad
1297 2283 1331 2314 h.
1348 2284 1370 2314 l.
1386 2287 1420 2314 et
1431 2283 1563 2314 Manut.
1581 2284 1623 2313 ad
1638 2284 1715 2314 Div.

975 2328 1042 2358 viii.
1065 2331 1113 2359 15.
1137 2328 1194 2358 sed
1210 2328 1322 2358 cautio
1339 2332 1390 2358 est
1406 2328 1440 2358 in
1457 2327 1520 2357 hac
1535 2327 1656 2365 forma,
1672 2337 1716 2358 ne

976 2382 1050 2402 eam
1068 2372 1107 2402 iis
1124 2371 1205 2402 locis
1221 2371 1454 2408 obtrudamu5‚
1469 2371 1526 2402 ubi
1539 2381 1651 2402 versus
1665 2375 1717 2402 est

976 2416 1204 2456 participium.
1227 2415 1267 2445 de
1296 2424 1362 2454 quo
1389 2425 1419 2445 v.
1437 2414 1567 2446 Duker.
1585 2414 1628 2445 ad
1643 2415 1716 2446 Liv.

977 2460 1110 2489 xxxviii.
1128 2462 1179 2490 51.

1022 2503 1150 2533 Versus.
1167 2512 1254 2543 pass.
1268 2502 1423 2533 Parnes.
1440 2511 1546 2542 genus
1558 2501 1718 2542 eloquen-

977 2546 1010 2577 di
1023 2556 1153 2577 versum
1169 2550 1204 2576 et
1222 2549 1402 2577 mutatum.
1415 2546 1437 2576 i.
1455 2556 1482 2575 e.
1499 2546 1587 2584 quod
1602 2556 1622 2576 a
1637 2546 1729 2578 sim-s

981 2590 1059 2631 plici
1076 2590 1205 2620 ratione
1224 2589 1360 2620 recedit.

1023 2634 1150 2665 Versus.
1164 2634 1267 2664 subst.
1284 2643 1344 2673 pro
1361 2633 1522 2663 membro.
1535 2631 1634 2673 κώλῳ.
1658 2633 1717 2665 Or.

978 2677 1030 2708 66.
1054 2688 1092 2707 ex
1109 2678 1237 2708 duobus
1253 2678 1405 2708 versibus.

1023 2720 1181 2751 Versums
1203 2721 1276 2760 quis
1307 2720 1463 2751 dicatur?
1490 2719 1570 2751 Nat.
1596 2720 1640 2752 D.
1668 2720 1718 2752 iii.

982 2767 1032 2795 10.
1057 2765 1099 2794 cf.
1118 2765 1187 2795 Fin.
1202 2765 1236 2794 ii.
1257 2768 1305 2799 17.
1323 2765 1369 2795 iii.
1390 2767 1418 2794 l.

1025 2808 1140 2845 Verus,
1160 2817 1287 2848 aequus.
1311 2807 1428 2847 Quint.
1449 2810 1498 2839 15.
1516 2808 1631 2838 verum
1653 2807 1720 2839 fuit

977 2852 1169 2893 postulare?
1195 2851 1238 2882 cf.
1256 2851 1337 2891 Leg.
1355 2852 1389 2882 ii.
1414 2854 1444 2883 5.
1461 2855 1493 2886 7.
1510 2851 1570 2882 &c.

1024 2895 1272 2935 Verumtamen,
1298 2895 1472 2936 eleganter
1496 2899 1572 2937 post
1598 2904 1718 2936 paren-
