1920 3196
672 111 818 141 INDEX
850 110 1146 140 LATINITATIS.

185 203 330 238 Nutrix,
356 200 396 231 de
420 209 618 239 quacunque
645 209 692 237 re,
717 209 791 238 qua·
815 209 875 228 mc-

142 249 203 278 erit
225 252 259 276 et
281 245 340 275 alit
363 244 526 274 homines.
558 243 650 273 Vei-r.
676 244 709 273 ii.
734 246 764 274 ΞΖ.
796 243 877 272 Sici-

141 290 186 321 lia
207 289 323 319 mterix
347 287 461 328 populi
485 288 523 317 R.
555 287 598 317 cf.
615 286 812 325 wesseling.
837 286 875 316 V.

142 334 180 364 C.
197 333 276 363 Obs.
291 332 323 361 ii.
346 334 392 365 17.

185 377 313 412 Natus,
344 375 486 414 gravitas
517 383 706 413 corporum,
734 373 875 413 pondus,

139 419 220 450 alias
244 419 348 456 nisus,
374 419 481 448 nixus.
513 418 569 447 Or.
589 418 634 447 iii.
658 420 710 448 45.
741 421 876 446 tenetur

138 467 223 493 nutu
246 472 305 492 suo
328 468 427 491 terra.
459 461 500 491 cf.
527 461 597 490 Fin.
623 461 643 490 i.
659 461 688 490 6.
722 460 764 490 N.
784 461 825 490 D.
841 461 873 490 ii.

138 510 192 541 39.
222 511 312 536 terra
327 506 460 536 nutibus
475 505 542 535 suis
559 503 767 543 conglobata.

481 592 521 622 Ο.

183 679 241 717 Ob,
267 679 318 709 ad.
352 679 391 709 de
423 679 520 711 UniV.
552 681 600 708 14.
631 679 666 708 ob
688 687 725 707 os
747 677 871 707 offusus

135 725 232 761 ignis.
265 724 305 753 ad
322 724 397 753 Div.
416 724 458 753 ix.
477 724 529 754 ⁶26.
561 723 654 759 euius
672 722 708 750 ab
730 732 764 750 os
781 722 871 751 Graii

135 778 193 798 ora
209 768 437 797 obvertebant.
465 767 503 796 de
521 777 586 805 qna
600 766 708 795 forma
723 765 786 794 vid.
804 765 871 795 Da-

134 812 193 841 vis.
221 811 262 841 ad
285 811 385 841 Tusc.
415 811 458 840 iii.
486 813 534 841 13.
565 810 680 840 Burni.
708 809 748 838 ad
774 808 869 838 Ovid.

136 856 217 885 Met.
236 856 303 885 viii.
324 858 392 886 115.
420 861 454 885 et
471 854 586 884 Heins.
602 853 644 883 ad
659 852 775 892 virgil.
793 852 867 882 AEn.

135 899 190 929 xii.
207 899 280 929 865.

184 942 357 979 Obducere,
372 943 508 981 insuper
526 941 654 971 addere.
686 940 786 970 Attie.
804 939 867 969 xvi.

133 987 163 1016 6.
196 987 299 1025 igitur
315 986 355 1015 ad
377 986 496 1015 sicam.
515 985 558 1014 ibi
581 990 752 1022 tamqnam
778 983 866 1012 domi

133 1039 216 1059 meae
242 1029 381 1060 seilicet.
420 1030 531 1067 itaque
557 1029 673 1058 obsim-i
697 1031 865 1066 posterum

132 1073 232 1103 diem.
264 1084 293 1103 ν.
311 1073 452 1103 Gronov.
468 1073 508 1102 ad
531 1073 690 1101 Senecam
707 1071 746 1100 (le
760 1071 866 1101 Tran-

130 1127 187 1156 qu.
204 1127 257 1146 an.
274 1128 302 1147 c.
319 1121 349 1147 3.
372 1126 552 1156 opponere,
569 1115 791 1144 adversarium
809 1114 865 1144 ad—

130 1161 262 1190 ducere.
298 1161 369 1190 Att.
398 1161 418 1190 i.
448 1163 474 1189 l.
515 1159 596 1189 mihi
623 1158 774 1188 videatur
799 1168 864 1187 non

130 1214 201 1234 esse
237 1202 385 1240 fibram»,
415 1204 554 1233 Curium
592 1203 754 1232 obducere.
800 1202 864 1232 vid.

131 1248 237 1277 Graev.
269 1251 287 1268 ἥ
303 1248 411 1277 bibere
435 1247 541 1276 avide.
569 1246 668 1277 Tuse.
690 1247 711 1276 i.
728 1249 780 1276 40.
811 1256 865 1276 ve-

130 1301 256 1321 ncnum
290 1295 326 1320 ut
349 1292 477 1327 sitiens,
499 1291 639 1320 obdunt.
684 1290 737 1319 Sic
761 1290 863 1319 etiam

128 1335 251 1374 accipit
274 1335 307 1364 in
331 1334 403 1364 aliis
427 1334 520 1371 locis,
541 1336 644 1364 (certe
669 1334 865 1373 metaphora

128 1377 207 1408 hinc
232 1377 344 1416 ducta)
370 1378 536 1408 Victorius
560 1378 635 1408 Var.
656 1377 749 1407 Lect.
764 1388 814 1407 xv.
832 1381 862 1412 7.

126 1422 170 1452 cf.
189 1422 332 1461 interpr.
349 1422 389 1451 ad
405 1422 538 1452 Petron.
555 1432 583 1451 c.
600 1423 664 1452 4²2..

177 1465 339 1496 Obductio.
382 1466 492 1495 Rabir.
526 1465 619 1495 Perd.
652 1468 681 1495 5.
720 1465 863 1495 obductio

127 1510 256 1549 capitis.
302 1509 453 1548 Plerique
470 1519 509 1539 ex
533 1508 768 1538 emendatione
786 1510 862 1539 Mu-

126 1554 188 1583 reti
217 1553 348 1583 malunt
374 1553 547 1592 obnupti'o.
592 1552 656 1582 Sed
682 1552 860 1583 lectionem

126 1598 277 1627 omnium
296 1597 398 1627 Codd.
417 1596 565 1626 defendit
582 1597 756 1626 Gruterus.
794 1598 861 1628 Ne-

126 1651 191 1679 que
215 1640 321 1678 video,
348 1651 448 1680 quare
476 1641 617 1671 obductio
641 1640 860 1680 improbetur,

126 1695 202 1714 cum
219 1685 371 1714 obducere
386 1686 430 1714 sit
440 1685 579 1724 operire,
592 1684 755 1722 obductus,
767 1694 861 1724 oper-

126 1734 195 1765 tus,
211 1732 249 1757 ut
264 1738 378 1757 omnes
395 1729 517 1759 sciunt.

174 1771 354 1808 Obclm'are,
372 1772 504 1810 durare,
528 1771 684 1812 perferre.
715 1772 786 1802 Att.
803 1773 858 1802 xii.

127 1818 159 1845 3.
193 1825 293 1855 quare
308 1816 484 1845 obduretur
503 1815 564 1845 hoc
588 1815 750 1845 triduum.
783 1816 860 1845 *ob-

124 1859 304 1890 durescere.
334 1859 404 1889 Fin.
423 1860 469 1889 iii.
490 1862 538 1889 11.
565 1860 638 1898 quis
656 1867 773 1889 contra
789 1865 859 1889 stu-

123 1901 179 1932 dia
195 1908 323 1933 naturae
339 1908 408 1933 tam
426 1903 642 1933 vehementer
658 1904 828 1934 obduravit
842 1905 858 1934 ?

171 1946 368 1986 Olgfundere.
393 1957 422 1976 ν.
437 1944 617 1986 offundere.

170 1989 323 2030 objicere.
352 1990 434 2030 Leg.
452 1991 485 2021 ii.
504 1993 552 2024 19.
580 1991 697 2020 erroris
714 1988 858 2031 objicien-

119 2033 155 2063 di
181 2043 291 2064 causa.
322 2033 446 2064 Caecin.
470 2036 522 2065 ⁶25.
556 2044 701 2064 errorem
727 2033 859 2075 objicere

114 2077 234 2117 judici.
280 2077 317 2107 In
345 2078 463 2116 quibus
486 2078 553 2107 sere
580 2078 666 2107 idem
695 2082 744 2108 est
770 2079 857 2117 quod

122 2121 276 2160 injicere:
302 2121 389 2160 quod
404 2121 558 2152 similiter
574 2121 707 2152 dicitur.
742 2122 856 2152 Simile

121 2171 157 2194 et
173 2163 234 2194 hoc
253 2164 352 2195 Tusc.
370 2166 403 2195 ii.
421 2168 450 2195 3.
482 2164 630 2206 objicitur
653 2171 762 2196 metus
786 2168 856 2197 ani-

118 2217 187 2238 mo.
234 2208 385 2247 Itemque
406 2209 485 2247 visa,
501 2210 626 2249 species
642 2207 732 2249 objici
749 2210 856 2240 homi-

118 2251 216 2281 nibus
254 2253 412 2282 dicuntur
449 2254 483 2282 in
519 2253 726 2283 Academicis
756 2264 854 2294 saepe.

120 2297 140 2317 ²*
151 2295 248 2325 Areh.
264 2298 294 2326 ὅ.
317 2294 492 2335 objecissem
511 2307 563 2326 me
580 2297 613 2327 in
629 2302 742 2327 tantas
758 2298 855 2328 dimi-

117 2340 279 2370 cationes.
317 2340 450 2370 Cluent.
480 2344 534 2371 41.
575 2350 660 2379 nego
687 2351 756 2373 rem
784 2352 854 2371 esse

118 2382 221 2412 ullam
241 2384 274 2413 in
299 2393 498 2423 quemquam
523 2382 688 2425 objectam,
706 2395 780 2424 quae
804 2385 855 2415 Pi-

117 2425 272 2456 diculano
287 2426 405 2468 σωρεία
422 2438 486 2458 non
506 2429 558 2458 sit.
589 2428 608 2446 ²*
621 2438 696 2457 eum
714 2439 853 2469 praepos.

116 2469 167 2499 de.
201 2470 241 2499 ad
258 2471 333 2501 Div.
350 2473 392 2502 xi.
411 2475 441 2503 3.
470 2472 509 2501 de
526 2477 634 2502 morte
651 2472 789 2502 Caesaris
803 2474 852 2504 ob-

105 2511 237 2553 jiceres.
262 2514 280 2532 ¹*
292 2514 381 2546 Mur.
399 2518 450 2546 38.
473 2521 609 2555 sperant
623 2516 685 2546 sibi
702 2516 850 2547 Silanum

116 2555 206 2597 objici
237 2567 344 2597 posse,
368 2559 389 2589 i.
413 2569 442 2589 e.
468 2560 502 2589 in
531 2569 625 2589 suam
650 2564 851 2599 potestatem

116 2607 308 2637 venturum,
333 2608 371 2632 ut
394 2612 471 2632 eum
497 2603 613 2633 tollere
640 2605 776 2643 possint.
808 2605 850 2635 cf.

114 2653 143 2673 c.
169 2647 221 2674 40.
252 2644 324 2675 Mil.
346 2649 392 2677 14.
423 2646 563 2676 ductum
587 2651 638 2676 est
661 2647 701 2677 ab
726 2648 777 2685 iis,
794 2650 850 2687 qui

114 2697 191 2716 cum
223 2688 300 2719 feris
336 2689 450 2719 bestiis
489 2699 637 2730 pugnare
671 2697 848 2730 coguntur.

113 2730 183 2761 *ad
199 2732 276 2762 Div.
294 2734 335 2762 vi.
348 2736 380 2764 4.
404 2733 445 2763 ad
461 2743 576 2763 omnes
591 2744 685 2764 casus
702 2733 850 2776 objectum,

111 2773 134 2804 i.
148 2783 176 2803 e.
195 2775 368 2813 obnoxius,
385 2778 565 2816 expositus.

161 2817 317 2856 Obiratio,
334 2821 392 2851 ira.
421 2821 494 2851 Att.
510 2822 551 2851 vi.
569 2824 600 2852 3.
630 2821 712 2852 abiit
734 2822 849 2852 iratus.

110 2859 209 2899 hujus
227 2863 400 2896 nebulonis
416 2865 588 2897 obiruez'cme
602 2865 766 2897 sissrutus
777 2875 850 2899 mo-

109 2904 175 2936 veri
191 2910 312 2948 potest.
330 2908 391 2941 &m

1579 104 1666 147 369

968 198 1125 236 Othlere,
1150 199 1370 238 comprimere
1398 205 1502 238 arete,
1527 200 1662 233 elidere.

918 241 958 272 fr.
985 244 1096 272 scaur.
1128 242 1240 282 gulam
1281 243 1394 282 digitis
1420 245 1566 274 oblidere.
1596 246 1660 277 vid.

918 286 957 315 de
982 285 1043 314 hoc
1068 286 1165 316 verbo
1187 286 1305 317 Heins.
1325 288 1365 317 :111
1383 288 1479 317 Oxid.
1497 288 1579 318 Met.
1596 290 1662 322 xiv.

917 331 991 359 ⁶203.

964 372 1128 410 Obligare.
1156 374 1287 413 proprie
1319 383 1388 403 esse
1422 379 1553 404 comtat
1585 375 1659 406 vin-

917 416 996 452 cire,
1021 416 1197 453 devincire,
1215 421 1253 446 ut
1274 416 1374 446 Tusc.
1394 417 1427 447 ii.
1453 418 1500 447 16.
1523 418 1562 447 de
1588 419 1657 449 iul-

916 469 1013 489 nere:
1052 470 1071 489 a
1102 461 1230 490 medico
1258 461 1405 499 obligari.
1453 460 1517 491 Sed
1548 467 1656 492 nieta-

916 503 1048 541 phorima
1072 505 1209 541 obligari
1233 503 1393 533 ‹lit-untur
1407 505 1441 534 in
1460 505 1654 537 unire-suni

915 556 1043 584 omncs,
1058 548 1176 586 quibus
1192 557 1390 586 (piac-unque
1408 558 1509 578 causa
1523 552 1555 578 et
1572 560 1654 587 quo-

915 600 1054 629 eunque.
1078 591 1176 620 modo
1208 592 1386 620 necessitas
1417 594 1467 620 est
1498 592 1653 632 imposita

914 633 1053 673 alicujus
1070 635 1113 663 rei
1131 634 1304 671 faeiendzr,
1317 635 1527 674 praestanda‘,
1544 636 1654 667 seren-

914 677 976 714 da‘,
993 677 1171 716 patimdre.
1213 680 1319 707 ‘causa
1336 684 1370 708 et
1386 679 1483 715 ratini,
1502 689 1575 717 quae
1592 690 1652 710 ne—

913 722 1104 751 cessitatem
1126 722 1280 762 imponit,
1298 732 1363 760 qua
1374 723 1547 761 tamquam
1565 724 1650 754 obli-

912 774 1031 803 gamur
1046 770 1079 795 et
1096 764 1273 803 alligamur
1293 776 1334 806 ''0'-
1351 765 1500 804 alligare)
1522 767 1651 798 dicitur

913 807 989 838 hinc
1020 808 1201 839 vinculum.
1243 810 1286 849 (v.
1317 809 1515 847 vinculum.)
1557 810 1648 841 Hinc

915 855 941 881 1.
974 853 1115 891 obligari
1140 852 1263 882 scelere
1290 852 1460 890 dicuntur,
1490 854 1588 884 Dom.
1617 859 1649 887 8,

911 900 945 925 et
976 896 1087 935 legum
1118 897 1223 936 poenis
1257 898 1407 935 obligari,
1440 897 1508 927 Fin.
1540 898 1560 928 i.
1597 901 1647 931 14.

910 940 964 978 qui
984 941 1015 969 in
1042 941 1274 970 necessitatem
1300 941 1454 970 incidunt
1477 951 1582 981 poenae
1599 942 1649 972 fe-

909 983 1032 1020 rendae,
1050 985 1105 1023 qui
1123 985 1155 1014 in
1172 993 1284 1023 poenas
1301 984 1452 1013 incidunt
1467 985 1647 1017 sceleribus

909 1032 964 1056 aut
989 1028 1055 1057 suis
1082 1035 1139 1057 aut
1163 1028 1290 1058 alienis,
1319 1030 1349 1058 ΞΖ.
1366 1029 1565 1067 obligantur,
1590 1031 1647 1068 qui

900 1071 1118 1109 jurejurando
1130 1072 1191 1101 sibi
1202 1072 1430 1101 necessitatem
1445 1072 1585 1109 alicujus
1598 1074 1646 1104 rei

906 1113 1066 1145 faeiendae
1084 1116 1273 1155 imponunt.
1302 1116 1366 1145 Off.
1384 1116 1404 1146 i.
1424 1119 1472 1146 11.
1502 1115 1593 1146 verr.
1611 1118 1646 1148 ii.

907 1160 958 1191 7²2.
984 1159 1076 1189 Balb.
1093 1162 1140 1190 15.
1165 1163 1195 1189 3.
1213 1159 1295 1189 item
1311 1160 1493 1199 promissis,
1510 1160 1643 1193 foedere.

906 1201 999 1232 Balb.
1025 1202 1046 1232 l.
1071 1214 1098 1232 c.
1120 1203 1263 1242 populus
1288 1213 1321 1232 se
1340 1204 1493 1242 obligavi!
1511 1204 1646 1236 foedere.

907 1245 990 1275 Phil.
1006 1256 1036 1276 v.
1054 1249 1101 1277 18.
1126 1246 1231 1277 audeo
1247 1247 1388 1285 obligare
1404 1247 1503 1276 fidem
1521 1257 1644 1280 meam.

905 1291 936 1319 4.
955 1289 1034 1319 item
1059 1290 1251 1330 spondendo
1274 1301 1331 1330 pro
1357 1291 1480 1329 aliquo,
1497 1292 1643 1322 cavendo

905 1333 1049 1372 praediis,
1066 1344 1138 1373 quae
1163 1338 1197 1363 et
1221 1334 1292 1374 ipsa
1312 1335 1449 1373 obligari
1474 1334 1644 1367 (licuntur.

904 1377 982 1415 Agr.
999 1378 1044 1407 iii.
1062 1380 1092 1408 2.
1125 1377 1165 1407 ad
1189 1378 1264 1407 Div.
1285 1388 1314 1407 v.
1331 1380 1382 1409 520.
1413 1378 1453 1408 ad
1477 1378 1573 1408 Brut.
1595 1382 1645 1411 18.

906 1420 1028 1450 Caecin.
1041 1425 1071 1451 3.
1097 1424 1126 1452 5.
1141 1422 1240 1451 Porro
1253 1422 1308 1460 qui
1326 1423 1494 1462 mancipio
1507 1427 1541 1451 et
1555 1432 1644 1453 nexu

904 1464 965 1493 sibi
990 1465 1222 1505 imposuerunt
1247 1466 1480 1496 necessitatem
1502 1467 1642 1506 periculi

899 1508 1103 1547 judiciorum
1126 1509 1326 1549 (evictionis)
1345 1509 1537 1549 praestandi.
1567 1510 1646 1540 Mu-

904 1554 1011 1582 ren.Q.
1029 1552 1145 1592 Τυρίυ,
1163 1556 1211 1582 10.
1236 1554 1265 1584 6.
1277 1553 1347 1591 qui,
1362 1553 1531 1583 beneficiis
1547 1564 1642 1583 acee-

902 1597 981 1635 ptis,
990 1606 1122 1626 neeesse
1130 1596 1346 1633 habent,a1iis
1355 1598 1496 1635 gratiam
1507 1597 1641 1636 referre,

901 1641 1073 1669 occasione
1097 1640 1188 1677 data,
1204 1640 1292 1670 unde
1317 1645 1351 1670 et
1367 1641 1401 1670 in
1426 1650 1490 1670 a¹re
1505 1640 1641 1673 alterius

901 1692 984 1719 esse,
1002 1684 1031 1712 ei
1049 1684 1167 1713 debere
1191 1684 1359 1714 dicuntur.
1378 1684 1418 1713 ad
1434 1685 1508 1715 Div.
1526 1685 1567 1714 vi.
1590 1688 1638 1716 11.

902 1727 967 1757 viii.
991 1730 1037 1758 1⁶2.
1071 1738 1101 1758 x.
1125 1731 1155 1758 8.
1180 1728 1221 1758 xi.
1253 1728 1300 1758 16.
1317 1728 1375 1757 &c.
1415 1731 1445 1761 7.
1469 1737 1534 1765 reS‚
1563 1739 1638 1767 quae

901 1770 973 1801 Deo
1005 1771 1105 1801 alicui
1130 1778 1323 1801 consecrata
1346 1774 1434 1801 sunt.
1468 1771 1639 1803 D0n1.40.

900 1815 988 1845 unde
1005 1819 1135 1852 contra,
1147 1825 1220 1854 quae
1239 1815 1404 1856 profanae
1421 1815 1521 1845 sacris
1538 1816 1638 1855 fiunt,

901 1857 1031 1888 liberari
1055 1859 1225 1889 dicuntur.
1260 1860 1302 1899 (v,
1326 1858 1491 1897 liberare.)
1524 1861 1554 1889 3.
1578 1859 1641 1892 Est

899 1902 999 1932 etiam
1033 1913 1091 1943 pro
1122 1902 1287 1942 impediri.
1320 1903 1395 1933 Act.
1427 1903 1449 1931 i.
1480 1902 1574 1934 verr.
1605 1908 1640 1937 9.

900 1946 987 1984 quod
1011 1956 1065 1976 eos
1090 1946 1278 1985 intelligere
1304 1945 1469 1982 videbam,
1488 1956 1548 1976 >me
1576 1946 1638 1978 hoe

892 1990 1021 2028 judicio
1051 1990 1241 2020 districtum
1273 1996 1308 2020 et
1337 1991 1516 2028 obligatum
1544 1990 1640 2021 futu-

900 2043 986 2064 rum.
1012 2033 1054 2063 cf.
1073 2033 1115 2064 ad
1130 2036 1201 2064 Att.
1219 2035 1285 2064 viii.
1309 2034 1356 2064 16.

946 2078 1120 2117 obligatio,
1141 2078 1293 2108 Ciceroni
1317 2077 1467 2107 effbonis
1491 2078 1638 2108 auetori-

898 2121 958 2151 bus
983 2131 1115 2161 semper
1140 2122 1250 2151 active
1284 2121 1419 2157 dicitur,
1451 2130 1639 2160 nunquam,

899 2170 936 2195 ut
959 2165 1056 2195 hodie
1079 2164 1173 2195 JCtis
1197 2170 1232 2195 et
1255 2164 1471 2205 philosophis,
1496 2166 1636 2204 passive.

897 2209 938 2239 ad
966 2209 1060 2239 Brut.
1093 2211 1141 2239 18.
1174 2210 1304 2248 gravior
1330 2212 1379 2238 est
1405 2218 1443 2238 ae
1472 2208 1638 2239 difficilior

897 2253 999 2283 animi
1032 2263 1070 2282 ae
1100 2253 1276 2283 sententiae
1306 2262 1365 2292 pro
1392 2251 1509 2289 altero,
1534 2262 1635 2291 quam

896 2297 1046 2337 pecuniae
1063 2297 1231 2334 obligatum
1257 2297 1278 2326 i.
1299 2307 1328 2326 e.
1345 2296 1529 2336 promissio.

943 2340 1101 2377 Oblinere,
1127 2341 1312 2378 inquinare.
1340 2339 1437 2370 Brut.
1457 2342 1505 2369 13.
1539 2342 1577 2369 ut
1600 2349 1634 2371 se

895 2383 1086 2422 eloquentia
1101 2384 1247 2413 externis
1264 2385 1414 2414 oblineret
1431 2383 1588 2414 moribus.

944 2428 1079 2463 Oblitus,
1098 2432 1287 2466 corruptus,
1303 2427 1457 2457 foedatus.
1482 2427 1574 2457 Verr.
1587 2427 1636 2459 iii.

893 2474 925 2502 4.
955 2473 1053 2502 ablica
1069 2476 1148 2501 sunt
1164 2471 1278 2500 omnia
1293 2470 1438 2501 stultitia
1461 2474 1560 2509 atque
1581 2470 1634 2500 in-

894 2515 1116 2546 humanitate.
1148 2513 1232 2544 Phil.
1249 2515 1313 2544 xiv.
1331 2517 1362 2545 3.
1391 2515 1488 2544 oblita
1508 2514 1578 2544 vita
1593 2513 1634 2543 li·

894 2559 1016 2589 bidine.
1048 2558 1125 2588 ibid.
1152 2558 1195 2588 xi.
1226 2560 1275 2589 12.
1305 2557 1482 2598 parricidio
1505 2558 1631 2589 oblitus.

893 2603 934 2632 ad
953 2604 1076 2633 Hercn.
1089 2603 1129 2631 iv.
1147 2605 1195 2632 11.
1220 2602 1246 2631 si
1259 2602 1491 2631 exornationes
1504 2601 1629 2632 erebra}

893 2646 1159 2682 collocabuntur,
1185 2645 1315 2676 oblitam
1341 2644 1483 2674 reddent
1508 2645 1632 2674 oratio-

892 2700 981 2720 nem.
1011 2690 1073 2719 *in
1089 2689 1175 2718 bono
1199 2698 1298 2719 sensu
1321 2696 1372 2718 est
1394 2693 1509 2718 tamen
1525 2688 1629 2719 etiam

892 2735 931 2764 ad
953 2734 1027 2764 Div.
1045 2734 1087 2762 ix.
1109 2735 1155 2763 15.
1187 2732 1328 2762 mirifice
1351 2732 1465 2771 capior
1485 2731 1630 2769 facetiis,

891 2778 1076 2819 praesertim
1091 2785 1167 2806 cum
1185 2785 1240 2805 eas
1254 2775 1383 2806 videam
1396 2775 1508 2815 oblitas
1520 2774 1630 2806 Latio.

939 2820 1171 2851 obmutescere.
1193 2818 1294 2849 Tusc.
1312 2819 1346 2849 ii.
1361 2820 1414 2849 21.
1438 2819 1571 2848 videsne
1587 2825 1629 2849 ut

890 2865 1086 2897 obmutuerit
1103 2872 1169 2893 non
1185 2862 1320 2893 sedatus
1335 2863 1493 2904 eorporis,
1505 2861 1564 2894 sed
1575 2871 1630 2894 ca·-

891 2910 1034 2947 stigatus
1050 2907 1155 2939 animi
1169 2905 1287 2939 dolor?

930 2960 949 2984 ο
965 2951 986 2982 b
