1920 3196
651 115 797 146 INDEX
829 115 963 144 LATIN
971 117 1126 145 [TA'rls.

133 207 211 239 dam
229 205 356 248 agenda
371 206 636 241 constituuntur,
653 204 742 235 unde
765 204 803 234 fit
820 204 870 234 in·

134 252 248 291 signis.
295 249 364 280 Fin.
394 250 426 279 ii.
459 253 510 279 31.
552 249 592 278 de
624 249 782 288 Epicuro,
814 248 869 286 qui

135 295 222 326 diem
240 304 337 324 suuni
357 292 502 323 natalem
528 292 684 322 celebrari
703 292 868 331 jusserat:

135 338 221 377 quod
238 339 264 367 si
282 338 350 366 dies
367 336 525 366 notandus
541 336 604 365 fuit
623 336 681 365 &ca
714 336 870 364 *ornare.

136 382 192 411 Or.
210 382 254 411 iii.
270 384 322 411 453.
353 388 525 418 tamquam
543 379 647 409 stellis
665 383 778 409 notare
800 389 871 408 ora-

135 426 273 455 tionem.
304 423 586 463 ¹‘reprchcndcre,
604 421 810 452 contumelia
826 422 873 451 af-

136 469 245 498 ficere.
277 467 360 496 Phil.
386 467 450 496 xiv.
469 470 497 497 8.
530 476 598 495 rem
624 466 729 495 verbis
754 467 872 495 natavi.

137 511 254 542 Milon.
280 511 310 541 6.
340 512 448 540 volavi
471 520 552 540 rein.
586 509 676 540 Verr.
701 520 727 539 v.
746 511 797 539 68.
828 509 874 538 sie

135 559 258 585 notatos
283 554 464 583 ambulare.
497 553 703 583 (tinent-12.
732 552 771 582 de
796 562 874 581 cen-

135 599 222 628 soria
233 598 427 637 ignominia.
445 596 509 626 vid.
524 602 614 626 nota.
631 597 748 625 *Sext
763 597 813 626 61.
827 596 876 625 vir

138 643 177 679 is,
191 642 245 680 qui
264 642 446 680 tripartitas
463 641 549 670 orbis
561 646 725 670 terrarum
741 649 813 669 oras
827 643 875 669 at-

138 695 201 725 quc
219 685 370 723 regiones
382 685 488 713 tribus
505 684 684 723 triumphis
702 683 875 720 adiunctas

137 729 216 759 huic
233 729 372 767 imperio
388 730 520 757 notavit.
567 727 740 757 Abrainius
757 727 875 766 respici

138 772 179 802 ad
192 778 318 811 tropaea
342 778 450 811 putat.
498 771 561 801 Sed
583 771 726 800 Romani
750 778 877 810 tropaea

139 825 205 846 non
231 816 409 855 ponebant.
457 814 553 844 Forte
577 821 644 844 est:
676 815 875 854 peragravit,

138 866 176 890 ut
193 860 226 889 in
244 859 300 889 Or.
320 869 378 898 pro
395 858 441 888 M.
456 857 604 888 Marcell.
630 860 658 887 Εἰ.
678 868 738 887 nec
752 858 877 895 disjun-

138 904 303 933 ctissimas
322 908 424 932 terras
442 902 540 931 citius
557 902 754 940 cujusquam
774 902 876 941 passi-

141 947 201 976 bus
218 946 365 986 potuisse
389 946 569 985 peragrari,
588 956 686 984 quain
711 945 790 981 tuis,
810 954 875 974 non

140 990 248 1020 dicam
273 990 435 1026 cursibus,
459 989 516 1019 setl
542 989 702 1025 victoriis,
727 988 877 1018 lustratae

141 1038 231 1063 nunt.
279 1033 395 1063 Horat.
413 1034 483 1063 Art.
502 1033 591 1063 Poet.
615 1035 683 1063 153¹.
709 1042 803 1071 puer,
821 1032 878 1071 qui

137 1077 209 1116 jam
227 1077 309 1116 pede
327 1082 418 1106 certo
436 1078 546 1115 signat
562 1075 716 1106 humum.

187 1120 553 1160 Notatiffietymologia.
569 1120 725 1159 Topic.8.
741 1119 877 1148 *anim-

142 1164 302 1194 adversio.
334 1164 527 1193 observatio.
567 1164 660 1193 Orat.
692 1166 744 1193 55.
786 1168 877 1192 nom-

143 1210 185 1238 tio
200 1213 341 1237 naturae.
374 1207 576 1237 *distinctio
601 1217 660 1246 per
683 1211 772 1236 notas
794 1212 880 1236 tem—

141 1251 439 1291 porum,'coloru1n
457 1251 516 1281 ἂρ.
540 1251 636 1281 Brut.
658 1253 706 1284 19.
733 1249 881 1280 delector

143 1296 208 1325 ista
223 1295 313 1333 quasi
330 1296 488 1324 notatione
511 1299 713 1334 temporum.
746 1294 880 1324 Cluent.

166 1342 196 1372 7.
226 1339 347 1367 notulio
368 1337 560 1368 tabularum
588 1340 658 1377 (fnp.
676 1348 751 1367 cera
775 1337 879 1367 diver—

143 1381 309 1419 sicolore.)
351 1381 436 1411 Phil.
462 1392 491 1411 v,
517 1385 546 1412 5.
585 1384 704 1411 molatio
725 1381 881 1421 judicum

144 1425 258 1456 haberi
281 1424 384 1455 solet:
420 1425 440 1454 i.
456 1435 484 1455 e.
509 1430 599 1462 certa
615 1430 693 1455 sunt
718 1425 825 1464 signa,
843 1435 882 1455 ex

144 1469 277 1508 quibus,
295 1469 400 1499 bonus
419 1468 522 1503 >iudei(
541 1469 595 1508 qui
622 1479 691 1498 esse
714 1469 832 1508 possit,
849 1479 883 1498 a-

145 1513 257 1552 gnosci
276 1517 309 1542 et
326 1522 346 1541 a
362 1512 456 1542 malis
473 1512 635 1551 distingui
652 1518 773 1552 potest.
797 1513 883 1552 *pro

144 1556 388 1595 subscriptione
403 1560 552 1586 notarum
575 1557 799 1586 censoriarum
812 1555 883 1586 lau-

146 1600 228 1630 dant
242 1600 337 1630 offic.
355 1600 401 1629 iii.
418 1602 470 1630 31.
496 1605 530 1629 et
548 1599 795 1629 Cluentianam.
827 1600 884 1629 sed

145 1643 299 1674 meliores
323 1643 397 1673 edd.
422 1643 547 1673 habent
572 1643 675 1673 notin.
714 1643 755 1673 cf.
781 1643 883 1673 Gron.

147 1686 189 1718 ad
202 1687 273 1718 Liv.
290 1687 387 1716 xxvii.
405 1689 458 1717 ⁶25.
489 1686 708 1726 ¹¹⁵descriptio.
734 1687 884 1718 Herenn.

148 1732 188 1762 iv.
207 1734 258 1761 50.
289 1731 408 1760 notatio
423 1737 487 1767 est,
504 1741 582 1760 cum
607 1730 747 1769 alicujus
765 1734 886 1765 natura

147 1775 247 1804 certis
262 1773 461 1804 describitur
476 1774 590 1813 signis.
625 1773 683 1804 Est
700 1774 884 1812 character,

142 1817 260 1857 ‘quales
275 1817 528 1857 Theophrastus
546 1818 689 1857 scripsit.

192 1861 300 1897 Notio,
317 1862 518 1900 significatio
541 1862 641 1891 verbi.
669 1860 770 1891 Tusc.
786 1872 816 1892 V.
837 1865 886 1893 10.

149 1904 242 1935 nulla
256 1905 322 1934 alia
337 1905 414 1934 huic
432 1906 529 1934 verbo
552 1905 703 1943 subjecta
718 1907 802 1936 notio
825 1911 886 1936 est.

146 1948 344 1990 *nemausam
364 1949 484 1978 notitia
501 1949 611 1978 insita.
644 1949 727 1988 Top.
747 1952 776 1979 5.
805 1951 887 1980 notio

148 1998 200 2022 est
215 1993 375 2031 impressa
391 1998 425 2022 et
448 1993 608 2031 insignita
632 1993 678 2022 rei
701 1992 888 2023 conforma-

148 2036 209 2066 tio.
240 2035 320 2065 Nat.
359 2036 402 2065 D.
429 2036 449 2065 i.
478 2038 525 2066 12.
565 2036 635 2065 haec
666 2037 780 2066 omnia
810 2047 886 2067 cum

151 2079 289 2109 deorum
305 2075 428 2108 noiimze
451 2079 775 2118 comprehendimus.
809 2081 887 2111 ibid.

154 2125 203 2153 14.
233 2121 382 2152 deum-in
407 2123 506 2152 animi
524 2125 646 2153 notione
662 2128 834 2162 tamquam
854 2125 887 2154 in

152 2166 288 2205 vestigio
312 2175 482 2206 reponere.
513 2167 555 2196 ib.
582 2169 629 2197 18.
662 2169 800 2198 notiones
823 2169 890 2208 pri-

152 2220 227 2240 mae.
257 2210 356 2239 Tusc.
382 2210 423 2239 iv.
448 2213 499 2241 ⁶24.
531 2210 681 2239 definitio
705 2212 813 2250 aperit
835 2222 889 2241 ηο-

151 2255 266 2284 tionem
289 2258 450 2289 nostram,
465 2264 565 2292 quarn
589 2253 750 2284 habemus
773 2265 889 2285 omnes

152 2297 192 2327 de
209 2297 419 2333 fortitudine,
432 2301 557 2327 tectam
575 2302 675 2336 atque
691 2298 888 2328 involutam.

153 2341 197 2372 ib.
227 2340 437 2370 definitiones
461 2340 632 2370 declarant
649 2343 786 2372 notiones
801 2353 890 2372 com-

153 2393 286 2421 muneS‚
310 2384 375 2414 alia
399 2386 504 2423 magis
528 2385 603 2415 alia.
635 2386 722 2414 conf.
747 2386 849 2416 Acad.
868 2386 889 2416 i.

157 2431 206 2460 11.
231 2427 319 2458 *sed
335 2429 417 2458 notio
431 2436 481 2458 est
498 2429 599 2458 etiam
617 2429 656 2458 de
674 2429 712 2458 iis
730 2439 840 2459 rerum
856 2430 889 2459 in

154 2472 266 2502 animo
281 2471 408 2508 formis,
426 2482 499 2510 quae
517 2481 582 2501 non
601 2472 708 2502 insitae
724 2478 817 2510 sunt,
833 2473 891 2503 sed

152 2525 254 2555 opera
277 2516 400 2545 mentis
424 2516 609 2554 acquisitae,
634 2516 673 2545 de
699 2517 817 2555 quibus
842 2522 893 2546 est

153 2558 245 2590 locus
263 2559 400 2597 insignis
418 2559 488 2589 Fin.
506 2559 552 2589 iii.
575 2562 622 2589 10.
647 2559 754 2589 *hinc
770 2560 894 2590 dicitur

152 2603 256 2633 etiam
284 2603 322 2633 de
347 2603 537 2640 cognitione
561 2612 686 2640 rerum,
710 2607 745 2633 et
765 2603 893 2641 judicio

153 2647 194 2677 de
212 2647 319 2676 rebus.
350 2645 430 2676 Nat.
447 2647 489 2676 D.
509 2647 529 2676 i.
550 2650 598 2676 11.
629 2646 743 2686 fugere
768 2647 894 2677 intelli-

155 2691 277 2730 gentiae
295 2694 417 2719 nostrae
433 2690 499 2719 vim
516 2696 550 2719 et
564 2692 731 2720 notionem.
754 2690 891 2722 Tuscul.

153 2743 185 2764 v.
200 2737 254 2767 39.
281 2734 350 2763 sine
367 2734 527 2763 varietate
545 2733 693 2763 colorum
711 2733 833 2764 licebat
849 2736 895 2765 vi-

154 2786 230 2807 vere
247 2777 361 2807 beate:
394 2777 465 2807 sine
488 2778 612 2807 notione
635 2787 747 2807 rerum
771 2788 837 2808 non
855 2779 894 2809 li-

156 2821 263 2852 cebat.
295 2820 396 2850 Acad.
414 2821 454 2850 iv.
471 2823 524 2851 41.
556 2821 728 2851 veniamus
746 2831 836 2852 nunc
854 2822 896 2852 ad

155 2864 319 2895 bonorum
344 2868 378 2894 et
408 2865 574 2894 malorum
603 2866 769 2895 notionem.
811 2866 896 2896 *co-

156 2908 264 2948 gnitio
280 2907 320 2939 de
335 2908 446 2947 rebus,
464 2917 539 2948 quae
555 2911 605 2938 est
620 2909 896 2949 magistratuum,

1575 96 1659 146 367

916 204 1116 234 Pontificum
1142 203 1202 233 ὄις.
1232 202 1334 234 Dom.
1362 204 1412 233 13.
1442 210 1516 240 quae
1546 201 1657 231 omnis

901 250 996 288 ‚notio
1024 248 1224 277 Pontificum
1253 256 1323 276 esse
1353 245 1479 275 debuit.
1518 245 1596 284 Agr.
1620 244 1658 275 ii.

914 293 966 322 21.
980 294 1075 322 motio
1092 291 1203 331 populi
1220 290 1317 320 Rom.
1342 290 1431 318 Sext.
1449 291 1501 319 25.
1526 294 1564 318 ut
1580 298 1659 318 cen·

914 336 999 365 soria
1016 336 1099 364 natio
1115 335 1155 364 de
1172 333 1298 374 republ.
1315 332 1500 362 tolleretur.
1531 332 1573 362 ef.
1592 333 1657 362 Pis.

916 383 945 409 5.
963 379 1131 416 judicium
1145 379 1363 416 notionemque
1378 377 1562 405 censoriam
1578 385 1660 414 qua-

916 423 1110 461 dringentos
1127 431 1230 450 annos
1246 421 1430 450 tenuimus.
1457 420 1528 448 Att.
1546 419 1588 448 xi.
1605 420 1659 449 20.

916 468 1072 495 notionem
1096 465 1167 502 ejus
1191 464 1325 494 diffvrri.
1372 463 1436 492 Sed
1462 462 1585 492 Caecin.
1609 463 1659 493 12.

916 513 966 539 est
981 509 1080 539 etiam
1101 509 1192 538 notio
1213 507 1351 537 actoris:
1381 506 1469 545 quod
1492 505 1660 544 quomodo
1684 504 1686 507 ’

916 553 1059 588 dicatur,
1078 552 1142 581 vid.
1161 552 1193 581 in
1211 550 1462 581 animadversio.
1494 550 1560 578 *de
1579 554 1660 580 nota

917 597 1076 626 censoria.
1116 595 1179 625 Off.
1204 595 1250 624 iii.
1275 598 1326 625 31.
1364 596 1446 624 notio
1469 603 1659 623 censorum.

917 640 1007 669 Sext.
1020 643 1072 670 525.
1096 641 1236 669 notiones
1252 639 1421 668 censoriae.
1445 647 1476 667 v.
1490 637 1534 666 ibi
1550 637 1658 668 Graev.

918 687 953 713 et
968 684 1071 713 Gron.
1089 683 1129 712 ad
1147 683 1217 712 Liv.

964 727 1107 763 Notitia,
1127 727 1217 756 notio
1232 727 1346 763 insita,
1361 723 1530 766 πρὸληψις.
1557 723 1661 756 Acad.

919 771 960 800 iv.
974 773 1025 801 46.
1050 772 1168 800 notitia>
1184 779 1307 805 reruni,
1321 780 1338 798 e
1356 768 1565 808 philosophia
1581 768 1662 808 Epi-

919 815 1003 844 curi.
1035 814 1092 844 Or.
1108 817 1161 844 33.
1191 815 1337 843 notitiam
1363 812 1409 841 rei
1433 812 1561 850 aperire
1579 811 1662 841 defi-

920 858 1058 888 niendo?
1086 857 1211 887 *notio
1235 857 1408 896 acquisita.
1440 855 1510 885 Fin.
1536 855 1581 885 iii.
1609 858 1660 887 10.

920 901 981 931 hoc
1000 908 1119 940 quarto
1139 901 1262 941 (modo)
1282 901 1394 930 notitia
1412 899 1501 929 facta
1515 904 1566 929 est
1583 899 1644 929 8εο.

966 945 1083 975 qutus.
1114 946 1233 974 active.
1272 945 1364 974 Verr.
1392 943 1412 973 i.
1440 946 1470 976 7.
1510 953 1539 973 ν.
1565 943 1661 973 Viros

921 988 1008 1019 doct.
1034 988 1075 1018 ad
1100 988 1228 1018 Phaedr.
1251 989 1272 1018 i.
1297 991 1342 1017 11.
1376 987 1410 1016 in
1436 986 1559 1016 malam
1586 996 1662 1026 par-

920 1037 989 1062 tem
1008 1043 1066 1072 pro
1082 1032 1238 1062 famosus.
1273 1030 1353 1062 Coel.
1374 1033 1422 1061 13.
1447 1030 1576 1060 femina
1592 1039 1661 1061 non

921 1076 1019 1106 modo
1037 1076 1169 1111 nobilis,
1186 1076 1243 1105 sed
1259 1076 1361 1105 etiam
1380 1077 1465 1104 nota.

966 1120 1068 1150 Nove.
1092 1119 1134 1149 ad
1151 1119 1230 1150 Her.
1249 1119 1270 1149 i.
1286 1123 1316 1152 9.

968 1164 1188 1193 Novendzalzs.
1216 1164 1257 1204 Q.
1273 1162 1324 1192 Fr.
1341 1161 1387 1192 iii.
1405 1164 1434 1193 5.
1458 1161 1663 1193 novendiales·

922 1207 1031 1238 feriae:
1059 1208 1217 1237 dicuntur
1233 1217 1252 1236 a
1268 1216 1408 1236 numero
1425 1205 1567 1236 dierum.

968 1251 1115 1282 [Vomitus.
1158 1251 1240 1281 Phil.
1273 1251 1316 1280 ix.
1344 1251 1375 1281 2.
1412 1250 1548 1280 uoviiati
1579 1249 1664 1280 invi-

923 1295 1012 1325 dere.
1036 1305 1064 1325 v.
1081 1305 1181 1325 novus
1196 1295 1307 1325 homo.

970 1340 1094 1369 Novus.
1128 1349 1178 1369 res
1193 1348 1282 1368 nome
1301 1338 1494 1376 significant
1516 1335 1664 1375 aliquam

923 1383 1088 1422 insignem
1106 1382 1393 1422 perturbationem
1417 1384 1451 1410 et
1476 1385 1665 1411 eommuta-

924 1428 1050 1456 tionem
1068 1432 1176 1456 status
1190 1425 1330 1466 reipubl.
1344 1425 1472 1454 ratione
1489 1424 1666 1462 magistra-

924 1477 1036 1507 mum,
1050 1470 1268 1509 judiciorum,
1286 1469 1413 1508 legum,
1429 1468 1596 1497 veteribus
1612 1466 1666 1498 vel

923 1515 1078 1551 sublatis,
1097 1513 1147 1543 vel
1172 1515 1270 1551 novis,
1287 1518 1321 1542 et
1345 1512 1383 1542 iis
1404 1511 1537 1550 quidem
1555 1512 1666 1551 perni-

926 1559 1035 1595 ciosis,
1052 1558 1142 1588 latis.
1171 1557 1264 1587 Verr.
1289 1557 1310 1587 i.
1335 1559 1366 1590 7.
1400 1555 1498 1585 Catil.
1518 1556 1539 1584 i.
1565 1558 1592 1586 l.
1624 1554 1667 1586 ad

926 1603 1002 1632 Div.
1029 1602 1071 1632 xi.
1097 1604 1150 1632 91.
1176 1603 1235 1631 ἃς.
1265 1600 1368 1630 *novi
1392 1599 1556 1630 homines.
1586 1599 1668 1639 Agr.

926 1646 960 1676 ii.
987 1648 1017 1677 ΕΖ.
1044 1646 1104 1675 &c.
1139 1646 1193 1685 qni
1217 1645 1315 1685 primi
1343 1654 1360 1673 e
1387 1642 1516 1673 familia
1540 1652 1603 1673 sua
1625 1641 1668 1673 ad

927 1691 1141 1729 magistratus
1168 1698 1358 1729 pervenere.
1397 1686 1521 1717 *Orac
1549 1687 1585 1717 ii.
1614 1686 1668 1717 66.

927 1734 988 1763 sub
1007 1734 1126 1764 [Voviae
1159 1731 1265 1762 intell.
1288 1731 1435 1761 tabernis
1459 1731 1670 1770 argentariis.

927 1777 992 1807 fuit
1021 1787 1096 1816 pars
1127 1776 1188 1806 fori
1224 1775 1380 1811 Romani,
1412 1774 1505 1812 cujus
1545 1775 1669 1814 passim

928 1822 1055 1851 mentio
1087 1820 1175 1860 apud
1203 1824 1341 1850 veteres.
1380 1828 1410 1848 ν.
1439 1818 1474 1848 Ρ.
1502 1817 1596 1848 Fabr.
1626 1816 1670 1848 ad

928 1865 1030 1895 Acad.
1048 1865 1090 1895 iv,
1107 1866 1158 1894 92.
1188 1867 1223 1893 et
1238 1861 1411 1894 Drakenb.
1430 1861 1472 1891 ad
1492 1861 1562 1891 Liv.
1581 1862 1669 1892 xxvi.

929 1910 982 1942 27.
1006 1908 1083 1938 xliv.
1110 1912 1159 1942 17.
1192 1907 1394 1937 Novissimus
1423 1905 1513 1945 apud
1538 1904 1670 1935 Cicero-

930 1962 1005 1982 nem
1024 1952 1176 1991 reperiri,
1193 1950 1279 1980 male
1305 1952 1406 1989 negat
1422 1949 1550 1978 Gellius
1566 1959 1596 1978 x.
1614 1950 1668 1980 21.

929 2005 949 2025 a
966 1995 1080 2026 multis
1097 1996 1170 2035 jain
1192 2000 1339 2025 notatus.
1372 2003 1402 2024 v.
1417 1992 1449 2023 J.
1467 1992 1610 2024 Gronov.
1627 1991 1670 2023 ad

931 2039 953 2070 l.
974 2050 1002 2069 c.

976 2083 1064 2113 Nom.
1096 2081 1136 2112 de
1160 2086 1271 2111 nocte.
1300 2080 1364 2110 vid.
1390 2079 1441 2110 de.
1472 2079 1565 2111 *noz-
1587 2080 1670 2121 reip.

931 2126 1026 2157 Brut.
1054 2126 1109 2160 96.
1146 2125 1227 2156 Har.
1256 2125 1295 2155 R.
1327 2125 1359 2154 6.
1402 2123 1442 2153 de
1474 2125 1671 2164 perturbato

931 2171 1012 2210 reip.
1029 2175 1132 2200 statu.
1157 2169 1198 2198 cf.
1215 2168 1373 2199 tenebrae.

977 2214 1162 2245 Nubecula.
1194 2213 1259 2243 Pis.
1287 2217 1318 2246 9.
1348 2212 1509 2242 nubecula
1538 2211 1672 2245 frontis.

933 2263 983 2288 est
1001 2258 1171 2287 severitas,

978 2301 1112 2331 Nubere
1126 2310 1203 2330 cuin
1219 2309 1358 2339 praepOS.
1373 2308 1461 2329 cum.
1485 2299 1526 2329 ad
1542 2299 1673 2332 Divers.

932 2355 983 2375 xV.
998 2349 1030 2375 3.
1054 2354 1197 2383 quocum
1216 2348 1323 2382 nupta
1338 2346 1435 2372 esset.

978 2389 1115 2425 Nudus,
1153 2387 1307 2427 simplex,
1345 2387 1416 2416 sine
1454 2389 1675 2421 ornamentis.

933 2433 1030 2463 Brut.
1061 2436 1115 2466 75.
1161 2431 1200 2461 de
1234 2430 1372 2461 Caesaris
1403 2432 1674 2464 commentariis:

933 2476 1014 2506 nudi
1029 2481 1120 2512 sunt,
1137 2475 1233 2512 recti,
1250 2478 1284 2504 et
1300 2474 1444 2504 venusti.
1468 2474 1567 2504 ='‘sine
1582 2485 1676 2507 exer-

934 2521 1016 2549 citu.
1054 2520 1095 2550 ad
1119 2519 1197 2549 Div.
1222 2529 1253 2548 x.
1282 2520 1330 2547 ll.
1371 2518 1397 2547 si
1421 2518 1530 2548 nudus
1553 2519 1618 2549 huc
1641 2529 1678 2552 se

934 2564 1101 2595 Antonius
1127 2562 1286 2592 conferet.
1324 2561 1462 2601 *inops
1495 2562 1564 2592 Att.
1584 2564 1606 2593 i.
1626 2565 1678 2596 16.

935 2607 1016 2637 nudi
1037 2607 1178 2646 equites.
1210 2604 1385 2645 v.1nterp.
1410 2605 1452 2635 ad
1474 2606 1568 2636 Suet.
1593 2607 1679 2640 Caes.

937 2654 991 2681 41.

982 2693 1108 2732 Nugoe,
1139 2696 1332 2722 contemtus
1370 2702 1471 2722 causa
1503 2694 1606 2724 etiam
1638 2695 1679 2727 de·

936 2737 1128 2767 hominibus
1153 2736 1323 2766 dicuntur.
1356 2735 1425 2765 Att.
1446 2737 1488 2766 vi.
1506 2740 1536 2767 3.
1569 2738 1682 2771 videa-

936 2787 1037 2811 turne
1062 2784 1121 2809 aut
1144 2780 1277 2820 pietatis
1304 2789 1374 2809 esse
1398 2789 1495 2815 meae,
1519 2781 1681 2823 fratrem;

938 2829 998 2855 aut
1021 2823 1219 2863 diligentiae,
1236 2833 1407 2862 nugarum
1431 2823 1557 2863 aliquid
1581 2827 1682 2857 relin-

940 2868 1063 2907 quere?
1090 2867 1168 2897 ibid.
1181 2868 1304 2897 amicos
1322 2867 1423 2897 habet
1438 2877 1546 2898 meras
1562 2879 1682 2909 nugas.

939 2913 1033 2943 Orat.
1051 2911 1087 2943 ii.
1109 2914 1162 2942 51.
1190 2910 1369 2951 tragoedias
1392 2919 1490 2950 agere
1514 2912 1549 2943 in
1573 2917 1682 2954 nugis.
