1985 3206
746 128 892 159 mnnx
914 128 1196 158 mammons.
1669 117 1723 165 79

225 226 298 253 etor
311 219 498 252 Academia·
515 221 635 252 tertiae.
658 220 758 252 Tusc.
776 221 818 250 iv.
835 223 866 251 3.
903 220 947 250 A-

224 265 413 296 cademicus
456 266 649 305 Cyrcnxcus.
695 264 796 294 Acad.
836 264 857 294 i.
899 266 948 294 12.

224 314 363 348 quartus
386 309 426 339 ab
442 308 601 345 Arcesila,
618 309 652 338 in
675 307 830 338 Arcesilae
848 308 949 336 ratio-

225 362 267 382 ne
295 357 421 382 manet.
457 351 560 382 Acad.
585 362 614 382 V.
640 355 692 382 30.
731 351 948 382 Dialecticus.

225 396 324 426 discit
341 406 360 425 a
374 396 526 435 Diogene
543 395 665 425 Stoico.
691 395 761 425 fin.
778 395 825 424 iii.
841 396 890 424 ΡΖ.
915 395 949 424 in

225 439 419 470 Dialecticis
444 439 646 469 exercitatus
668 443 702 468 et
726 448 859 468 summa
882 436 950 466 elo-

226 484 374 522 quentia.
398 482 500 513 Acad.
525 482 566 512 ἰν.
589 484 642 513 42.
666 482 755 521 quod
778 491 949 512 summum

224 526 350 556 bonum
374 526 542 556 statuerit.
571 525 650 555 ibid.
667 528 718 556 45.
755 524 949 565 Calliphon-

224 571 268 600 tis
295 570 499 600 sententiam
527 569 566 598 de
590 578 722 599 summo
747 569 832 599 bono
855 568 949 598 Valde

225 613 386 643 defendit.
422 613 500 643 ibid.
523 616 575 643 31.
609 613 679 652 ejus
707 612 747 642 de
775 612 851 642 visis
875 622 949 642 sen-

224 658 344 687 tentia.
368 657 411 687 ib.
428 661 458 690 9.
489 656 664 697 Quomodo
681 655 859 695 Antipatro
875 656 950 685 Sto-

224 701 277 730 ico
294 700 514 741 responderit,
532 699 588 739 qui
612 699 674 730 sibi
698 699 836 729 concedi
861 699 949 728 volc-

224 744 282 774 bat
298 744 360 774 hoc
377 749 571 784 perceptum
587 753 657 773 esse
671 755 678 772 τ
706 744 805 773 Nihil
823 744 950 782 percipi

219 798 320 827 posse.
344 788 414 818 Att.
433 788 501 817 xiii.
519 790 570 818 ⁶21.
606 786 747 829 προζολῆν
770 786 891 827 pugilis
915 794 950 816 et

226 832 452 861 retentionem
476 831 600 870 aurigae
624 830 767 860 similem
785 830 867 860 facit
883 831 950 861 ἔπο-

223 876 281 916 χῇ.
305 875 348 905 Ν.
366 875 408 905 D.
425 875 446 905 i.
463 876 493 905 2.
521 874 653 905 disserit
676 879 792 904 contra
808 884 876 911 eos,
892 874 947 913 qui

225 919 340 948 onmia
356 919 500 949 hominis
516 928 615 948 causa
639 922 718 948 nata
733 928 803 948 esse
821 918 949 948 dicunt.

229 962 342 993 Divin.
368 963 401 992 ii.
417 966 450 992 3.
482 962 615 1001 quaerit,
634 971 819 1000 quarumne
838 971 948 991 rerum

227 1006 388 1036 divinatio
416 1007 471 1044 sit,
497 1015 668 1043 earumne,
696 1015 769 1044 quae
798 1005 948 1034 sensibus

228 1051 472 1089 percipiuntur.
496 1050 539 1079 ib.
556 1050 580 1079 i.
598 1052 646 1079 13.
671 1049 782 1087 fingit,
799 1049 833 1078 in
851 1049 949 1078 Chio-

228 1103 301 1123 rum
326 1093 512 1133 lapidicinis
535 1103 613 1122 saxo
634 1093 756 1122 diffisso
782 1092 948 1122 exstitisse

228 1142 329 1176 caput
346 1136 486 1167 Panisci.
509 1137 552 1166 ib.
570 1137 603 1166 ii.
619 1138 671 1166 41.
707 1136 948 1166 Praenestinam

227 1180 397 1210 fortunam
415 1181 497 1210 risit.
514 1180 558 1210 ib.
575 1181 595 1209 i.
610 1182 662 1210 30.
686 1180 947 1210 concertationis

227 1224 338 1254 studio
366 1224 464 1253 modo
491 1224 539 1253 ait
562 1223 637 1260 hoc,
662 1223 760 1252 modo
788 1223 880 1253 illud.
904 1223 947 1254 N.

227 1267 269 1297 D.
286 1267 321 1297 ii.
337 1267 389 1297 65.
413 1266 558 1298 libenter
573 1268 608 1296 in
623 1267 751 1296 Stoicos
771 1267 948 1297 inveheba-

226 1318 293 1340 tur.
312 1310 389 1341 Div.
403 1311 425 1341 i.
440 1314 471 1342 4.
502 1310 611 1340 multa
634 1314 731 1340 acute
756 1315 790 1340 et
817 1312 947 1351 copiose

225 1360 343 1385 contra
368 1355 495 1384 Stoicos
524 1354 716 1394 disputavit.
743 1354 814 1384 Att.
837 1356 892 1385 vii.
916 1356 946 1385 2.

226 1397 306 1437 Ejus
333 1397 462 1428 dictum
486 1408 665 1438 spurcum:
699 1398 789 1428 Bene
816 1399 948 1428 eveniat

226 1442 286 1471 ἃς.
309 1442 419 1472 Graece
431 1454 440 1471 .-
466 1440 548 1483 afim
562 1442 671 1483 ἀγαθῇ
685 1439 898 1481 amm-mm.»
914 1442 946 1472 iu

226 1495 260 1515 re
275 1485 435 1516 venerea.
457 1485 557 1515 Tusc.
575 1496 604 1515 V.
621 1488 672 1515 41.
696 1485 752 1515 Or.
774 1486 807 1516 ii.
825 1489 876 1520 37.
901 1485 947 1516 le-

225 1534 322 1568 gatus
338 1529 479 1560 Romam
498 1529 627 1559 missus.

269 1573 312 1602 L.
333 1573 558 1612 Caminatizts,
575 1572 669 1602 Verr.
695 1572 728 1602 ii.
754 1576 806 1606 70.
839 1572 947 1614 publi-

224 1625 327 1646 canus
345 1617 380 1646 in
397 1616 510 1647 Sicilia
528 1627 586 1656 pro
604 1617 774 1655 magistro.

268 1660 307 1690 T.
328 1660 500 1699 Carrinas,
516 1660 557 1690 ad
573 1660 643 1691 Att.
661 1660 729 1691 xiii.
748 1663 800 1692 33.
828 1660 948 1701 (gentis

221 1703 348 1742 Albioe.)

268 1747 309 1778 L.
332 1748 493 1785 Carteius,
511 1748 552 1778 ad
575 1748 652 1778 DiV.
670 1748 725 1778 xii.
747 1751 795 1778 11.
820 1747 947 1787 aliquid

224 1792 370 1822 muneris
388 1792 423 1821 in
446 1792 595 1822 exercitu
612 1791 716 1822 Cassii
739 1792 773 1821 in
789 1792 882 1832 Syria
897 1797 948 1821 te—

224 1835 335 1865 nuisse
351 1835 493 1865 videtur.

271 1879 418 1918 Carvilii,
441 1880 541 1910 Petit.
565 1879 664 1910 cons.
682 1882 712 1910 3.
735 1879 834 1910 amici
857 1879 948 1910 Cati-

221 1922 310 1954 linae.

267 1967 325 2007 Sp.
346 1967 521 2004 Carvilius,
538 1967 577 1997 tle
601 1967 658 1997 Or.
683 1968 716 1997 ii.
734 1968 786 1997 61.
801 1966 948 2007 familia

227 2010 372 2041 Carvilia
381 2012 522 2051 plebeia,
537 2011 592 2042 sed
604 2012 758 2050 equestris
774 2015 896 2041 tamen.

271 2054 383 2092 Casca,
409 2065 582 2094 cognomen
608 2055 837 2091 Serviliorum,
863 2054 946 2084 Phil.

222 2098 256 2128 ii.
283 2101 332 2129 ll.
358 2098 424 2129 fuit
447 2100 537 2129 inter
559 2108 769 2138 percussores
797 2098 947 2128 Caesaris.

222 2141 293 2171 Att.
317 2142 385 2172 xiii.
405 2145 457 2172 44.
496 2142 619 2172 librum
642 2143 786 2182 scripsit.
810 2143 874 2173 xvi.
896 2146 945 2174 15.

223 2185 293 2224 ejus
308 2186 512 2216 tribunatus.
535 2196 564 2216 v.
582 2185 751 2216 Servilius.

273 2228 455 2267 Cascellius,
472 2229 565 2260 Balb.
584 2233 634 2260 20.
664 2230 842 2270 praediator
865 2234 945 2260 aeta—

222 2278 256 2301 tc
295 2273 430 2311 auguris
462 2274 503 2314 Q.
534 2273 700 2304 Scaevolae.
737 2274 802 2304 vid.
835 2274 945 2304 Valer.

221 2313 316 2346 Mam.
334 2317 376 2346 vi.
393 2318 423 2347 ⁴2.
445 2319 491 2347 12.
518 2321 549 2347 et
572 2317 639 2347 Viii.
660 2319 708 2348 12.
730 2321 757 2348 1.
803 2317 875 2348 Hoc
890 2328 944 2348 ηο-

222 2369 296 2389 men
313 2360 481 2390 vindicant
495 2365 610 2391 eontra
626 2371 687 2398 eos,
700 2363 756 2400 qai
772 2360 944 2392 Caesellius

221 2405 287 2442 legi
302 2405 426 2440 volunt,
444 2408 480 2434 ut
498 2405 642 2443 Pighius
656 2405 744 2435 Ann.
762 2405 808 2435 ad
821 2415 853 2434 α.
870 2406 944 2436 633.

218 2444 316 2487 cujas
334 2449 511 2487 opinionem
533 2449 666 2478 videtur
681 2449 824 2488 probare
853 2449 944 2479 (ἕνα)-

219 2492 293 2521 rius
315 2492 362 2521 ad
392 2491 454 2522 Cic.
480 2491 580 2523 Balb.
609 2494 661 2523 20.
701 2493 873 2523 Har-decio.
900 2493 947 2522 ad

222 2534 316 2565 Ptin.
332 2536 399 2565 viii.
424 2536 476 2566 61.
500 2536 555 2565 uhi
572 2539 753 2575 proeeeptor
775 2533 845 2576 ejus
870 2536 945 2566 Vol-

219 2580 326 2609 catius
348 2580 518 2611 traditur.-
546 2580 686 2618 Rzepert.
713 2581 759 2610 ad
784 2580 943 2620 Pompon.

222 2621 399 2653 Enchirid.
425 2623 471 2653 iii.
503 2626 550 2653 11.
581 2624 636 2654 ubi
658 2624 696 2653 (Ie
719 2623 758 2654 A.
784 2623 944 2654 Cascellio

219 2665 306 2696 dcto
320 2667 406 2705 agit,
416 2664 510 2707 cujus
524 2671 555 2697 et
572 2667 734 2697 Horatius
750 2669 945 2698 mentionem

207 2708 305 2749 fecit.
357 2711 506 2740 (Herum
530 2711 606 2740 huic
615 2709 763 2750 familiae
782 2712 944 2741 heredita-

221 2754 309 2783 rium
331 2754 563 2793 quodammodo
584 2754 778 2795 Jurz'sprud.
798 2756 945 2785 studium

206 2795 294 2836 fuit.

264 2841 313 2871 ΑΙ.
336 2841 521 2879 Cascellius,
543 2841 583 2881 Ω.
599 2842 651 2872 Fr.
669 2842 689 2872 i.
703 2843 733 2873 2.
746 2845 776 2872 2.
794 2843 945 2882 negotia-

218 2889 273 2913 tor
289 2885 323 2913 in
341 2886 512 2924 provincia
527 2885 592 2924 Ωιι.
609 2885 790 2916 Ciceronis.

269 2927 462 2968 (hs-sunder,
490 2929 566 2960 Div.
593 2930 627 2963 ii.
648 2932 700 2961 42².
726 2939 877 2962 suinmus
902 2929 945 2963 A-

993 218 1159 257 strologus
1174 223 1326 259 tempore
1344 219 1494 249 Panaetii.

1041 262 1240 301 Cassandra,
1268 263 1325 294 Or.
1358 263 1391 293 ii.
1422 264 1474 293 66.
1503 265 1561 292 oze.
1595 263 1719 294 Priami

993 305 1072 336 filla.

1039 350 1073 380 C.
1102 351 1264 381 Cossinius
1289 350 1419 385 Schola,
1437 349 1510 380 Mil.
1532 353 1579 384 17.

992 401 1120 429 amnas,
1137 393 1310 424 familiaris
1329 394 1363 423 P.
1383 393 1502 423 Clodii.

1041 437 1168 467 Cassius
1185 436 1315 473 Barba,
1332 448 1361 467 V.
1380 437 1509 468 Barba.

1039 481 1073 511 C.
1095 480 1222 510 Cassius
1242 481 1422 519 Longinus,
1440 481 1538 510 Doni.
1556 484 1606 511 50.
1632 482 1721 511 Cen-

991 534 1055 553 sor.
1080 521 1194 564 Hujus
1221 524 1254 554 C.
1277 526 1375 554 (fassit
1400 525 1545 561 Longini
1573 525 1719 555 Censura

991 568 1104 597 incidit
1117 569 1150 597 in
1162 577 1291 597 (tnta-um
1309 576 1427 597 DxCix.
1454 568 1547 598 ‚Yam
1560 569 1717 607 proeeedc‘t

992 613 1110 641 mentio
1138 612 1282 641 Censoris
1303 612 1347 652 Q.
1374 611 1512 648 Mara-ii,
1530 613 1586 651 qai
1609 613 1717 642 decem

991 656 1088 684 annis
1103 659 1192 691 ante,
1207 663 1374 685 mxxxix.
1394 656 1600 695 Censor-salt.
1621 656 1718 686 Alius

998 698 1122 729 Cassius
1136 698 1326 738 censorficit
1342 709 1373 728 a.
1392 707 1546 729 ncxxvu.

1039 742 1072 772 C.
1105 741 1243 779 Cassius,
1271 742 1383 772 Plane.
1412 744 1463 773 21.
1494 743 1526 772 in
1553 743 1714 782 petitione

992 786 1183 815 tribunatus
1201 785 1367 825 repulsam
1385 786 1475 815 tulit.
1513 786 1628 816 Consid
1642 798 1717 817 cum

996 828 1054 859 Cn.
1071 829 1217 860 Domitio
1232 830 1453 859 Ahenobarbo.
1478 830 1515 859 A.
1530 829 1569 859 U.
1588 838 1716 860 DCLVH.

1039 873 1071 903 C.
1103 873 1241 910 cassias,
1270 873 1391 910 Varus,
1417 875 1473 913 qai
1506 873 1621 903 (ansul
1637 874 1716 913 suit

991 920 1065 946 cum
1081 916 1130 946 M.
1148 917 1297 947 Terentio
1316 917 1463 946 Varrone
1480 918 1634 955 Lucullo,
1653 928 1717 948 non

992 960 1034 990 L.
1058 961 1173 997 Gellio,
1188 965 1224 990 at
1240 961 1417 990 Manutius
1433 961 1478 990 ad
1497 960 1553 991 Or.
1564 972 1627 1001 pro
1646 961 1714 991 Ra-

1608 349 1718 380 Inter-

991 1004 1049 1034 ln‘r.
1069 1004 1171 1034 Perd.
1193 1013 1263 1043 cap.
1280 1008 1310 1037 7.
1331 1005 1446 1034 tradit.
1481 1015 1557 1034 nam
1592 1006 1715 1035 Gellius

990 1058 1076 1077 anno
1096 1052 1169 1087 post
1195 1049 1304 1077 consul
1318 1047 1405 1086 suit.
1452 1048 1490 1078 L.
1518 1049 1636 1078 Manil.
1662 1051 1714 1079 123.

991 1091 1072 1129 Legi
1091 1091 1238 1121 Maniliae
1255 1091 1356 1121 favet.
1380 1091 1515 1121 Cluent.
1532 1095 1584 1125 49.
1621 1092 1715 1123 Vei-r.

991 1136 1011 1165 i.
1041 1137 1092 1166 2⁷3.
1121 1135 1154 1164 in
1185 1135 1279 1165 Verr.
1307 1135 1353 1165 iii.
1380 1139 1433 1165 41.
1468 1136 1584 1165 consul
1610 1136 1648 1165 A.
1673 1136 1714 1167 U.

991 1187 1133 1209 DCLxxx.
1158 1180 1265 1218 primo
1290 1188 1378 1208 anno
1409 1185 1564 1219 praeturae
1594 1179 1714 1210 Siculae

990 1222 1111 1252 Verris.
1158 1223 1254 1252 Parte
1273 1224 1323 1252 hie
1338 1227 1383 1252 est
1399 1227 1500 1262 pater
1515 1224 1617 1253 trium
1639 1224 1715 1254 Cas-

989 1268 1110 1296 siorum
1128 1266 1164 1296 C.
1182 1267 1219 1296 L.
1237 1271 1267 1296 et
1282 1267 1325 1308 ,9.
1342 1268 1398 1306 qai
1420 1267 1536 1297 diserte
1556 1277 1619 1297 non
1643 1272 1714 1299 tra-

989 1311 1092 1340 ditur.

1038 1354 1070 1385 C.
1087 1353 1344 1394 Cassins,fi·ater
1355 1355 1399 1396 Q.
1414 1355 1525 1393 Cassii,
1538 1355 1609 1385 Att.
1621 1366 1650 1385 V.
1661 1358 1713 1386 21.

989 1398 1035 1427 ad
1049 1408 1143 1437 quem
1158 1403 1235 1428 sunt
1251 1399 1388 1437 epistolae
1407 1400 1563 1429 Ciceronis
1579 1399 1621 1429 ad
1636 1400 1712 1429 Div,

991 1444 1011 1471 l.
1028 1442 1083 1471 xii.
1105 1446 1136 1471 et
1153 1443 1253 1482 ipsias
1274 1442 1347 1472 duoe
1362 1443 1437 1472 ibid.
1456 1446 1504 1473 11.
1530 1445 1577 1473 1‘2.
1602 1445 1639 1479 is,
1657 1446 1715 1482 qai

995 1486 1153 1515 Caesarem
1180 1485 1352 1525 interjecit.
1377 1487 1419 1516 ad
1446 1487 1522 1516 DiV.
1547 1487 1589 1516 vi.
1612 1489 1642 1517 (5.
1667 1488 1714 1516 le-

990 1535 1087 1568 gatus
1106 1529 1255 1560 Caesaris.
1282 1530 1337 1559 vii.
1354 1533 1406 1560 33.
1433 1529 1599 1560 declamat
1625 1531 1714 1570 apud

990 1573 1198 1603 Ciceronem.
1216 1573 1283 1603 viii.
1306 1577 1352 1603 lO.
1377 1579 1523 1613 quaestor
1537 1574 1585 1604 M.
1604 1575 1712 1605 Crassi

989 1621 1102 1647 conlra
1120 1616 1265 1647 Parthos
1273 1619 1461 1657 pugnantis
1478 1618 1595 1648 Crasso
1611 1619 1715 1648 inter<

989 1661 1078 1690 fecto
1108 1660 1263 1700 reliquias
1294 1661 1459 1691 exercitus
1483 1661 1629 1701 collegit.
1661 1673 1713 1692 xv.

994 1708 1042 1735 14.
1066 1705 1277 1743 Proquaestor
1299 1704 1347 1734 M.
1369 1705 1488 1735 Crassi.
1512 1716 1563 1736 XV.
1585 1707 1632 1736 16.
1669 1707 1712 1736 E-

990 1749 1143 1788 picureus
1173 1749 1223 1779 fit.
1270 1749 1365 1779 Nam
1401 1749 1508 1779 Cicero
1532 1749 1714 1789 Epicureas

989 1794 1135 1833 appellat
1155 1789 1226 1832 ejus
1246 1802 1340 1822 novos
1354 1794 1481 1823 amieos.
1500 1803 1550 1823 XV.
1571 1797 1619 1828 19.
1655 1794 1710 1824 Ci-

990 1846 1158 1873 ceronem,
1182 1836 1387 1876 Epicureum
1413 1836 1548 1866 Catium
1576 1842 1714 1877 propter

989 1880 1118 1911 malum
1132 1880 1266 1910 dicendi
1290 1890 1394 1919 genus
1418 1880 1596 1918 ridentem,
1614 1881 1715 1912 ulcis-

991 1925 1079 1954 citur
1105 1925 1173 1954 acri
1196 1923 1348 1963 epistola.
1378 1924 1448 1954 Att.
1476 1925 1530 1954 vii.
1555 1927 1607 1955 21.
1634 1926 1712 1956 trib.

989 1967 1035 2008 pl.
1052 1968 1151 1998 initio
1174 1967 1253 1997 belli
1276 1967 1380 1997 civilis
1398 1968 1575 1998 Caesariani
1602 1969 1712 2009 Capu-

990 2021 1045 2041 am
1061 2013 1154 2042 venit
1170 2012 1212 2041 ad
1230 2011 1402 2049 Consules,
1420 2012 1476 2050 qui
1500 2023 1540 2042 ex
1564 2013 1644 2042 urbe
1660 2013 1712 2042 fu-

990 2060 1122 2095 gerant,
1138 2059 1178 2085 ut
1201 2056 1344 2086 Romam
1372 2055 1531 2093 redirent,
1552 2062 1587 2086 et
1611 2067 1715 2096 pecu-

990 2100 1081 2129 niam
1098 2099 1137 2129 de
1153 2100 1313 2129 sanctiori
1328 2100 1445 2129 aerario
1462 2100 1643 2131 auferrent.

1035 2143 1076 2174 L.
1108 2144 1247 2180 Cassius,
1280 2142 1392 2173 Plane.
1423 2145 1476 2173 534.
1507 2144 1714 2183 adolescens,

989 2187 1194 2227 subscriptor
1224 2187 1427 2224 Laterensis,
1459 2193 1577 2217 contra
1613 2188 1714 2218 Plan-

989 2232 1092 2268 cium,
1108 2230 1281 2261 familiaris
1300 2231 1479 2261 Ciceronis.
1507 2231 1590 2261 Phil.
1608 2232 1642 2262 ii.
1664 2235 1713 2263 13.

988 2275 1019 2305 ei
1033 2275 1205 2315 provincia
1220 2274 1320 2304 datur
1340 2279 1415 2314 post
1431 2275 1556 2304 caedem
1575 2275 1714 2306 Caesaris

987 2322 1023 2348 et
1049 2319 1251 2358 Quaestores.
1298 2316 1418 2348 Frater
1448 2318 1481 2348 C.
1514 2319 1626 2355 Cassii,
1657 2321 1714 2359 qui

993 2362 1152 2393 Coesarem
1167 2360 1340 2401 interfecit.
1365 2361 1449 2391 Phil.
1467 2363 1513 2392 iii.
1530 2368 1560 2396 9.
1596 2363 1635 2393 Ei
1651 2363 1713 2393 tri—

987 2406 1078 2436 buno
1102 2406 1147 2446 pl.
1169 2411 1313 2436 mortem
1335 2406 1519 2436 denunciat
1545 2406 1592 2437 M.
1608 2406 1715 2437 Anto-

988 2450 1077 2486 nius,
1094 2450 1121 2479 si
1138 2450 1172 2479 in
1190 2449 1351 2479 Senatum
1368 2450 1525 2480 venisset.

1034 2494 1076 2524 L.
1094 2493 1223 2524 Cassius
1240 2493 1390 2529 Racilio,
1409 2493 1504 2523 Vei-r.
1522 2494 1543 2523 i.
1555 2496 1606 2524 55.
1626 2494 1714 2523 Cen-

987 2547 1053 2573 sor,
1075 2541 1176 2577 pater
1201 2534 1285 2577 ejus,
1302 2539 1359 2576 qui
1380 2539 1485 2574 legem
1502 2538 1714 2570 tabellariam

987 2582 1088 2610 tulit.-
1122 2582 1234 2611 consul
1258 2581 1299 2611 A.
1334 2581 1372 2612 U.
1399 2589 1535 2610 Dcxxvi.
1561 2591 1637 2611 cum
1670 2581 1713 2612 L.

992 2624 1108 2655 Cinna.

1032 2668 1074 2699 L.
1107 2668 1246 2704 Cassius,
1269 2667 1310 2697 ad
1341 2666 1420 2697 Her.
1450 2668 1491 2697 iv.
1518 2671 1570 2698 35.
1597 2672 1716 2697 auctor

988 2711 1070 2751 legis
1084 2711 1280 2742 Tabellariae
1305 2717 1339 2741 et
1363 2712 1588 2741 severissimus
1607 2712 1640 2740 in
1657 2712 1716 2749 ju-

987 2755 1081 2785 diciis
1105 2755 1310 2793 exercendis,
1327 2756 1359 2785 S.
1376 2755 1472 2785 Rosc.
1489 2758 1541 2785 30.
1567 2755 1652 2784 unde
1675 2756 1717 2785 ab

987 2809 1021 2829 eo
1027 2797 1160 2839 judices
1178 2799 1325 2830 Cassiani
1341 2799 1419 2828 clieta·
1440 2802 1529 2828 siml.
1553 2798 1648 2827 Brut.
1661 2800 1714 2829 ⁶25.

988 2845 1040 2876 97.
1065 2842 1173 2881 legem
1200 2842 1408 2872 tabellariam
1433 2841 1515 2871 tulit
1540 2841 1666 2882 Lepido
1682 2847 1717 2872 et

989 2886 1150 2917 Mancino
1179 2886 1269 2916 Coss.
1292 2886 1382 2915 Sext.
1399 2888 1450 2915 453.
1476 2885 1583 2924 legem
1611 2885 1717 2915 tabel-

989 2929 1108 2965 λιι-ἰω
1127 2929 1208 2962 fert.
1229 2930 1268 2961 de
1289 2929 1373 2969 Leg.
1397 2929 1442 2960 iii.
1470 2930 1518 2960 16.
1540 2929 1649 2969 legem
1666 2934 1717 2961 ta·-
