1920 3196
680 133 827 163 INDEX
856 133 1153 163 LATINITATIS.

215 221 348 265 Rapax,
363 223 397 254 in
413 223 535 254 bonam
559 226 689 263 partem
715 227 766 254 est
793 232 892 263 appe-

170 272 260 305 tens,
277 267 435 298 alliciens.
459 266 541 297 Lael.
562 270 610 297 14.
637 265 720 296 nihil
744 268 897 307 rapacius

171 311 330 342 cimilium
347 311 412 348 sui,
429 320 527 349 quam
546 317 678 341 natura.

214 355 353 394 Rapere.
377 354 481 384 Attic.
498 364 528 383 v.
545 356 598 384 521.
615 355 704 393 rapit
721 352 893 383 hominem

170 398 360 429 Postumius
385 398 547 427 Romam:
578 398 640 427 int.
672 397 706 426 in
730 397 798 436 jus.
826 396 893 426 Fin.

164 442 213 472 iii.
227 444 257 472 5.
274 442 351 481 ipsae
365 450 415 471 res
428 441 525 470 verba
541 442 694 480 rapiunt:
708 440 739 470 h.
753 450 781 469 e.
794 440 894 470 verba

169 490 289 524 sponte
319 491 501 515 occurrunt
532 494 608 514 cum
639 484 747 514 rebus.
780 484 893 513 Plane.

172 531 221 559 1‘2.
245 532 378 568 raptam
391 537 460 558 esse
477 527 670 557 mimulam:
696 529 757 558 int.
769 527 811 557 de
823 537 893 557 sce-

165 581 220 603 na.

212 615 372 656 Raptor-e.
398 616 490 645 Sext.
516 616 568 649 69.
594 618 730 653 raptata
756 614 891 652 conjux,

167 666 215 689 sc.
232 669 307 688 cum
325 659 516 697 ignominia*
534 668 634 688 causa
649 658 828 687 duceretur
851 657 893 687 ad

164 702 315 732 tabulam
342 702 523 740 Valeriam,
552 709 590 732 ut
614 702 728 732 scribit
754 701 796 731 ad
812 701 889 732 Div.

165 746 230 776 xiv.
244 748 274 776 2.
799 766 806 773 .

208 789 328 826 Batus,
346 795 467 819 certus.
489 788 572 828 Top.
593 791 641 819 14.
665 792 741 818 rata
757 788 891 818 conclu-

164 833 225 863 sio.
260 833 330 862 Fin.
365 834 398 862 ii.
436 837 467 867 7.
502 830 582 870 δίξας
614 833 757 862 maxime
788 837 890 862 ratas.

161 876 181 894 ἰ
197 876 296 906 Tusc.
313 877 333 906 i.
351 879 402 910 39.
428 887 486 916 pro
511 881 586 906 rata
610 881 718 915 parte,
742 886 800 916 pro
824 886 890 914 quo

163 925 197 950 et
213 921 336 950 dicitur
351 930 409 960 pro
425 921 588 960 portione.

208 963 316 994 Ratio.
340 963 411 993 lnv.
430 965 450 993 i.
474 966 520 994 ¹52.
545 963 768 993 controversia
784 962 817 992 in
834 972 889 992 ra-

162 1008 260 1044 tione,
276 1008 458 1047 opponitur
473 1008 515 1044 ei,
532 1017 605 1046 quae
623 1012 672 1036 est
699 1007 731 1036 in
753 1006 888 1046 scripto.

161 1049 181 1068 ⁸*
197 1060 262 1087 ars,
288 1051 437 1080 scientia.
463 1050 532 1080 Inv.
564 1051 583 1080 i.
609 1053 638 1080 5.
662 1050 765 1080 civilis
791 1051 886 1080 ratio.

160 1094 260 1124 Arch.
281 1097 308 1124 1.
344 1095 369 1124 si
397 1094 431 1124 in
448 1104 501 1124 me
517 1099 568 1124 est
584 1093 722 1132 hujusce
739 1094 785 1123 rei
802 1095 887 1124 ratio

161 1137 282 1177 aliqua.
307 1138 402 1168 Brut.
418 1141 470 1172 74.
494 1147 561 1168 non
585 1137 650 1167 fuit
676 1138 810 1167 rationis
827 1143 885 1167 aut

162 1182 323 1211 scientiae.
350 1183 383 1211 in
408 1181 519 1211 Caecil.
552 1184 599 1211 ll.
622 1180 734 1219 aliqua
749 1181 783 1210 in
800 1181 884 1218 foro,

153 1224 305 1263 judiciis,
321 1225 462 1263 legibus,
481 1229 539 1255 aut
560 1226 656 1262 ratio,
687 1230 745 1254 aut
761 1225 886 1255 exerci-

158 1269 253 1298 tatio.
278 1269 320 1298 cf.
338 1269 407 1298 Fin.
424 1269 465 1298 iv.
489 1274 574 1298 extr.
597 1269 616 1286 ¹*
628 1267 818 1305 methodiis,
835 1278 884 1298 re-

160 1311 259 1352 gulae.
283 1312 353 1342 Fin.
377 1322 407 1342 ν.
432 1315 463 1342 4.
488 1312 672 1342 necessaria
696 1312 884 1342 mathema-

156 1357 300 1386 tinorum
329 1357 456 1386 ratione
472 1356 682 1386 concludere.
711 1356 774 1386 Off.
799 1356 820 1385 i.
849 1358 880 1387 ΞΖ.

155 1409 230 1439 quae
247 1410 266 1429 a
279 1401 406 1430 ratione
416 1400 596 1440 suscipitur
609 1400 789 1430 institutio.
808 1399 879 1430 Fin.

155 1443 177 1473 i.
196 1447 227 1477 9.
252 1445 379 1474 ratione
394 1449 428 1473 et
444 1444 507 1473 via.
531 1443 608 1473 Nat.
628 1444 670 1473 D.
686 1443 720 1473 ii.
740 1443 790 1474 16.
824 1453 881 1473 ra-

154 1487 239 1517 tione
253 1492 287 1516 et
314 1497 453 1517 numero
480 1487 615 1517 moveri.
638 1487 734 1517 Brut.
759 1490 812 1521 37.
837 1487 879 1517 ad

154 1531 315 1561 rationem
333 1531 474 1570 dirigere
490 1531 612 1561 onmia.
631 1531 709 1562 ibid.
727 1533 779 1565 74.
796 1532 878 1561 ‘rati-

154 1584 246 1604 onem
277 1574 443 1605 adhibere.
480 1575 499 1593 *Ψ
515 1575 696 1604 artificium
734 1574 877 1613 aliquod.

153 1617 232 1657 Agr.
253 1619 287 1648 ii.
311 1622 342 1652 7.
375 1618 463 1657 quod
489 1627 548 1658 per
571 1619 776 1648 caerimonias
802 1628 879 1659 pop.

153 1662 224 1691 fieri
241 1671 306 1692 non
335 1663 458 1702 potuit,
482 1663 607 1692 ratione
629 1666 799 1692 assecutus
817 1668 878 1693 est.

151 1704 171 1723 ’ἓ
186 1706 375 1735 sententiae.
400 1705 518 1735 Manil.
539 1709 588 1739 17.
619 1706 658 1735 ab
677 1706 737 1736 hac
755 1708 879 1736 ratione

153 1748 367 1780 dissentiunt.
400 1749 470 1779 Fin.
486 1759 516 1779 v.
533 1753 563 1781 5.
597 1751 681 1779 ratio
706 1749 879 1780 delicatior

152 1802 190 1822 ac
207 1792 347 1823 mollior.
364 1793 566 1833 *disciplina
577 1793 762 1834 philosophi
774 1793 878 1824 alicu-

144 1836 213 1875 jus.
232 1836 334 1867 Fin.i.
348 1842 379 1872 9.
399 1837 536 1876 Epicuri
547 1839 642 1867 ratio.
660 1836 875 1868 ²“consilium.

150 1880 226 1910 Act.
251 1881 272 1910 i.
297 1881 330 1910 in
355 1881 446 1911 Verr.
475 1884 523 1911 11.
552 1885 612 1911 tua
633 1882 719 1911 ratio
741 1884 802 1911 est.
834 1882 876 1912 ad

149 1923 226 1954 Div.
239 1925 285 1954 iii.
299 1927 328 1955 5.
352 1929 413 1954 tua
428 1925 512 1955 ratio
527 1929 643 1964 postea
659 1930 709 1955 est
726 1935 876 1955 commu-

149 1972 231 1998 tata.
249 1968 267 1985 ²*
284 1968 508 1998 commodum.
526 1968 620 2008 Quir.
637 1969 718 2008 p.R.
737 1972 763 1999 1.
775 1969 802 1998 si
818 1980 873 1999 ra-

150 2012 246 2041 tiones
259 2021 348 2041 meas
361 2015 475 2042 vestrae
488 2012 587 2042 saluti
598 2013 873 2052 anteposuissem.

149 2054 223 2084 Act.
239 2055 260 2085 i.
285 2055 377 2085 Verr.
390 2060 420 2090 9.
444 2057 530 2086 ratio
542 2066 607 2085 non
623 2063 707 2092 erat,
720 2066 791 2095 pro,
805 2066 873 2087 non

151 2104 223 2128 erat
239 2109 256 2128 e
272 2108 306 2128 re
322 2109 408 2129 mea.
425 2100 443 2118 ²*
460 2100 597 2139 ponitur
613 2104 647 2129 et
663 2109 722 2140 pro
739 2109 773 2129 re
790 2100 872 2140 ipsa.

149 2139 220 2171 lnv.
244 2142 264 2171 i.
295 2145 320 2172 1.
343 2144 426 2173 ratio
449 2143 530 2183 ipsa.
557 2144 679 2173 Caecin.
696 2146 726 2173 3.
750 2153 810 2183 per
834 2145 873 2173 fi·

149 2184 254 2215 dueiae
268 2187 425 2217 rationem
448 2186 612 2217 fraudare.
624 2187 717 2217 Verr.
735 2186 757 2217 i.
769 2189 799 2218 2.
816 2198 872 2216 ve-

147 2228 255 2259 ritatis
285 2231 378 2260 ratio.
403 2230 575 2270 *species
609 2230 702 2260 Verr.
735 2230 781 2260 iii.
818 2234 869 2262 85.

146 2281 245 2310 quam
263 2275 422 2304 rationem
439 2274 550 2312 habet,
564 2284 629 2304 non
644 2284 756 2313 quaero
768 2276 870 2314 aequi-

145 2316 238 2353 tatis,
265 2317 322 2347 sed
350 2318 584 2357 improbitatis.
607 2317 720 2349 *Nan
747 2318 791 2348 D.
824 2319 870 2349 iii.

145 2361 198 2393 97.
221 2362 306 2391 ratio
334 2362 440 2391 bona:
482 2361 503 2391 i.
520 2372 548 2391 e.
567 2371 657 2391 sana.
681 2362 699 2380 ²¹*
716 2362 808 2392 Verr.
835 2363 869 2392 ii.

144 2406 197 2436 70.
221 2413 254 2433 re
271 2414 309 2434 ac
327 2406 456 2436 racione
478 2407 692 2445 conjunctus,
709 2405 748 2435 de
773 2406 870 2436 sociis

143 2447 179 2476 in
206 2449 431 2487 negotiatione
455 2449 578 2487 aliqua,
596 2449 646 2478 vel
663 2449 701 2479 de
728 2449 870 2479 credito-

146 2500 179 2519 re
206 2500 244 2520 ac
261 2492 422 2530 debitore,
435 2498 473 2522 ut
495 2492 576 2522 Sull.
595 2494 647 2524 20.
672 2502 795 2531 magna
810 2504 866 2523 ra-

143 2535 226 2564 tione
242 2545 317 2565 cum
344 2536 556 2566 Mauritaniae
580 2546 658 2574 rege
684 2541 867 2567 contracta.

141 2578 161 2593 ⁵*
177 2578 336 2609 addamus
358 2579 517 2609 formulas
541 2580 712 2618 quasdam.
737 2579 820 2610 Sull.
837 2584 868 2611 3.

143 2621 194 2650 sin
212 2623 312 2652 estin
329 2633 382 2653 me
405 2624 490 2653 ratio
514 2623 722 2663 reipublicae:
748 2623 770 2654 i.
793 2634 820 2653 e.
839 2624 865 2654 si

143 2664 248 2695 habeo
276 2666 348 2705 ejus
375 2669 544 2697 rationem.
572 2667 614 2696 ad
639 2667 716 2697 Div.
742 2667 785 2696 xi.
817 2670 865 2698 1-1.

142 2710 293 2747 pecuniae
317 2713 401 2741 ratio
417 2710 592 2741 habebitur
609 2723 615 2740 ε
640 2710 672 2739 h.
691 2720 719 2740 e.
737 2711 866 2741 curabi-

140 2755 208 2789 tur,
226 2759 265 2783 ut
281 2753 391 2784 detur.
414 2754 454 2784 ad
469 2755 540 2785 Att.
557 2755 612 2784 vii.
626 2758 657 2787 9.
682 2754 795 2784 haberi
811 2764 865 2784 co-

141 2795 237 2825 mitia
252 2797 322 2827 sine
340 2797 427 2828 illius
443 2799 578 2834 ratione,
594 2798 614 2827 i.
633 2807 662 2827 e.
677 2804 714 2827 ut
727 2798 797 2836 ejus
814 2808 866 2828 ra-

139 2839 188 2868 tio
205 2849 270 2869 non
290 2840 460 2872 habeatur.
488 2842 568 2872 Nat.
583 2842 626 2871 D.
647 2841 692 2870 iii.
709 2843 761 2875 29.
786 2841 865 2871 levi-

138 2886 226 2913 tates
245 2885 381 2915 comicae
402 2895 566 2925 parumne
590 2884 623 2914 in
647 2886 772 2915 ratione
794 2894 866 2916 ver-

138 2929 255 2958 santur
272 2939 279 2958 :
304 2927 338 2961 h.
354 2938 382 2960 e.
399 2929 559 2961 adhibent
573 2929 742 2960 rationem.
771 2927 865 2961 Verr.

1589 127 1673 165 405

936 222 958 252 i.
975 223 1028 253 ⁶23.
1050 227 1101 253 est
1128 222 1239 262 aliqua
1270 223 1317 254 rei
1341 226 1436 256 ratio.
1458 224 1536 256 ibid.
1563 226 1597 257 ii.
1618 229 1668 257 11.

939 267 1097 296 reinonem
1115 266 1250 297 reddere
1261 267 1301 297 de
1317 267 1439 307 aliquo.
1463 269 1557 300 Verr.
1570 279 1600 300 v.
1612 271 1666 301 24.

938 311 1097 340 rationem
1128 309 1249 349 refer-re
1281 310 1392 342 alicui.
1423 312 1480 342 ubi
1515 313 1664 344 Graevius

936 352 1075 391 corrigit
1090 355 1240 384 raciones.

980 396 1249 428 Ratiocinativas.
1274 397 1405 428 Invent.
1424 400 1443 429 i.
1459 402 1508 430 13.

979 439 1242 471 Raudusculum.
1265 441 1337 472 Att.
1363 442 1404 471 iv.
1423 445 1453 473 8.
1476 443 1519 472 vi.
1545 445 1576 474 3.
1605 444 1664 474 vii.

936 484 966 513 ΞΖ.
1006 484 1070 513 xiv.
1106 487 1154 514 14.
1193 490 1243 514 est
1273 485 1462 525 paullulum
1499 487 1662 526 pecuniae.

936 526 1071 566 Proprie
1096 535 1146 557 est
1163 528 1328 568 particula
1351 530 1438 567 aeris,
1460 529 1605 569 pondere
1623 529 1661 560 li-

936 569 1030 599 bellae
1062 581 1088 601 s.
1120 573 1213 609 assis,
1244 572 1332 602 unde
1370 573 1408 602 iis
1439 574 1660 613 temporibuS,

935 623 1000 652 quo
1024 624 1088 644 aere
1115 615 1189 645 rudi
1217 616 1411 653 utebantur,
1442 617 1521 646 assis
1548 617 1658 647 locum

935 657 1095 688 obtinuit.
1118 658 1257 689 Salmas.
1288 659 1376 689 mod.
1404 660 1504 690 Usur.
1538 670 1570 700 p.
1602 662 1658 691 26.

932 699 1005 731 Val.
1023 701 1070 732 M.
1083 711 1113 731 v.
1130 703 1162 732 6.
1180 705 1210 733 3.
1233 702 1313 732 olim
1328 713 1395 733 aera
1412 703 1553 733 raudera
1572 703 1662 734 dice-

934 743 1068 775 bantur.
1084 746 1139 775 ubi
1151 746 1292 785 v.·Pigh.
1309 751 1343 776 et
1360 747 1504 786 reliquos
1522 747 1605 778 lntt.

978 788 1147 819 Recedere.
1177 789 1295 830 Quint.
1326 793 1374 820 11.
1406 791 1524 821 recedit
1541 801 1591 821 res
1618 792 1659 821 ab

933 841 993 862 eo:
1020 832 1052 862 h.
1070 842 1099 862 e.
1117 832 1218 863 alium
1247 843 1467 874 possessorem
1495 835 1661 865 nancisci-

932 879 999 905 tur.
1018 876 1059 907 ad
1074 877 1151 906 Div.
1169 877 1236 907 viii.
1256 881 1304 908 14.
1322 878 1516 916 conjunctio
1533 888 1598 908 non
1617 878 1658 909 ad

931 919 1098 949 occultam
1130 921 1248 951 recedit
1277 921 1570 960 obtrectationem,
1601 921 1660 952 sed

934 962 975 992 ad
992 962 1115 993 bellum
1132 974 1166 994 se
1182 966 1339 1005 erumpit.

975 1006 1109 1037 Recens.
1147 1007 1188 1037 ad
1211 1008 1288 1038 Div.
1312 1009 1356 1039 xi.
1380 1010 1433 1040 21.

932 1058 1026 1080 nova.
1043 1061 1070 1080 V.
1097 1051 1230 1082 Manut.
1253 1051 1272 1070 ἢ
1290 1051 1370 1082 Her.
1388 1054 1422 1083 ii.
1439 1056 1470 1087 7.

930 1093 963 1122 in
982 1093 1104 1124 dolore.

973 1136 1133 1175 Recens-20,
1152 1143 1202 1168 est
1217 1149 1404 1170 censorum.
1419 1140 1492 1171 Mil.
1507 1143 1560 1175 27.

972 1180 1139 1222 Receptus.
1162 1183 1220 1213 Or.
1237 1184 1271 1212 ii.
1287 1185 1340 1214 24.
1371 1184 1538 1223 quomodo
1563 1184 1656 1215 diffe-

926 1229 979 1254 rat
996 1235 1015 1254 a
1030 1231 1219 1265 susceptus,
1237 1237 1266 1256 V.
1284 1227 1319 1257 in
1331 1228 1489 1267 recipere.

969 1268 1162 1309 Receptator
1177 1269 1279 1301 loeus.
1303 1270 1422 1301 Milon.
1443 1274 1492 1306 19.

972 1312 1135 1343 Rccessus.
1158 1313 1259 1344 Tuse.
1277 1315 1319 1344 iv.
1345 1318 1376 1348 7.
1399 1325 1559 1345 recessum
1585 1317 1657 1346 ani·

927 1356 972 1385 mi
989 1360 1022 1386 et
1045 1357 1160 1399 fugam
1184 1358 1287 1388 efficit
1303 1364 1424 1388 metus.
1449 1359 1489 1389 ad
1514 1360 1591 1390 Div.
1608 1359 1654 1390 ix.

931 1402 978 1430 14.
1002 1404 1078 1430 tum
1104 1411 1254 1432 accessus
1275 1402 1318 1432 ad
1342 1412 1490 1441 causam,
1507 1408 1583 1433 tum
1604 1413 1656 1434 re—

926 1453 1038 1475 cessus.

968 1487 1134 1526 Recidere,
1147 1489 1332 1519 concidere.
1357 1489 1516 1524 Brut.9l.
1541 1491 1656 1522 recidit

925 1531 1030 1562 nimia
1045 1533 1133 1562 vocis
1150 1533 1334 1564 contentio.

968 1575 1175 1615 Reciperare.
1196 1577 1237 1606 ad
1249 1577 1325 1607 Div.
1344 1577 1384 1607 vi.
1398 1579 1448 1608 10.
1465 1578 1521 1608 xii.
1539 1580 1570 1610 2.
1595 1587 1655 1609 an-

921 1619 1013 1658 tique
1031 1630 1089 1659 pro
1100 1617 1308 1660 'recuperare

969 1662 1131 1703 Recipere.
1156 1664 1190 1693 in
1217 1663 1330 1694 Caeeil.
1358 1668 1387 1695 8.
1412 1666 1552 1706 recipere
1575 1676 1655 1696 cau-

923 1716 1007 1744 sam,
1023 1707 1146 1737 dicitur
1162 1707 1201 1737 de
1218 1718 1270 1745 eo,
1287 1708 1341 1738 cui
1365 1708 1477 1749 oblata
1491 1713 1551 1739 est.
1575 1710 1654 1739 Sus-

922 1751 1015 1790 cipit,
1032 1752 1088 1790 qui
1115 1759 1233 1791 sponte
1261 1762 1334 1781 eam
1364 1762 1461 1792 agere
1489 1754 1652 1784 instituit.

921 1794 1016 1825 Balb.
1037 1798 1084 1825 14.
1108 1796 1248 1838 recipere
1264 1796 1299 1838 in
1312 1796 1461 1826 civitate.
1485 1797 1504 1814 ²*
1521 1798 1651 1837 accipe-

921 1848 966 1868 re.
991 1838 1087 1868 Rosc.
1105 1838 1142 1868 C.
1161 1841 1191 1870 8.
1218 1839 1245 1869 si
1269 1841 1412 1880 recipere
1426 1840 1486 1871 hos
1503 1844 1650 1880 quaestus

920 1891 1042 1921 posses.
1066 1882 1179 1912 Rabir.
1197 1882 1284 1913 Post.
1301 1886 1332 1914 4.
1361 1893 1422 1913 nec
1446 1894 1486 1915 ex
1504 1885 1576 1923 ejus
1590 1885 1649 1914 bo-

919 1926 984 1963 nis,
1000 1930 1126 1965 quanta
1144 1936 1277 1957 summa
1292 1927 1404 1957 litium
1421 1927 1552 1965 fuisset,
1566 1928 1650 1958 reci-

913 1970 950 2008 pi
974 1979 993 1999 a
1009 1970 1142 2010 populo.
1170 1970 1245 2000 add.
1267 1970 1369 2000 Gron.
1393 1971 1433 2001 ad
1459 1971 1528 2002 Liv.
1552 1972 1573 2002 i.
1593 1974 1645 2003 53.

918 2013 936 2031 *²
952 2012 1012 2043 Est
1028 2020 1062 2043 et
1077 2014 1214 2044 verbum
1230 2013 1372 2044 forense.
1419 2014 1507 2045 Nam
1524 2019 1647 2056 praetor

915 2058 1057 2096 recipere
1083 2066 1207 2087 nomen
1235 2057 1372 2095 dicitur,
1390 2068 1466 2088 cum
1493 2059 1644 2089 delatum

915 2101 955 2130 ab
972 2101 1083 2140 aliquo
1107 2101 1142 2131 in
1168 2110 1348 2131 numerum
1376 2111 1509 2132 reorum
1533 2102 1647 2133 refert.

914 2143 954 2174 ad
979 2144 1054 2174 Div.
1071 2145 1138 2174 viii.
1167 2148 1196 2175 8.
1219 2144 1239 2163 ⁵*
1255 2145 1289 2174 in
1307 2145 1498 2175 venditione
1522 2146 1646 2177 dicitur

915 2198 973 2228 pro
990 2192 1147 2228 praestare
1163 2188 1299 2227 aliquid.
1317 2189 1375 2218 Or.
1392 2189 1412 2219 i.
1430 2193 1482 2223 39.
1498 2188 1642 2229 lumina,

914 2231 963 2261 uti
985 2237 1057 2261 tum
1082 2236 1206 2269 essent,
1230 2232 1278 2261 ita
1301 2234 1429 2272 recepit.
1454 2233 1473 2251 '¹'
1489 2235 1641 2274 excipere

911 2275 946 2304 in
973 2275 1178 2314 venditione.
1203 2275 1288 2315 Top.
1317 2275 1379 2306 ult.
1409 2276 1643 2308 venditores—-

912 2319 996 2348 rutis
1012 2320 1105 2349 caesis
1131 2321 1277 2359 receptis,
1304 2320 1495 2350 concedunt
1523 2325 1640 2352 tamen

911 2362 1037 2401 aliquid
1064 2364 1182 2393 emtori
1207 2363 1266 2392 διο.
1292 2373 1394 2401 quam
1421 2365 1641 2403 significatio-

912 2415 989 2435 nem
1003 2407 1134 2445 egregie
1152 2405 1329 2436 illustravit
1343 2406 1445 2437 Gron.
1462 2408 1504 2437 ad
1520 2408 1637 2440 Senec.

912 2450 1012 2480 Cons.
1030 2450 1070 2480 ad
1087 2450 1191 2480 Marc.
1206 2460 1237 2479 c.
1258 2453 1306 2480 10.
1333 2449 1374 2480 ef.
1397 2450 1543 2482 Gellium
1562 2453 1640 2484 xvii.

916 2496 963 2523 11.
980 2493 998 2511 '¹‘
1015 2493 1215 2532 gladiatores
1231 2494 1370 2533 recipere
1380 2493 1506 2524 ferrum
1521 2496 1639 2526 dicun-

909 2542 979 2574 tur,
997 2547 1075 2566 cum
1091 2547 1125 2566 se
1144 2537 1295 2575 jugulari
1321 2537 1361 2567 ab
1378 2538 1564 2569 adversario
1579 2549 1637 2580 pa-

909 2581 1054 2610 tiuntur.
1079 2581 1235 2614 Sext.37.
1257 2581 1356 2611 Tusc.
1372 2581 1406 2611 ii.
1426 2585 1473 2616 17.

954 2623 1178 2664 ReceProeare,
1206 2624 1241 2655 in
1268 2624 1451 2658 dialecticis
1471 2629 1534 2664 est,
1558 2635 1638 2656 con-

908 2674 1036 2697 vertere
1067 2668 1354 2698 enunciationem.
1390 2669 1467 2709 Div.
1498 2670 1520 2700 i.
1553 2670 1583 2700 6.
1608 2671 1636 2701 si

909 2711 1043 2750 quidem
1062 2711 1126 2741 ista
1141 2712 1187 2741 sic
1203 2712 1460 2750 reciprocantur.

953 2754 1153 2793 Recogitare.
1178 2754 1219 2795 Q.
1245 2755 1297 2785 Fr.
1329 2755 1363 2785 ii.
1391 2757 1422 2786 Q.
1454 2757 1636 2795 recogitare

908 2798 947 2828 de
965 2808 998 2828 re
1015 2799 1137 2837 aliqua.

952 2841 1149 2881 Recognuio,
1171 2841 1369 2879 recordatio,
1398 2851 1471 2880 quae
1502 2843 1541 2873 fit
1571 2843 1638 2878 alio

910 2893 1081 2923 narrante,
1100 2889 1319 2916 monstrante.
1343 2885 1436 2916 Verr.
1464 2886 1504 2917 iv.
1524 2889 1576 2920 50.
1599 2886 1636 2931 in

906 2930 1120 2968 recognitione
1134 2928 1300 2962 scelerum
1315 2938 1463 2962 suorum.

963 2981 985 3004 o
1001 2971 1057 3005 d„3

1472 1019 1522 1040 res
1547 1019 1656 1040 recens

1500 1055 1658 1084 recentior
