1985 3206
660 62 1048 107 EDITIONIS
1093 65 1362 107 PRIMAE.
1738 80 1762 114 3

259 177 424 219 ratione
454 176 648 219 satisfieri
681 186 838 233 potest.
900 179 1028 226 Quod
1062 179 1095 219 si
1127 188 1295 221 tantum
1319 180 1548 233 Gronovii,
1574 182 1755 236 Graevii,

259 234 510 285 Burmanni,
533 244 575 275 et
602 235 666 275 his
697 235 853 276 similes
882 236 965 277 hoc
996 236 1195 278 instituto
1226 247 1461 287 uterentur,
1485 253 1667 293 quorum
1690 251 1755 283 est

255 291 299 331 in
334 291 416 332 hoc
448 306 603 347 genere
635 293 771 343 notin,
793 293 866 347 qui
895 293 1135 334 discernere
1172 295 1285 335 bona
1306 310 1331 335 a
1352 294 1489 345 malis,
1514 299 1752 341 necessaria

255 348 309 388 ub
333 349 555 389 inutilibus
581 358 766 404 possent,
785 359 896 390 esset
918 350 1112 401 fortasse,
1128 360 1173 393 ut
1197 352 1277 392 ista
1298 352 1405 392 ratio
1426 353 1562 408 magis
1587 354 1658 395 illa
1680 371 1750 396 su-

254 406 410 460 periori
440 416 583 461 posset
613 407 800 461 probari.
863 407 991 448 Nunc
1023 422 1122 448 cum
1153 409 1315 464 oppido
1339 409 1464 464 pauci
1497 410 1582 451 sint
1612 426 1667 452 ex
1700 427 1751 454 ea

252 462 399 514 classe,
429 478 516 504 non
547 473 611 503 est
640 464 1012 515 committendum,
1048 473 1112 514 ut,
1144 465 1225 506 hac
1254 466 1429 506 licentia
1457 467 1586 508 semel
1617 468 1745 522 facta,

250 519 361 560 male
382 530 425 560 et
447 521 592 575 inepte
617 520 844 561 mutilandi
867 521 1023 562 laboris
1054 521 1180 563 alieni
1205 523 1473 563 consuetudo
1496 524 1744 578 invalescat,

250 584 293 615 et
328 578 443 618 orbis
472 577 662 618 eruditus
706 577 1034 629 SclirevelianiS,
1073 579 1498 635 Knippingianisque
1540 582 1744 626 similium

248 633 488 675 editionum
510 634 636 689 copia
655 635 899 686 inundetur,
914 637 1069 690 quibus
1094 651 1243 692 parum
1262 636 1458 692 profecto
1480 637 1580 680 huie
1599 642 1742 682 studio

247 691 490 732 consultum
513 691 637 732 foret.
698 691 878 747 Optima
899 694 989 733 sine
1019 693 1152 734 dubio
1176 693 1286 734 ratio
1308 694 1569 736 edendorum
1592 708 1741 738 aucto-

245 761 340 787 rum
362 758 471 789 esset
492 762 556 800 ea,
578 749 701 804 cujus
723 749 836 804 leges
855 750 1074 805 expositas
1107 764 1242 806 nuper
1265 766 1290 791 a
1313 750 1529 803 Creverio‚
1553 753 1595 793 in
1628 769 1740 809 prae..

244 802 408 847 satione
440 806 632 856 Liviana,
655 805 851 862 legimus.
913 807 1071 847 Earum
1103 821 1269 847 summa
1300 807 1394 848 liaec
1418 817 1496 858 cst,
1522 819 1567 849 ut
1598 813 1738 866 primo

242 861 395 902 critica
432 864 644 904 subtilitas
676 863 944 914 adhibeatur,
976 873 1176 919 totusque
1206 873 1357 904 auctor
1387 879 1409 905 e
1436 865 1576 907 Codd.
1601 868 1735 912 MSS.

242 918 476 974 primisque
497 920 757 962 editionibus
779 921 1089 962 constituatur:
1113 937 1137 962 a
1158 921 1385 962 doctorum
1406 922 1591 964 virorum
1615 925 1738 982 inge-

241 975 323 1016 niis
346 977 552 1032 profectae
573 977 908 1027 emendationes,
927 987 1056 1034 prout
1074 979 1183 1019 ratio
1203 978 1360 1028 tulerit,
1379 989 1452 1019 aut
1472 981 1735 1036 recipiantur

238 1032 284 1072 ‘in
307 1045 574 1085 contextum,
595 1044 669 1074 aut
687 1044 1101 1077 commemorentur:
1124 1035 1206 1076 loci
1227 1035 1426 1091 depositi,
1446 1048 1520 1077 aut
1538 1040 1731 1084 nondum

239 1091 478 1141 constituti,
507 1092 771 1132 indicentur:
803 1092 847 1132 in
879 1092 1136 1148 explicando
1168 1101 1311 1132 autem
1342 1092 1376 1132 is
1409 1094 1560 1134 modus
1592 1111 1732 1139 serve-

239 1156 322 1198 tur,
354 1157 401 1188 ut
430 1149 613 1189 obseura
642 1162 664 1188 e
682 1148 851 1203 judicio
882 1149 1199 1205 intelligentum
1230 1149 1468 1200 hominum,
1492 1162 1533 1192 et
1568 1153 1609 1193 in
1633 1157 1728 1209 qui-

237 1203 314 1244 bus
338 1205 416 1245 viri
439 1206 480 1246 in
500 1205 583 1246 hoc
606 1219 759 1261 genere
778 1205 894 1246 docti
917 1216 992 1246 aut
1009 1207 1148 1247 editor
1170 1207 1261 1262 ipse
1281 1207 1510 1259 haeserunt,
1528 1220 1602 1250 aut
1620 1227 1727 1266 quo-

234 1273 328 1301 rum
350 1276 374 1302 e
396 1263 579 1318 vulgatis
609 1263 758 1303 lexicis
788 1263 1086 1318 interpretatio
1109 1263 1268 1304 hauriri
1291 1278 1377 1304 non
1402 1274 1556 1319 potest,
1579 1282 1628 1308 ea
1649 1284 1726 1310 ex-

233 1316 446 1372 plicentur
466 1328 510 1360 et
529 1320 806 1360 illustrentur.
838 1320 922 1361 Sed
944 1335 1042 1362 cum
1064 1320 1137 1376 huj
1148 1336 1192 1360 us
1218 1320 1329 1361 Livii
1354 1321 1598 1365 Creveriani
1624 1341 1724 1367 cen-

231 1389 373 1416 suram
403 1377 446 1418 in
468 1376 589 1418 Actis
613 1376 890 1418 Eruditorum
919 1392 1056 1433 nuper
1085 1392 1322 1433 ageremus,
1345 1379 1460 1428 satis,
1484 1390 1531 1420 ut
1553 1383 1722 1437 opinor,

230 1431 470 1484 docuimus,
492 1434 658 1475 facilius
687 1448 791 1484 esse,
814 1444 862 1474 ut
892 1435 934 1475 in
957 1435 1074 1475 omni
1107 1448 1277 1490 genere,
1302 1435 1361 1475 ita
1392 1435 1435 1476 in
1467 1435 1564 1488 hoc,
1591 1441 1720 1483 bonas

228 1487 344 1544 leges
374 1491 571 1542 scribere,
593 1506 722 1546 quam
751 1491 803 1531 ad
832 1506 956 1533 usum
978 1492 1221 1541 transferre,
1242 1500 1284 1531 et
1317 1493 1368 1532 ad
1398 1507 1468 1533 eas
1499 1494 1541 1535 in
1575 1510 1720 1540 emen-

227 1545 378 1589 dandis
410 1547 753 1603 illustrandisque
774 1559 965 1589 veterum
997 1549 1116 1590 libris
1147 1563 1190 1589 se
1222 1551 1561 1593 accommodare.
1621 1554 1718 1611 Age

228 1617 327 1644 vero
349 1605 431 1656 ῥέα-ιν
452 1605 581 1656 illam,
602 1606 704 1661 quia
734 1606 787 1647 de
820 1621 974 1662 genere
1007 1606 1206 1647 universo
1228 1616 1305 1655 est,
1329 1606 1413 1647 hue
1438 1612 1717 1654 transscriba-

226 1674 341 1703 mus:
375 1661 427 1702 In
450 1662 532 1704 hoc
553 1663 732 1704 consilio
754 1678 841 1703 non
863 1674 928 1704 est
942 1658 1165 1719 profecto,
1187 1664 1303 1718 quod
1336 1666 1588 1720 reprebendi
1618 1684 1717 1724 pos·

225 1717 305 1761 sit:
337 1733 475 1775 neque
507 1720 686 1761 dubium
708 1729 786 1771 est,
808 1721 911 1776 quin
933 1735 1097 1771 omnes,
1119 1721 1191 1775 qui
1224 1721 1275 1761 ad
1309 1732 1504 1763 auctores
1526 1726 1713 1768 edendos

223 1777 448 1828 accedunt,
482 1791 533 1817 eo
572 1777 635 1818 uti
666 1777 823 1829 velint3
856 1779 984 1820 modo
1017 1787 1131 1818 recte
1169 1778 1231 1818 uti
1265 1792 1315 1818 eo
1347 1793 1495 1819 omnes
1532 1785 1715 1836 possint.

226 1831 339 1874 Nam
362 1834 500 1890 primo
523 1834 750 1890 plerisque,
771 1836 900 1875 etiam
932 1835 1033 1876 satis
1057 1835 1210 1885 doctis,
1234 1836 1412 1886 accidit,
1429 1837 1471 1877 id
1493 1840 1606 1892 quod
1631 1843 1713 1882 sibi

220 1890 426 1932 accidisse
456 1906 570 1947 saepe
599 1905 793 1942 numero,
815 1892 859 1932 ni
885 1891 1085 1942 fallimur,
1109 1891 1390 1933 casaubonus
1414 1893 1642 1948 fatebatur,
1668 1912 1714 1940 ut

220 1961 317 1988 cum
355 1948 514 2005 legeret
544 1948 714 1999 librum,
746 1949 827 1989 sibi
860 1948 1064 1990 facillima
1093 1949 1352 2000 viderentur,
1383 1965 1479 2005 quae
1519 1953 1714 1997 difficilia

218 2004 437 2060 explicatu
464 2016 506 2047 et
536 2007 719 2047 obscura
747 2020 837 2046 esse
867 2006 1125 2063 intelligeret
1155 2015 1247 2046 tum
1278 2007 1464 2058 demum,
1487 2024 1583 2051 eum
1617 2013 1710 2054 aliis

217 2075 365 2102 eorum
388 2078 532 2105 sensus
563 2072 762 2104 accurate
793 2064 1100 2119 perspicueque
1121 2063 1400 2118 explicandus
1423 2076 1547 2107 esset.
1608 2068 1710 2112 Hoc

218 2119 433 2171 omnibus,
464 2135 586 2176 paene
617 2120 772 2170 dicam,
803 2121 974 2171 accidit,
998 2121 1071 2175 qui
1102 2131 1298 2161 auctores
1329 2122 1568 2176 ediderunt,
1599 2141 1708 2181 quos

218 2189 304 2217 non
326 2176 550 2232 aliquoties
572 2177 664 2218 aliis
686 2187 785 2218 sunt
806 2177 1089 2233 interpretati,
1109 2187 1155 2217 ut
1174 2178 1299 2218 facile
1332 2193 1540 2221 rossemus
1561 2184 1706 2225 multis

215 2234 424 2290 exemplis
456 2235 760 2285 demonstrare,
793 2235 826 2274 si
857 2234 975 2276 loeus
1011 2245 1241 2290 pateretur.
1303 2194 1494 2277 &mnino
1531 2239 1707 2283 difficile

214 2300 292 2341 est,
314 2292 416 2346 quid
439 2292 493 2332 sit
511 2293 756 2342 obscurum,
779 2292 938 2347 ubique
960 2306 1083 2347 posse
1105 2292 1307 2343 delinire;
1339 2294 1605 2350 dubiumque
1627 2313 1704 2340 no-

214 2347 278 2388 bis
303 2348 483 2401 videtur,
506 2360 650 2389 utrum
680 2349 855 2390 indocto
886 2364 939 2389 an
969 2349 1098 2389 docto
1120 2350 1388 2390 obscuriores
1420 2350 1516 2392 libri
1541 2364 1702 2396 veteres

211 2404 449 2447 videantur.
511 2406 628 2453 Quid
650 2405 793 2446 enim?
824 2404 945 2443 ὁπιὶνυ
969 2406 1168 2446 Graevius
1198 2406 1348 2461 plusne
1369 2407 1634 2453 difficultatis
1659 2414 1702 2454 in

209 2462 401 2516 epistolis
425 2463 719 2506 Ciceronianis
741 2462 1008 2518 explicandis
1030 2462 1138 2502 vidit
1169 2472 1281 2513 ante,
1304 2479 1431 2520 quam
1460 2466 1502 2506 in
1528 2467 1700 2511 Grono-

207 2519 265 2559 vii
289 2520 557 2576 disciplinam
582 2529 767 2570 venerat,
790 2534 858 2570 an,
882 2529 1108 2575 postquam
1131 2521 1183 2560 ad
1204 2520 1241 2575 ej
1252 2536 1297 2560 us
1324 2523 1624 2566 auctoritatem
1655 2542 1699 2568 se

207 2577 472 2619 contulerat?
505 2578 650 2624 Quid?
688 2577 818 2617 libros
861 2592 1017 2627 sacros,
1052 2577 1227 2631 quinam
1261 2578 1426 2619 facilius
1460 2581 1698 2638 intelligere

206 2633 287 2673 sibi
317 2635 540 2676 videntur?
571 2634 783 2675 doctiores
813 2648 866 2674 an
897 2633 1183 2675 indoctiores?
1216 2634 1346 2681 Quod
1378 2650 1481 2691 ergo
1511 2637 1611 2680 huic
1636 2643 1695 2682 rei

203 2690 393 2731 dicemus
416 2707 505 2733 esse
524 2692 782 2733 remedium?
815 2690 955 2731 Nobis
984 2691 1205 2731 mallemus
1231 2692 1332 2732 dici.
1393 2693 1491 2745 Sed,
1520 2695 1568 2746 si,
1592 2698 1696 2751 quid.

201 2747 449 2800 sentiamus,
480 2749 709 2791 dicendum
738 2749 808 2798 sit,
834 2757 1001 2788 mature
1036 2748 1333 2789 defat·candt1m
1365 2759 1428 2790 est
1456 2750 1693 2807 ingenium,

200 2814 244 2846 et
274 2805 498 2848 dialectica
525 2806 926 2863 mathematicisque
956 2805 1193 2862 disciplinis
1225 2806 1285 2846 ita
1317 2807 1618 2864 subigendum,
1644 2823 1694 2854 ut

909 2876 935 2903 Β
959 2868 985 2904 2
