1920 3196
279 100 366 138 404

327 196 536 237 Quaestorius.
557 193 654 225 Verr.
669 193 691 224 i.
703 193 756 224 21.
779 192 909 232 legatus
924 202 1010 233 quae-

284 241 415 277 stoa-ius,
433 245 497 277 est,
515 237 570 277 qui
587 242 663 277 post
675 240 880 275 quaesturam
895 237 935 267 fit
951 235 1010 266 ali-

287 284 383 323 cujus
401 282 615 323 Imperatoris
631 280 774 320 legatus.

330 327 496 368 Quaestus,
512 325 552 356 de
569 324 704 355 foenore.
730 324 795 354 Pis.
807 326 859 355 35.
881 323 915 353 in
927 332 1013 363 quoe-

288 376 342 403 stu
358 371 547 409 relinquere
562 368 752 408 pecuniam.
770 367 812 397 cf.
828 365 946 397 Manil.
964 370 1014 397 13.

288 415 308 434 ⁵*
323 414 458 445 Cluent.
471 413 523 444 26.
539 413 593 444 36.
618 416 758 451 quoestus
769 410 907 441 forensis
918 411 1016 449 etju-

291 458 472 489 diciarius:
497 456 537 486 de
563 456 708 496 pecunia
733 456 774 485 ob
791 453 1014 494 judicandum

293 506 412 533 contra
426 501 515 540 leges
532 505 680 539 accepta.

334 545 501 586 Qualitas.
524 544 581 574 Gr.
606 541 742 580 vatia-nt,
757 540 796 571 de
814 551 880 580 qua
894 551 924 572 v.
942 540 1016 570 Ind.

291 589 440 619 Graecus.

335 632 463 672 Quam,
486 629 595 661 valde.
620 629 690 660 Att.
707 639 739 659 x.
761 631 809 659 10.
822 631 920 659 tuum
934 637 1014 657 con-

290 676 405 707 silium
437 684 536 715 quam
567 683 681 703 verum
706 678 768 702 est.
792 673 871 702 ibid.
895 672 957 701 xiv.
983 675 1013 702 8.

290 729 392 760 quam
415 728 538 749 severe.
560 718 601 757 Q.
629 717 678 747 Fr.
701 716 735 746 ii.
759 717 789 746 6.
813 725 892 746 sane
916 724 1016 754 quam

291 763 432 794 refrixit.
458 762 499 793 ad
522 762 629 792 Attsi.
660 763 707 790 11.
731 760 814 789 mire
837 769 936 800 qaam
961 759 1016 788 de-

291 807 406 838 lectat.
437 805 517 836 ibid.
541 805 608 834 xiii.
632 806 683 834 21.
714 803 821 834 literae
853 803 1019 841 antiquio-

291 861 344 882 res
367 859 469 891 quam
492 858 587 879 ruere
611 848 721 887 coepit.
744 847 787 877 ix.
806 851 836 881 9.
870 847 1018 886 superio-

293 905 363 927 rem
380 904 480 935 quam
495 893 595 923 hunc.
614 902 643 921 v.
659 895 727 921 not.
744 890 784 930 Ω.
802 890 852 921 Fr.
868 890 916 920 iii.
931 893 962 920 4.

335 939 508 980 Quamvis,
521 935 625 966 valde.
637 935 734 965 Rosc.
744 935 819 964 Am.
835 936 887 966 32.
902 943 1016 974 quam-

291 984 339 1014 vis
354 983 411 1013 diu
427 982 550 1012 dicere.
565 979 607 1009 cf.
620 978 720 1009 Tusc.
735 979 757 1008 i.
773 980 826 1009 21.

335 1025 548 1067 Quandoque,
558 1021 749 1062 aliquando.
761 1022 802 1052 ad
816 1022 892 1053 Div.
907 1022 949 1051 vi.
964 1023 1014 1055 19.

290 1069 402 1110 quoad
417 1068 473 1098 ille
490 1067 681 1108 quand-’que
696 1066 819 1096 veniat.

334 1114 508 1155 Quantum
523 1122 582 1152 pro
599 1110 770 1150 quamdiu.
794 1109 866 1140 Att.
883 1109 925 1139 vi.
943 1111 973 1140 5.
991 1109 1018 1139 si

291 1157 394 1189 lectio
410 1166 492 1187 sana
506 1159 568 1186 est.

334 1201 453 1242 Quasi,
477 1199 560 1237 fere,
590 1198 689 1228 circa.
719 1197 794 1227 Act.
820 1197 842 1227 i.
865 1195 959 1226 Verr.
987 1199 1017 1227 8.

289 1247 383 1287 quasi
411 1244 526 1274 decem
556 1242 642 1272 fisci.
672 1241 714 1271 cf.
732 1241 791 1271 Or.
816 1243 866 1271 13.
889 1240 907 1258 ²*
933 1240 1016 1270 Cato

292 1292 342 1324 19.
365 1289 427 1319 sibi
451 1286 654 1327 respondent
682 1286 873 1326 quasi—sic.
901 1283 955 1314 lta
983 1286 1017 1313 et

289 1333 359 1370 alii,
375 1336 415 1363 ut
429 1333 566 1362 Suetou.
581 1329 655 1360 Tib.
668 1332 720 1359 50.

332 1377 495 1418 Quassus.
519 1374 629 1405 Subst.
651 1373 752 1403 Tusc.
769 1372 803 1402 ii.
820 1373 872 1402 21.

335 1419 566 1461 Quatuorviri.
590 1417 724 1447 Cluent.
742 1419 774 1447 8.
798 1415 1015 1455 magistratus

291 1462 524 1504 municipales,
554 1462 610 1500 qui
638 1471 658 1490 a
692 1469 833 1490 numero
864 1459 1015 1489 solebant

293 1507 474 1548 appellari:
514 1506 553 1536 de
571 1505 621 1535 his
644 1515 673 1534 v.
691 1504 824 1534 Manut.
842 1502 883 1532 ad
907 1503 1014 1542 Epist.

289 1552 331 1582 ad
348 1552 425 1582 Div.
443 1550 512 1580 xiii.
537 1549 591 1583 76.
614 1549 671 1579 ubi
688 1552 739 1578 est
754 1547 896 1578 colonici
913 1547 1018 1585 magi-

289 1600 418 1626 stratus
435 1603 570 1624 nomen.
588 1592 630 1622 cf.
645 1592 686 1622 ad
709 1603 741 1621 x.
759 1593 812 1622 32.
836 1596 870 1620 et
888 1590 1017 1620 13111101·-

288 1640 370 1669 dum
388 1639 423 1669 in
438 1638 537 1678 epist.
554 1636 595 1666 ad
612 1636 787 1671 Maffeum,
810 1637 835 1664 t.
851 1635 873 1664 i.
891 1645 923 1674 p.
945 1637 1015 1665 115.

287 1682 448 1722 Inscript.
470 1681 597 1712 Murat.
614 1680 670 1710 ubi
695 1685 815 1709 contra
843 1679 1018 1708 Sucietum

289 1727 454 1766 disputat,
471 1725 527 1764 qui
543 1724 769 1764 quatuorviros
785 1723 819 1752 in
842 1722 1019 1762 praefectu-

290 1771 334 1802 ris
350 1770 450 1800 fuisse
469 1769 599 1799 statuit.

333 1814 480 1855 Querela
502 1812 621 1842 frontis
643 1815 724 1840 tuae.
750 1820 810 1850 pro
836 1808 876 1839 de
907 1809 1017 1839 fronte

288 1861 361 1888 tua.
386 1859 438 1888 Sic
467 1856 508 1887 ad
522 1856 600 1887 Div.
618 1855 652 1884 ii.
674 1855 722 1884 16.
745 1856 874 1894 querela
889 1859 1019 1892 tempo—

286 1910 376 1938 rum,
392 1905 427 1932 et
442 1901 580 1942 querelae
604 1909 683 1928 cum
708 1898 880 1928 Deiotaro.
905 1898 1019 1928 Deiot.

289 1952 319 1976 e.
337 1949 369 1976 3.

334 1989 413 2030 Qui.
437 1987 508 2018 Att.
535 1987 556 2017 i.
586 1986 636 2017 16.
660 1995 759 2016 narra
779 1990 921 2025 patrono
945 1992 1018 2023 tuo,

291 2043 362 2074 quoe
385 2032 563 2072 Arpinates
589 2039 690 2070 aquas
717 2029 919 2068 concupivit.
944 2038 1018 2067 quae

290 2077 387 2114 dixit,
403 2077 482 2115 quia
503 2085 612 2105 sermo
635 2078 687 2103 est
713 2073 753 2102 de
779 2072 905 2103 Clodia.
931 2072 1018 2102 Con-

288 2126 344 2152 tra
360 2120 401 2150 ad
416 2119 492 2150 Div.
511 2119 531 2148 i.
547 2123 578 2153 9.
602 2121 676 2158 post
698 2117 786 2147 furia
802 2116 1018 2147 muliebrium

289 2163 505 2203 religionum,
518 2162 670 2201 sequitur
683 2162 740 2200 qm⁴
753 2173 762 2190 .·
778 2161 935 2199 quoniam
954 2170 1021 2190 ser-

294 2219 349 2241 mo
364 2211 416 2238 est
432 2207 471 2236 de
497 2206 624 2236 Clodio.
647 2205 711 2235 vid.
741 2204 844 2237 etiam
877 2204 1020 2235 Gronov.

290 2252 335 2282 ad
359 2251 468 2281 Plaut.
486 2248 632 2280 Mostell.
655 2249 675 2279 i.
701 2251 732 2279 3.
757 2251 808 2282 87.
832 2248 850 2266 ³*
866 2247 931 2278 abl.
954 2248 1020 2287 qui.

290 2296 397 2326 Attio.
412 2295 481 2324 xiii.
509 2296 563 2325 ⁶23.
588 2293 722 2330 habere,
739 2293 793 2331 qui
811 2296 895 2322 utar.
913 2291 1020 2322 Graev.

294 2338 410 2369 laudat
436 2337 539 2368 Gron.
554 2338 694 2367 Sestert.
719 2336 753 2367 ii.
771 2339 802 2370 7.
837 2336 855 2354 θ’
872 2334 973 2375 quod,
991 2345 1020 2365 v.

296 2383 398 2416 infra.

338 2425 520 2467 Quicscere.
553 2423 654 2454 Acad.
676 2423 718 2453 iv.
738 2425 791 2456 29.
816 2432 847 2452 v.
868 2421 1024 2462 ἡσυχάζων

293 2470 330 2502 in
346 2470 420 2500 Ind.
437 2469 494 2499 Gr.
517 2467 536 2486 *²
550 2468 652 2498 Tusc.
668 2477 698 2496 ν.
715 2469 766 2500 27.
784 2467 817 2496 in
834 2476 903 2506 rep.
920 2477 1022 2506 qenes-

288 2522 374 2547 (εστ-ε.
391 2513 413 2543 i.
438 2511 547 2543 nullos
564 2511 779 2550 magistratus
793 2519 976 2550 capessere.

338 2557 432 2598 Quin
457 2566 517 2596 pro
534 2565 635 2594 quare
653 2564 730 2584 non.
754 2554 873 2594 Quint.
890 2558 920 2587 9.
944 2564 1021 2584 can-

294 2611 341 2636 ·ae
356 2599 442 2631 nihil
460 2605 546 2637 erat,
561 2600 641 2638 quin
664 2607 759 2628 secus
780 2597 950 2635 judiearet
982 2597 1022 2627 de

291 2655 341 2676 ae.
357 2649 394 2675 et
417 2644 465 2674 sic
484 2652 572 2683 saepe
599 2642 633 2672 111
651 2641 712 2672 hae
736 2641 887 2671 oratione
913 2644 974 2671 est.
991 2651 1021 2671 v.

291 2689 435 2724 Hotom.
451 2688 487 2717 in
498 2692 569 2716 not.

338 2732 531 2773 chinemzae.
564 2729 647 2759 Cato
667 2731 716 2762 17.
749 2727 867 2758 directi
883 2728 916 2758 in
929 2730 1023 2769 quin-

292 2786 426 2812 §nucem
442 2774 586 2804 ordines.
602 2773 665 2803 hoc
682 2771 762 2811 quid
786 2772 843 2810 sit,
859 2773 940 2803 satis
967 2783 1023 2802 ex-

293 2820 442 2863 positum
459 2822 510 2848 est
526 2818 560 2847 in
576 2817 688 2846 Lexic.
710 2815 813 2846 Fabri.

339 2863 482 2904 Quippe,
515 2859 746 2900 respondentis
776 2863 841 2898 est,
871 2862 906 2890 et
932 2859 1022 2890 affir-

294 2907 433 2945 mantis,
448 2916 508 2948 pro
522 2910 624 2937 recte.
640 2903 710 2934 Fin.
727 2903 770 2933 iv.
784 2906 814 2934 3.

795 104 943 134 INDEX
973 102 1271 133 LATINITATIS·

1098 192 1282 233 Qniricare.
1307 191 1348 222 ad
1364 191 1440 222 Div.
1464 202 1494 222 x.
1511 194 1563 224 32.
1587 195 1622 223 et
1644 191 1700 223 illo
1717 187 1781 223 mi-

1052 245 1126 266 sero
1138 237 1323 276 quiritanti,
1333 236 1420 266 Civis
1432 235 1528 267 Rom.
1541 246 1615 267 sum
1629 236 1688 266 &c.
1704 245 1780 277 pro-

1053 279 1163 319 prium
1181 284 1230 309 est
1258 279 1292 309 in
1310 279 1370 309 hac
1400 288 1434 309 re
1458 280 1612 310 verbum:
1648 280 1687 310 de
1715 289 1781 319 quo

1054 323 1126 362 egit
1141 322 1208 353 late
1235 322 1398 353 Schwarz.
1420 322 1462 353 ad
1477 323 1560 354 Plin.
1578 323 1657 354 Pan.
1676 324 1728 358 29.
1745 333 1779 364 p.

1058 370 1111 400 99.

1102 409 1259 450 Quisque,
1290 411 1426 450 antique
1453 420 1513 451 pro
1539 411 1607 450 qui,
1634 411 1715 450 Leg.
1747 408 1781 440 11,

1058 462 1157 493 saepe.
1178 453 1250 483 add.
1273 453 1415 485 Gronov.
1434 454 1475 484 ad
1492 455 1561 485 Liv.
1580 456 1600 484 i.
1618 457 1670 485 24.

1102 497 1256 537 Quisquis
1272 507 1330 537 pro
1347 498 1496 537 quisque.
1513 498 1647 528 Cluent.
1668 501 1716 532 19.
1741 502 1780 528 ut
1807 508 1809 511 ·

1058 541 1210 580 quicquid
1239 541 1532 581 apprehenderam.
1560 542 1602 571 cf.
1630 541 1671 571 ad
1701 541 1777 571 Div.

1057 583 1099 613 vi.
1122 587 1147 613 1.

1099 627 1206 667 Quod,
1230 629 1351 667 quoad,
1378 633 1553 668 quantum.
1577 628 1705 658 Domit.
1729 630 1779 658 13.

1057 672 1142 710 quod
1156 671 1189 700 in
1205 676 1238 702 te
1256 677 1316 702 est.
1339 673 1436 703 Rosc.
1454 673 1492 703 A.
1510 675 1562 703 34.
1586 673 1669 712 quod
1690 671 1780 702 salva

1057 713 1122 744 fide
1141 715 1200 744 &c.
1224 715 1326 746 Attio.
1339 717 1394 746 xii.
1410 719 1462 747 48.
1485 717 1569 756 quod
1583 716 1706 746 licebit.
1724 716 1780 745 ubi

1059 768 1088 787 v.
1112 758 1218 788 Graev.
1236 759 1277 789 ad
1302 760 1376 789 Div.
1394 760 1415 789 i.
1444 764 1469 790 1.
1493 761 1577 799 quod
1605 759 1780 790 commodo

1057 811 1129 831 rem
1145 802 1252 832 facere
1269 804 1384 843 possis.
1409 804 1448 833 de
1467 814 1530 842 quo
1556 803 1642 839 loco,
1658 808 1693 833 et
1719 813 1782 833 usu

1060 844 1158 884 hujus
1185 846 1357 886 particulae
1374 857 1404 877 v.
1421 847 1523 877 Gron.
1542 847 1583 876 ad
1598 842 1669 877 Lir.
1694 847 1781 876 xxvi.

1059 891 1112 919 32.
1144 889 1162 907 ³⁶
1179 890 1219 920 ab
1246 890 1344 921 initio
1371 891 1498 930 periodi
1529 900 1616 930 saepe
1644 890 1782 930 ponitur

1061 942 1138 972 pro:
1164 933 1198 963 in
1216 944 1294 972 quo,
1321 935 1355 964 in
1372 944 1438 973 qua
1454 945 1501 972 re,
1520 934 1561 964 ad
1577 935 1610 964 id
1626 934 1714 973 quod
1730 938 1783 964 at-

1057 976 1158 1014 tinet,
1182 978 1233 1007 uti
1263 979 1366 1008 etiam
1395 979 1429 1008 in
1460 977 1518 1008 illo
1548 979 1631 1018 quod
1658 979 1695 1008 si.
1719 976 1782 1007 Sed

1057 1029 1189 1060 semper
1204 1021 1348 1052 refertur
1371 1021 1412 1051 ad
1428 1022 1627 1052 antecedens
1644 1020 1782 1060 aliquid,

1057 1068 1092 1094 et
1106 1065 1298 1095 transitioni
1322 1066 1433 1096 servit.
1460 1065 1553 1096 Verr.
1575 1066 1596 1095 i.
1622 1066 1675 1096 46.
1699 1064 1783 1105 quod

1057 1117 1113 1138 vos
1130 1108 1250 1139 oblitos
1262 1119 1332 1139 esse
1350 1119 1416 1139 non
1433 1110 1588 1147 arbitror,
1606 1119 1679 1148 quae
1697 1108 1783 1138 mul-

1056 1151 1167 1182 titudo
1180 1153 1239 1182 &c.
1258 1153 1300 1183 ib.
1318 1154 1360 1183 iv.
1379 1153 1430 1184 56.
1454 1153 1537 1192 quod
1550 1158 1665 1183 tamen
1682 1162 1782 1182 nemo

1057 1196 1218 1236 suspicari
1244 1196 1355 1235 debet,
1367 1199 1435 1226 tam
1452 1206 1522 1226 esse
1537 1207 1589 1226 me
1608 1196 1782 1237 cupidum,

1061 1239 1121 1270 ἀρ.
1146 1237 1269 1270 Caecin.
1295 1242 1348 1271 25.
1372 1240 1458 1280 quod
1481 1240 1572 1270 vobis
1605 1241 1717 1271 venire
1748 1240 1783 1269 in

1061 1286 1210 1313 mentem
1239 1284 1388 1324 profecto
1419 1294 1553 1314 necesse
1584 1288 1656 1322 est3
1699 1282 1782 1314 nihil

1059 1336 1130 1357 esse
1156 1328 1215 1358 ἃς.
1241 1328 1320 1358 Coel.
1337 1330 1389 1359 32.
1415 1329 1500 1367 quod
1515 1338 1591 1358 cum
1614 1328 1702 1358 vobis
1720 1328 1782 1358 hu-

1055 1371 1112 1409 jus
1138 1371 1397 1402 adolescentiam
1429 1373 1677 1411 proposueritis.
1701 1372 1782 1403 Nat.

1060 1415 1104 1445 D.
1122 1415 1155 1444 ii.
1173 1419 1203 1449 9.
1229 1416 1311 1455 quod
1327 1415 1460 1454 quidem
1479 1415 1659 1446 Cleanthes
1685 1414 1782 1446 docet

1058 1464 1231 1497 -quanta
1261 1461 1307 1489 vis
1341 1459 1422 1489 insit
1453 1459 1512 1490 ἃς.
1537 1460 1712 1490 Manutius
1740 1459 1781 1489 ad

1059 1501 1136 1532 Div.
1154 1503 1220 1533 viii.
1242 1506 1290 1534 14.
1305 1503 1340 1533 in
1356 1502 1405 1533 1115
1423 1503 1507 1543 qnod
1520 1508 1619 1543 putat
1646 1503 1710 1533 dici
1723 1513 1782 1542 pro

1057 1545 1126 1576 sed.
1148 1546 1180 1576 J.
1199 1547 1249 1577 Fr.
1273 1547 1416 1577 Gronov.
1443 1547 1485 1576 ad
1507 1547 1579 1577 Liv.
1602 1547 1735 1577 xxxviii.
1751 1551 1783 1581 9.

1057 1590 1141 1630 quod
1165 1590 1348 1628 πλεονάζειν,
1370 1596 1405 1620 et
1430 1591 1476 1621 sic
1507 1590 1574 1621 alii.
1598 1591 1782 1621 Nobiscum

1059 1634 1140 1664 facit
1156 1634 1305 1664 Perizon.
1334 1633 1376 1664 ad
1398 1634 1510 1665 Sanct.
1528 1634 1672 1664 Minerv.
1689 1635 1731 1664 iv.
1750 1637 1781 1665 5.

1060 1682 1091 1712 9.
1106 1677 1179 1708 add.
1194 1688 1274 1717 quos
1291 1678 1406 1708 laudat
1416 1679 1532 1709 Burni.
1544 1678 1586 1708 ad
1597 1678 1688 1718 Virg.
1705 1678 1782 1708 AEn.

1060 1721 1094 1751 ii.
1116 1724 1185 1752 1⁴1.
1209 1726 1243 1751 et
1266 1722 1440 1752 Drakenb.
1464 1722 1505 1752 ad
1525 1721 1595 1752 Liv.
1613 1722 1714 1752 xxxii.
1729 1725 1783 1755 37.

1060 1765 1116 1795 xli.
1150 1769 1199 1796 10.
1223 1766 1310 1806 *pro
1335 1771 1373 1796 nt
1399 1766 1464 1796 dici
1493 1771 1592 1806 putat
1618 1765 1784 1796 Pearcius.

1060 1810 1153 1840 Orat.
1172 1810 1206 1840 ii.
1227 1813 1254 1839 1.
1278 1809 1336 1840 sed
1351 1809 1443 1840 locus
1460 1808 1514 1839 ille
1531 1815 1583 1840 est
1597 1810 1668 1839 sine
1684 1809 1784 1840 dubio

1060 1857 1252 1893 corruptus,
1275 1858 1311 1884 et
1336 1854 1455 1884 ceteris
1481 1853 1562 1884 10015
1589 1853 1699 1884 allatis
1736 1851 1784 1883 nil

1060 1897 1250 1927 conficitur.

1105 1941 1269 1982 Quomodo
1298 1951 1356 1981 pro
1392 1939 1703 1980 quocumquemodo
1744 1938 1787 1970 ad

1062 1984 1137 2015 Div.
1155 1995 1184 2016 v.
1198 1987 1250 2016 20.
1274 1983 1424 2025 quomodo
1439 1986 1636 2026 potuissem,
1655 1988 1689 2015 te
1705 1993 1786 2014 0011-

1061 2038 1237 2059 venissem.

1104 2072 1284 2113 Quoniam.
1310 2072 1405 2103 Verr.
1427 2072 1450 2102 i.
1478 2075 1508 2107 9.
1533 2081 1600 2102 non
1630 2072 1785 2111 quoniam

1060 2115 1122 2147 hoc
1138 2117 1182 2146 sit
1198 2126 1345 2153 necesse,
1361 2126 1420 2157 pro
1438 2126 1503 2146 non
1520 2126 1585 2156 quo
1601 2115 1634 2146 h.
1650 2125 1676 2147 5.
1691 2125 1725 2145 n.

1104 2160 1282 2200 thotenus.
1305 2160 1375 2191 Att.
1395 2160 1448 2190 xii.
1464 2164 1517 2192 33.
1541 2160 1654 2190 nescio
1680 2163 1786 2200 quote-

1061 2213 1178 2234 norum
1189 2214 1362 2243 jugerum.

1104 2248 1338 2288 Quotidianus,
1370 2246 1526 2286 mlgaris.
1561 2247 1659 2277 Orat.
1688 2246 1709 2276 i.
1731 2247 1784 2276 23.

1060 2291 1243 2330 loquacitas
1259 2292 1458 2332 quotidiana.
1481 2290 1500 2309 ⁵*
1517 2290 1640 2320 Coecin.
1657 2291 1710 2321 32.
1737 2290 1786 2320 vis

1060 2335 1259 2375 quotidiana.
1284 2346 1314 2365 v.
1330 2335 1398 2366 Vis.
1422 2335 1467 2365 ib.
1492 2337 1546 2365 31.
1569 2333 1787 2364 interdictum

1061 2379 1303 2420 quotidianum,
1320 2379 1409 2420 quod
1424 2383 1475 2409 cst
1491 2378 1531 2408 de
1548 2379 1577 2409 vi
1586 2378 1788 2419 quotidianas

1400 2465 1441 2497 R.

1106 2552 1247 2592 Habere,
1263 2553 1384 2584 furere.
1401 2553 1484 2590 Div.
1502 2553 1522 2583 i.
1539 2555 1592 2583 31.

1108 2597 1232 2628 Radix.
1260 2597 1340 2628 Coel.
1358 2598 1389 2628 6.
1414 2597 1477 2627 nisi
1493 2597 1651 2627 vitiorum
1669 2596 1792 2635 immag

1064 2641 1152 2671 nitas
1170 2641 1366 2680 quibusdam
1379 2640 1550 2671 facilitatis
1566 2644 1600 2670 et
1615 2641 1808 2681 patientia·

1061 2684 1225 2715 radicibus
1266 2685 1441 2715 niteretur.
1470 2684 1541 2715 Att.
1573 2694 1604 2715 x.
1631 2686 1679 2714 11.
1717 2683 1790 2713 haec

1065 2738 1141 2758 suas
1155 2729 1282 2759 radices
1296 2728 1397 2758 habet
1412 2741 1418 2759 :
1444 2728 1465 2757 i.
1481 2737 1510 2758 e.
1526 2731 1643 2768 suapte
1669 2732 1792 2757 natura

1062 2771 1141 2802 talis
1158 2775 1219 2802 est.
1243 2774 1262 2793 ἢ*
1281 2771 1323 2802 ad
1338 2772 1412 2804 Div.
1435 2771 1478 2801 vi.
1496 2772 1527 2802 6.
1552 2771 1730 2812 Pompeius
1751 2780 1790 2800 eo

1069 2816 1185 2846 robore
1201 2816 1300 2853 viret,
1316 2815 1354 2846 iis
1372 2815 1547 2846 radicibus.

1110 2859 1250 2890 Ramus.
1273 2859 1374 2890 Tusc.
1391 2859 1438 2890 iii.
1454 2859 1485 2889 6.
1516 2868 1624 2889 ramos
1639 2862 1793 2899 amputa·

1065 2911 1100 2934 re
1117 2903 1338 2940 miseriarum.
