1920 3196
221 98 308 138 518
673 101 837 131 mmzx
871 99 1305 131 amuco-Lamum.

221 192 352 226 dulcius
376 189 556 232 quidquam
579 191 732 232 aspicere.
755 188 796 220 ad
822 188 892 220 Att.
915 188 951 220 ii.

227 239 275 268 11.
294 234 395 265 Hom.
413 232 517 274 Odyss
535 239 559 264 1.
572 243 603 264 v.
619 236 672 268 27.

265 275 482 321 Τριπολιτικδς,
499 275 579 307 liber
593 275 769 315 inscriptus
785 273 952 313 Tripolz'ti-

222 331 291 353 cus.
306 319 348 351 ad
364 321 438 350 Att.
457 318 523 349 xiii.
537 320 589 349 32.
613 327 730 358 nempe
754 315 952 354 Dicaearchi,

225 364 319 405 cujus
332 362 435 393 etiam
450 360 538 403 apud
552 360 751 392 Athenaeum
769 359 810 389 iv.
828 368 860 399 p.
881 361 950 389 141.

225 407 267 439 A.
284 405 424 436 mentio.

268 446 561 492 Τςισαςιιοπαγῖπης,
583 445 722 477 eximius
737 443 953 483 Areopagita,

224 491 447 524 severissimus
457 490 571 528 judex.
594 487 634 518 ad
649 487 722 517 Att.
738 486 782 516 iv.
800 488 850 516 15.

268 533 381 578 πςὸποι,
419 533 592 563 verborum
620 529 876 563 immutationes,
905 537 951 559 sc.

225 586 292 616 qua
306 585 452 612 sensum,
466 584 541 605 cum
557 573 598 604 ad
619 572 719 603 aliam
743 579 811 601 rem
826 570 953 610 signifi.

226 618 367 650 eandam
407 616 666 654 transferuntur,
694 623 793 654 quam
823 612 953 654 proprie

223 661 426 702 significant.
442 659 540 690 Brut.
564 661 611 691 17.

266 701 492 746 τυραννοκτὸνοι,
508 698 735 740 tyrannidem,
750 696 791 728 ad
806 696 883 728 Div.
897 697 953 728 xii.

226 748 280 778 22.
303 746 344 777 ad
359 745 431 777 Att.
449 745 514 774 xiv.
530 744 562 773 6.

267 787 450 829 πυφλώττω,
466 787 608 821 cenatio,
625 782 666 814 ad
680 782 751 813 Att.
768 782 802 812 ii.
820 784 867 816 19.

269 833 326 863 *ἂν
346 829 369 863 δ’
391 830 491 862 αι’«τιίν
507 828 562 859 τίὲν
578 826 690 869 Beue-m
713 826 757 859 τὶς
775 823 873 865 εἶχεν,
895 825 950 855 ho-

224 884 303 906 rum
331 876 466 915 eulpam
490 872 562 911 quis
576 870 765 901 Brutorum
786 871 922 898 sustmet
937 867 953 896 ?

225 918 297 958 quis
323 916 513 949 Brutorum
541 915 664 944 harum
699 919 813 941 rerum
840 914 956 941 auctor

212 959 318 1001 ficit?
341 958 382 990 ad
395 959 466 989 Att.
484 967 536 987 xv.
565 957 612 987 12.

269 1002 325 1033 τᾶἷν
349 1001 401 1043 μὶν
429 999 576 1043 παρόντων
605 996 637 1028 δι’
667 994 816 1036 ἔλαχῖςης
843 995 953 1032 βουλῆς

226 1046 366 1090 ‚cedrus-05
401 1043 534 1084 γνώμων,
571 1041 627 1072 τῶν
655 1037 683 1070 δὲ
707 1039 877 1079 μελλὸνπων
906 1037 953 1068 ἐπὶ

226 1090 345 1122 πλεῖς-ον
361 1088 413 1119 eroso
434 1085 620 1127 γενησομένου
640 1083 733 1126 ἅςιςος
758 1082 889 1118 εἷκαςῆς,
903 1090 954 1110 re-

225 1142 303 1163 rum
327 1131 456 1172 quidem
476 1129 692 1171 proesentium
714 1126 793 1156 inito
815 1125 903 1155 brevi
925 1126 956 1152 et

226 1174 441 1215 extemporali
456 1171 584 1202 consilio
603 1167 743 1210 optimus
758 1167 877 1198 indem:
888 1165 957 1212 fic·

224 1222 383 1256 turarum
403 1219 516 1246 autem
539 1221 665 1252 magna
687 1221 728 1241 ex
747 1214 846 1250 parte
870 1217 954 1254 ejus,

225 1260 312 1301 quod
324 1263 519 1289 eventurum
535 1261 620 1292 erat,
637 1254 836 1284 certissimus
849 1260 955 1291 conJe-

225 1307 305 1333 ctor.
329 1301 369 1332 ad
391 1302 462 1334 Att.
475 1310 505 1329 x.
522 1301 553 1330 8.
598 1299 684 1328 Sunt
708 1295 807 1326 verba
822 1294 954 1334 Thucy-

227 1344 309 1376 didis
323 1345 363 1375 de
375 1340 600 1374 Themistocle
618 1338 640 1370 i.
660 1340 729 1370 138.

268 1388 324 1418 *νῦν
351 1385 598 1417 πολιτικωτάτων
633 1381 826 1423 σκεμμάτῳν,
854 1379 955 1409 consi-

224 1429 433 1461 derationum
457 1438 482 1458 s.
505 1426 718 1467 qztoestc'onum
740 1424 886 1454 maxime
911 1421 957 1452 ad

225 1482 332 1512 remp.
343 1471 596 1512 pertinentium.
611 1468 652 1498 ad
666 1467 739 1498 Att.
753 1477 786 1496 x.
805 1469 831 1495 1.

269 1515 327 1546 πόν
352 1513 496 1557 προῦργου
518 1512 558 1548 «τὶ,
583 1520 708 1547 eorum,
723 1517 794 1550 quce
815 1511 893 1538 sunt
917 1516 957 1536 ex

224 1570 275 1595 re,
287 1558 423 1599 aliquid.
440 1557 481 1588 ad
495 1556 567 1587 Att.
582 1554 625 1584 ix.
641 1555 674 1583 4.

268 1602 310 1642 τῷ
338 1601 428 1641 καλοῖ
459 1596 684 1642 προσ-πέπονθα,
724 1592 846 1624 honesti
882 1600 955 1622 sum

225 1644 486 1676 amantissimus.
510 1641 550 1672 ad
566 1640 638 1670 Att.
657 1639 690 1668 ii.
712 1639 759 1671 19.
783 1633 815 1666 εὖ
828 1635 959 1674 πάσχειν

225 1686 294 1731 πρός
309 1699 373 1718 τινα
388 1691 507 1716 notum
521 1688 571 1713 est
586 1691 654 1712 esse
669 1688 786 1728 amore
799 1679 954 1718 aliquem.

268 1733 311 1771 τῷ
326 1730 382 1760 ‘1’th
398 1728 459 1759 νεόν
473 1725 654 1765 καταλὸγῳ,
665 1730 803 1753 navium
823 1730 955 1750 enume-

225 1774 367 1810 ratione,
393 1770 432 1802 ad
454 1771 525 1801 Att.
543 1769 586 1799 vi.
601 1770 632 1800 2.
646 1776 690 1797 se.
707 1773 780 1804 quae
795 1770 843 1793 est
865 1761 953 1804 apud

229 1815 416 1849 Homerum
430 1813 514 1844 libro
530 1809 673 1842 secundo
685 1807 819 1839 Iliados,

572 1901 612 1927 T.

269 1982 365 2022 ὖάδες,
395 1983 527 2024 hyades.
551 1981 633 2012 Nat.
657 1978 702 2009 D.
718 1976 753 2008 ii.
776 1979 830 2008 43.
859 1975 953 2007 Arat.

225 2028 310 2068 frag.
334 2026 431 2060 Sidus
443 2026 478 2056 in
492 2024 581 2056 tauri
596 2022 715 2062 capite.

267 2070 359 2110 ὑγιὶς,
371 2069 549 2105 sincerum,
564 2073 697 2097 sanum.
714 2061 755 2093 ad
768 2061 840 2092 Att.
852 2071 883 2091 x.
903 2061 953 2091 12.

268 2111 336 2151 ὕειν,
347 2114 478 2152 pluere,
492 2111 574 2142 Nat.
590 2108 635 2138 D.
650 2106 685 2136 ii.
699 2107 753 2136 43.

268 2155 366 2193 ὖλλό,
392 2154 525 2190 celebro,
546 2150 720 2193 pervulgo,
739 2146 780 2178 ad
799 2145 871 2177 Att.
887 2145 956 2176 xiii.

224 2202 278 2232 30.
325 2195 388 2229 Sed
417 2196 591 2226 Graeviana
618 2190 720 2222 habet
736 2201 743 2219 ι
774 2190 855 2219 volo.
901 2188 955 2219 Ita

223 2242 327 2275 etiam
341 2239 516 2271 Manutius
529 2242 564 2268 et
579 2235 648 2271 alii,
662 2238 696 2264 et
711 2241 782 2263 nos.

221 2285 225 2288 ’
267 2281 478 2323 ὑπεκθὲμενος,
492 2289 568 2311 cum
595 2279 684 2309 clam
705 2274 900 2322 subduxero,
924 2278 955 2304 et

226 2330 456 2368 transportare
492 2323 615 2362 aliquo,
642 2329 674 2349 v.
703 2329 731 2348 e.
768 2316 955 2347 secumtatis

226 2379 342 2403 causa.
360 2367 402 2400 ad
425 2367 496 2398 Att.
513 2365 571 2395 vii.
598 2366 646 2397 17.
692 2361 746 2391 Sic
761 2364 795 2390 et
811 2358 957 2390 ἐκθέσθαι

226 2407 361 2447 dicitur.

222 2450 224 2453 ¹
268 2452 478 2498 timeare-1235,
501 2451 581 2490 plus
605 2455 706 2489 quam
740 2444 882 2483 Atticus,
913 2444 954 2476 ad

221 2498 299 2535 Att.
313 2507 368 2528 xv.
385 2499 414 2527 1.

268 2538 427 2584 ὑπερβολὴ,
449 2534 607 2567 sermonis
624 2530 875 2574 exsuperantia,
899 2538 954 2559 su-

219 2581 376 2626 perlatio.
399 2579 439 2612 ad
455 2579 527 2610 Att.
546 2576 603 2606 vii.
620 2576 672 2605 3-2.
699 2616 705 2621 .

270 2623 478 2669 ὖπερέολικῖιῖς,
505 2628 609 2659 Supra
635 2617 822 2656 veritatem,
852 2621 956 2653 supra

227 2668 372 2700 modum.
395 2665 437 2697 ad
451 2667 522 2697 Att.
538 2671 570 2692 v.
585 2662 637 2703 (ΣΙ.
652 2659 695 2688 vi.
711 2659 744 2689 2.
761 2654 803 2688 ad
818 2655 883 2696 Ωιι.
900 2655 955 2685 Fr.

224 2712 259 2743 ii.
278 2714 329 2742 14.

268 2752 433 2793 ἑπηνίμιος,
449 2749 490 2781 ad
511 2751 584 2780 Att.
601 2745 665 2775 xiv.
684 2745 734 2774 10.
777 2740 886 2771 Verba
902 2739 955 2788 (ἷοί-

227 2797 357 2831 cei-onis
371 2796 503 2833 integra
511 2788 723 2830 adjiciemus:
747 2783 872 2834 Izoecet
886 2784 957 2835 (1123

215 2840 317 2885 ferre,
338 2847 402 2870 non
418 2844 562 2877 possum.
607 2830 733 2881 Itaque'
748 2838 803 2867 γην
824 2824 879 2868 πρὸ
901 2837 958 2866 γης

227 2883 346 2923 cogito.
393 2879 470 2913 Tua
502 2880 615 2908 tamen
648 2871 798 2911 ὑπηνεμιος
834 2877 961 2900 nausea

988 186 1110 229 jamne
1125 190 1230 230 plane
1250 189 1330 220 abiit
1344 187 1360 218 ?
1402 187 1442 218 In
1463 186 1524 218 hac
1543 185 1716 218 verborum

993 230 1276 270 interpunctione,
1311 230 1458 271 ὑπηνέμιος
1499 229 1640 260 refertur
1677 228 1718 260 ad

994 281 1133 309 nausea,
1155 283 1308 312 quorsum
1337 274 1484 305 referunt
1508 273 1717 312 interpretes,

995 318 1029 344 et
1042 315 1207 355 explicant
1221 315 1260 347 de
1275 325 1397 348 nausea
1410 316 1473 347 levi
1487 320 1522 345 et
1537 324 1605 345 non
1620 313 1718 344 ‹lura-

995 356 1070 386 bili:
1095 366 1125 387 v.
1143 357 1338 398 Manutius3
1360 357 1466 398 qualis
1484 357 1556 388 haec
1574 357 1643 397 ipsa
1656 356 1716 386 At—

989 398 1047 428 tici
1089 408 1209 430 nansea
1240 400 1316 438 fuit,
1352 410 1450 440 quam
1486 410 1537 440 ep.
1568 402 1599 429 8.
1629 398 1661 428 h.
1694 398 1717 429 1.

993 440 1140 480 appellat
1168 445 1383 474 nauseolams
1406 443 1554 482 ὑπηνέμιον
1583 442 1716 477 dicitur,

993 483 1148 522 quidquid
1171 485 1270 515 inane
1293 491 1342 515 est
1365 491 1400 515 et
1421 485 1531 522 futile,
1556 484 1608 514 cui
1630 489 1717 514 tam-

994 534 1092 564 quam
1108 530 1226 557 ventus
1242 527 1338 557 inest.
1372 527 1464 558 Nota
1477 532 1556 557 sunt
1570 535 1629 557 ουα
1643 527 1717 558 ὑπη-

994 567 1087 607 νέμιοι,
1112 567 1152 597 de
1173 569 1289 608 quibus
1311 568 1382 600 vide
1407 569 1511 600 Cerda
1534 569 1575 599 ad
1600 568 1718 607 virgil.

993 610 1114 649 Georg.
1133 611 1167 641 ii.
1191 613 1264 644 ⁶273.
1307 611 1371 642 Sed
1393 611 1549 651 quidquid
1563 612 1619 648 sit,
1636 611 1718 641 mihi

993 651 1142 691 ὑπηνέμιος
1172 663 1238 683 non
1268 653 1397 684 videtur
1423 653 1593 684 commode
1619 653 1718 693 jungi

993 704 1133 726 nauseae.
1179 695 1284 726 Graeci
1303 696 1392 726 enim
1408 705 1536 735 semper
1549 695 1664 726 dicunt
1679 696 1719 726 de

994 738 1032 767 iis
1054 737 1162 774 rebus,
1178 748 1250 777 quae
1269 738 1409 778 speciem
1422 737 1566 777 aliquam
1583 737 1719 774 habent,

993 779 1050 809 sed
1069 779 1100 809 vi
1122 779 1363 817 destituuntur,
1378 789 1567 820 semperque
1582 779 1616 809 in
1631 779 1721 809 dete-

995 822 1114 852 riorem
1136 829 1262 862 partem
1286 823 1454 853 adhibent.
1499 822 1614 860 Itaque
1638 821 1720 852 mihi

995 864 1169 895 videbatur
1203 865 1504 906 interpungendum
1538 873 1607 894 esse
1643 872 1721 904 post

995 905 1159 946 ὑπηνέμιος,
1189 908 1257 938 ita:
1299 908 1374 939 Tua
1409 911 1522 937 tamen
1557 905 1720 945 ὑπηνέμιος.

997 950 1138 980 Nausea
1152 948 1273 990 jamne
1286 951 1389 990 plane
1411 950 1515 980 abiit?
1560 950 1722 980 Monebat

995 992 1097 1022 etiam
1125 992 1229 1022 illud:
1263 997 1387 1029 tamen,
1412 991 1498 1031 quod
1520 991 1561 1022 ad
1587 995 1720 1022 antece-

996 1034 1110 1064 dentia
1151 1034 1345 1065 relationem
1376 1034 1487 1072 habet,
1525 1044 1643 1074 nempe
1680 1034 1721 1066 ad

995 1076 1085 1106 haeez
1120 1077 1231 1116 itaque
1254 1079 1309 1117 γῆν
1334 1077 1388 1120 πρὸ
1407 1078 1462 1116 ’γῆς
1488 1078 1601 1116 cogito.
1647 1075 1723 1108 Tua

995 1122 1120 1155 tamen,
1156 1119 1305 1160 intellige
1340 1125 1444 1158 terra,
1476 1119 1624 1158 ὑπηνέμιος
1660 1124 1722 1151 est.

996 1160 1128 1191 Atticus
1143 1166 1215 1192 erat
1229 1163 1264 1193 in
1279 1162 1419 1199 Graecia,
1435 1167 1470 1193 et
1483 1161 1626 1193 habebat
1640 1172 1723 1202 prae-

996 1203 1050 1234 dia
1072 1203 1108 1234 in
1134 1203 1246 1244 Epiro.
1294 1206 1338 1236 Eo
1368 1205 1565 1236 invitaverat
1590 1204 1721 1236 Cicero-

996 1254 1086 1283 nem,
1102 1256 1141 1276 eo
1164 1247 1264 1278 etiam
1281 1248 1327 1279 ire
1351 1248 1466 1279 Cicero
1489 1247 1656 1287 cogitabat
1671 1248 1721 1278 in-

994 1288 1139 1318 terdum.
1162 1299 1192 1319 v.
1208 1289 1292 1320 Phil.
1310 1291 1332 1321 i.
1346 1295 1381 1320 et
1403 1290 1437 1321 ii.
1453 1296 1488 1320 et
1510 1300 1561 1329 ep.
1584 1293 1629 1320 13.
1646 1289 1679 1320 h.
1697 1291 1720 1321 l.

997 1329 1060 1360 Sed
1081 1330 1254 1362 dubitabat
1276 1337 1401 1363 tamen.
1447 1332 1566 1371 Cogito
1591 1332 1721 1372 quidem

996 1372 1035 1402 de
1067 1373 1227 1404 mutanda
1262 1379 1364 1412 terra,
1395 1374 1450 1404 sed
1478 1380 1572 1404 tuam
1607 1379 1721 1406 tamen

998 1414 1147 1455 ὑπηνέμιον
1162 1425 1230 1446 esse
1246 1418 1398 1448 arbitror.
1420 1416 1569 1456 ὑπηνέμιος
1585 1417 1670 1447 idem
1687 1417 1722 1448 h.

996 1458 1020 1488 l.
1035 1463 1098 1495 est,
1115 1458 1201 1498 quod
1224 1459 1376 1500 ὑπήνεμος,
1392 1460 1452 1490 nisi
1469 1460 1606 1491 fortasse
1622 1459 1723 1491 ὑπήνε-

995 1512 1049 1540 μος
1081 1500 1270 1540 legendum,
1301 1503 1337 1534 h.
1367 1513 1396 1533 e.
1426 1508 1526 1532 vento
1561 1503 1723 1542 exposita,

997 1547 1124 1584 aperta,
1154 1543 1188 1573 in
1220 1545 1291 1575 loco
1317 1550 1432 1586 aperto
1462 1545 1581 1585 posita,
1610 1544 1722 1584 quales

995 1588 1075 1616 sunt
1103 1586 1172 1615 nidi
1201 1585 1349 1628 ὑπήνεμοι,
1376 1597 1444 1618 non
1472 1587 1506 1617 in
1534 1591 1638 1624 terra,
1663 1594 1722 1617 aut

997 1638 1077 1658 cava
1100 1629 1214 1659 arbore
1233 1632 1346 1671 positi,
1367 1630 1423 1660 sed
1447 1630 1482 1659 in
1505 1629 1607 1659 libero
1633 1633 1722 1666 aere,

997 1671 1053 1700 ubi
1083 1680 1150 1700 non
1178 1678 1258 1703 sunt
1286 1672 1367 1713 pulli
1396 1683 1416 1703 a
1443 1673 1473 1702 vi
1500 1672 1723 1713 tempestatis,

996 1717 1236 1752 ventorumque
1258 1715 1338 1746 tuti.
1384 1714 1501 1755 Itaque
1524 1718 1584 1744 tua
1611 1718 1723 1744 tamen

998 1755 1159 1795 ὑπηνέμιος,
1175 1757 1255 1787 mihi
1271 1758 1445 1788 videbatur
1466 1757 1552 1788 hanc
1575 1757 1639 1786 vim
1664 1757 1721 1787 ha-

998 1799 1095 1829 bere:
1129 1797 1185 1828 sed
1208 1801 1309 1830 etiam
1334 1799 1474 1837 Graecia‚
1496 1799 1530 1828 in
1552 1809 1651 1838 quam
1676 1801 1723 1829 ire

997 1840 1161 1877 volebam,
1183 1851 1249 1872 non
1264 1852 1332 1873 esse
1348 1842 1429 1874 mihi
1451 1846 1527 1873 tuta
1541 1842 1620 1871 satis
1636 1841 1724 1871 vide·

996 1888 1075 1920 tur3
1107 1883 1150 1913 ibi
1178 1894 1307 1924 quoque
1334 1884 1494 1915 obnoxius
1517 1893 1585 1914 esse
1613 1883 1725 1923 videor

996 1926 1145 1956 hostibus
1166 1929 1259 1958 meis.
1306 1927 1388 1958 Haec
1414 1927 1493 1958 mihi
1518 1927 1552 1956 in
1576 1931 1722 1957 mentem

996 1968 1035 1999 de
1048 1968 1112 1998 hoc
1127 1968 1200 1998 loco
1214 1969 1402 2000 veniebant.
1445 1969 1548 2000 Recte
1560 1979 1603 1999 an
1618 1977 1723 2005 secus,

996 2010 1158 2042 doctiores
1172 2011 1325 2043 viderint.

1038 2052 1189 2096 ὒπηςεσίοι,
1201 2055 1432 2092 ministerium,
1443 2053 1624 2096 officiorum
1635 2062 1721 2094 prce-

996 2097 1106 2131 statio,
1121 2095 1162 2126 ad
1177 2096 1249 2132 Att.
1267 2097 1313 2128 ix.
1332 2100 1381 2128 13.

1039 2138 1189 2176 ὖπόθεσις,
1213 2145 1452 2178 argumentum
1473 2138 1640 2174 sermonis,
1659 2137 1725 2167 clis-

993 2182 1177 2222 putationis
1196 2181 1250 2223 ἅμ’.
1274 2182 1315 2212 ad
1336 2183 1408 2213 Att.
1432 2181 1474 2212 iv.
1500 2184 1530 2211 5.
1553 2190 1605 2210 xv.
1635 2183 1661 2210 1.
1682 2179 1722 2210 ad

998 2224 1063 2264 Qu.
1088 2224 1141 2254 Fr.
1162 2224 1207 2253 iii.
1228 2227 1259 2254 5.
1302 2224 1387 2265 Top.
1412 2227 1465 2255 21.
1480 2223 1521 2254 ad
1543 2224 1615 2253 Att.
1630 2222 1653 2253 i.
1673 2225 1722 2253 14.

999 2267 1053 2297 xii.
1069 2268 1124 2297 45.
1142 2276 1194 2297 xv·
1212 2268 1263 2298 92.
1279 2266 1319 2296 ad
1332 2267 1395 2306 Ωιι.
1412 2267 1463 2297 Fr.
1481 2266 1515 2296 ii.
1533 2265 1582 2296 16.

1039 2309 1203 2345 ὑποθῆκαι,
1213 2310 1372 2349 pignora,
1387 2309 1428 2340 ad
1442 2309 1519 2339 Div.
1534 2308 1603 2338 xiii.
1620 2306 1670 2338 56.
1693 2315 1723 2337 ν.

998 2352 1107 2384 Graev.
1133 2351 1173 2382 ad
1195 2351 1227 2381 h.
1255 2350 1277 2381 l.
1309 2353 1363 2391 qui
1389 2353 1484 2382 docet
1506 2362 1524 2382 e
1549 2349 1722 2386 Salmasio,

996 2393 1197 2435 hypothecas
1211 2398 1245 2425 et
1262 2393 1413 2434 pignora,
1429 2394 1517 2424 inter
1532 2402 1606 2432 quae
1627 2390 1723 2421 hodie

997 2437 1076 2469 acti
1093 2437 1316 2475 distinguunt,
1329 2437 1416 2477 apud
1439 2442 1563 2467 veteres
1585 2433 1722 2465 eandem

996 2480 1062 2510 vim
1079 2479 1242 2509 hahuisse.

1039 2522 1202 2559 ὑποθῆκαι,
1219 2526 1399 2562 prm-epta,
1424 2520 1560 2551 monita.
1587 2518 1628 2549 ad
1649 2519 1724 2549 Att.

997 2568 1033 2598 ii.
1054 2567 1103 2598 17.

1041 2606 1259 2650 ὖποκοςίζομοιι,
1279 2607 1394 2639 leniori
1415 2606 1567 2637 vocabulo
1585 2605 1723 2644 appello,

997 2651 1038 2682 ad
1052 2653 1123 2681 Att.
1139 2651 1182 2680 ix.
1202 2653 1250 2680 10.

1040 2691 1306 2736 ὁπομιμψίμοιοος,
1332 2691 1558 2731 subquemeus,
1584 2689 1624 2720 ad
1651 2689 1723 2719 Att.

998 2738 1041 2768 vi.
1064 2740 1090 2766 l.

1041 2778 1212 2818 ιἰπῦμνημοι,
1238 2775 1504 2812 commentarius,
1531 2773 1571 2805 ad
1591 2773 1662 2804 Att.
1688 2773 1723 2804 ii.

1003 2826 1029 2854 l.
1054 2833 1104 2853 xv.
1121 2825 1174 2852 23.
1191 2818 1256 2849 xvi.
1275 2821 1323 2851 14.

1039 2861 1314 2905 ὖπομνημσιτισμός,
1344 2860 1386 2893 ad
1415 2860 1492 2892 Div.
1523 2859 1592 2891 xiii.
1618 2861 1647 2889 1.
1683 2857 1723 2889 ad

1884 2810 1920 3196 *remman
1900 1239 1920 2782 1.1QQQQ„-4m
1916 1207 1920 1226 ,„
