1985 3206
736 83 883 113 1NDEx

221 180 318 206 atur:
359 175 380 205 i.
404 184 433 204 e.
459 174 633 204 immensa.
664 172 743 203 Nat.
769 173 812 203 D.
837 172 872 202 ii.
898 174 950 203 ⁶24.

217 220 251 249 in
271 220 383 249 coelum
400 217 517 247 tollere
533 229 539 246 ι
568 227 625 256 pro
638 226 842 246 consecrare.
867 216 954 255 *pro

217 267 301 292 aere.
326 262 428 292 Acad.
453 262 493 291 iv.
519 262 571 291 96.
597 260 712 290 eodem
737 261 821 289 coelo.
849 260 953 289 Nem-

214 316 255 346 pe
272 307 354 335 aeris
372 306 416 335 vis
436 306 469 334 in
489 304 660 334 fundendo
682 313 759 340 aere,
782 309 821 333 ut
846 313 952 342 aquae.

216 349 303 379 Plin.
330 349 437 379 xxxiV.
461 353 492 382 9.
517 358 561 377 a‘s
585 357 684 377 omne
709 347 831 386 frigore
860 357 952 385 mag-

217 402 261 422 no
294 393 412 422 melius
440 391 605 421 funditur.
630 391 740 421 ¹1‘Dim
766 391 788 420 i.
815 393 867 420 43.
893 402 951 420 ειε-

216 438 286 466 Ιιιιη
304 436 502 466 discessisse.
519 435 598 465 ibid.
624 435 657 464 ii.
675 437 728 465 23.
744 435 813 464 coelt'
829 434 951 464 disces-

218 490 286 509 sus.
319 480 433 510 Genus
451 480 585 508 ostenti.
616 478 725 507 Etiam
741 478 775 508 in
793 479 894 507 sacris
912 477 950 507 li-

212 523 278 554 bris
306 529 355 553 est
383 523 489 565 σύςανοὶ
525 520 721 561 ἀνεῴχθησαν
747 521 871 552 Matth.
904 522 950 551 iii.

213 568 265 597 96.
291 566 456 606 τχιζῦμενοι
486 565 591 607 οὐρανοὶ
617 565 722 595 hiare.
756 566 777 595 i.
807 569 856 595 10.
890 566 949 595 ἃς.

215 611 277 640 Pro
296 622 335 640 eo
348 610 420 640 Liv.
438 611 515 639 xxii.
536 613 559 638 1.
577 610 691 638 coslum
710 609 801 638 findi.
819 619 848 639 v,
863 608 947 639 Plin.

212 655 246 684 ii.
261 655 313 684 ⁶26.
331 660 365 683 et
379 654 423 683 ibi
440 652 544 683 Hard.
560 652 729 682 Heins.ad
745 652 841 683 Ovid.
861 652 947 683 Fast.

216 698 262 727 iii.
276 701 313 731 37
325 701 351 727 1.

261 741 408 771 Co'e'mtio.
441 739 548 770 Flacc.
575 742 627 770 34.
652 740 709 769 Or.
728 740 750 769 i.
777 740 828 770 56.
857 740 947 770 Mur.

216 787 265 815 1⁶2.
301 794 405 823 genus
439 784 645 814 matrimonii
674 783 826 820 ineundi,
855 794 880 813 s.
906 784 948 813 ri-

212 832 267 859 tus
292 840 357 867 quo
381 829 415 858 in
440 829 499 858 viri
524 837 644 857 manns
667 827 803 856 feminae
828 837 947 857 conve—

216 873 366 902 niebant.
396 872 435 901 de
458 881 524 910 quo
553 871 661 900 multa
697 871 875 911 scriptores
906 871 946 900 de

215 917 353 956 nuptiis,
368 915 554 946 Brissonius
567 921 601 944 et
617 915 685 944 alii.
717 914 804 944 Illud
816 920 945 945 certum

212 966 275 996 est,
307 962 490 989 emtionem
516 958 684 997 quandam
711 959 945 997 imaginariam

212 1004 246 1032 in
264 1004 324 1033 hac
341 1005 510 1032 1·0i›·mtione
523 1003 755 1039 intervenisse,
768 1002 873 1041 qualis
888 1012 946 1032 au-

210 1053 281 1076 tem
306 1047 419 1082 fuerit,
435 1052 469 1076 et
495 1046 614 1085 quibus
642 1046 748 1075 verbis
764 1051 798 1075 et
826 1046 944 1076 ritibus

214 1096 352 1130 peraeta
381 1091 436 1126 sit,
467 1099 533 1119 non
575 1090 656 1119 satis
681 1094 772 1118 certo
800 1097 944 1120 constat.

215 1133 386 1163 Forniulas
404 1134 576 1163 verborum
597 1134 630 1162 in
641 1143 679 1162 ea
694 1143 726 1161 re
744 1133 886 1162 usitatas
904 1144 943 1163 ex

212 1177 347 1217 Ulpiani
373 1176 542 1206 institutis
574 1176 632 1206 dat
656 1177 827 1206 Boethius.
858 1177 942 1217 Top.

214 1231 242 1250 c.
267 1226 298 1252 3.
337 1222 356 1239 ἕ
372 1221 422 1250 Ab
441 1220 501 1249 hae
518 1225 632 1249 autem
658 1222 827 1250 miffmtione
844 1220 942 1260 plane

211 1264 340 1294 diversa
356 1269 407 1293 est
419 1274 469 1301 ea,
487 1264 526 1293 de
544 1274 610 1303 qua
626 1264 760 1294 Muren.
780 1267 827 1294 1⁶2.
846 1275 941 1295 senes

210 1308 252 1337 ad
268 1309 452 1338 coemtiones
465 1307 644 1338 faciendas.
693 1308 766 1338 Hoc
779 1309 868 1338 enim
885 1318 941 1347 ge-

210 1361 273 1381 nus
292 1357 526 1392 comparatum
553 1356 625 1380 erat
648 1351 690 1381 ad
715 1361 809 1381 sacra
824 1352 941 1382 interi-

210 1395 347 1432 menda,
377 1400 416 1424 ut
451 1395 570 1425 Cicero
608 1395 667 1425 ait.
723 1395 866 1435 Nempe,
902 1401 941 1426 ut

209 1440 338 1478 primus
351 1449 424 1468 vere
441 1439 684 1469 demonstravit
699 1438 730 1469 J.
749 1439 799 1468 Fr.
813 1439 941 1469 Grono-

209 1484 293 1518 vius,
310 1483 417 1519 heres,
438 1483 494 1521 qui
513 1482 734 1512 hereditatem
751 1483 821 1512 sine
838 1484 939 1513 sacris

209 1525 331 1556 habere
350 1526 519 1566 cupiebat,
533 1536 606 1555 eam
621 1526 784 1556 vendebat
794 1527 865 1556 seni
881 1537 941 1566 per

209 1579 253 1599 aes
282 1574 316 1599 et
348 1569 480 1606 libram,
511 1569 703 1599 venditione
730 1570 938 1609 imaginaria.

210 1613 293 1643 Haec
318 1623 368 1643 res
393 1613 479 1643 hanc
511 1614 577 1643 vim
609 1613 763 1650 habebat,
788 1618 826 1644 ut
857 1625 938 1653 quo-

207 1657 297 1686 niam
315 1667 416 1686 senex
434 1657 519 1686 bona
542 1657 690 1694 haberet,
707 1667 772 1686 non
789 1662 826 1687 ut
844 1657 939 1688 here-

207 1700 364 1737 ditatem,
381 1701 439 1730 sed
455 1706 491 1730 ut
506 1708 610 1737 emta,
622 1701 709 1731 bona
720 1711 760 1731 ea
772 1701 875 1731 libera
886 1713 937 1732 sa-

205 1745 269 1773 cris
298 1748 420 1774 essent.
469 1745 516 1774 Ut
533 1750 646 1774 autem
665 1744 819 1774 redderet
836 1756 936 1776 senex

209 1787 346 1817 domino
363 1787 585 1818 hereditatem
603 1789 691 1818 faeta
706 1790 865 1826 emtione,
879 1792 938 1819 sti-

209 1831 381 1871 pulatione
398 1832 588 1861 cavebatur.
606 1843 634 1861 v.
653 1832 723 1862 haec
740 1832 840 1862 latius
872 1833 936 1863 dis-

203 1880 382 1914 putantem
401 1875 544 1905 Gronov.
569 1875 608 1905 de
631 1877 716 1906 Sest.
734 1877 776 1906 iv.
794 1880 823 1910 7.
849 1877 935 1907 Cave

203 1923 318 1948 autem
347 1919 406 1948 hos
430 1929 524 1949 senes
547 1919 731 1950 confundas
748 1930 825 1949 cum
842 1922 929 1950 seni-

203 1961 263 1992 bus
279 1964 551 2002 coemtiorcalc'bus,
579 1970 617 1993 ut
637 1973 725 2004 saepe
745 1963 928 1994 doctissimi

205 2005 265 2035 viri
283 2006 404 2036 fecere.

253 2048 483 2080 CoEmtionalz's.
508 2050 550 2080 ad
572 2050 650 2080 Div.
666 2050 722 2079 vii.
749 2052 800 2085 99.
838 2059 934 2082 Senes

205 2094 438 2130 eofflhmmles,
471 2098 551 2123 sunt
582 2094 679 2130 servi,
713 2095 768 2133 qui
810 2095 933 2134 singuli

206 2141 342 2176 propter
379 2141 591 2167 senectutem
621 2138 767 2177 pretium
800 2138 932 2168 nullum

208 2178 397 2217 inveniunt,
408 2180 522 2217 juncti
539 2187 652 2211 autem
665 2180 805 2220 aliquot,
822 2186 861 2212 ut
877 2183 934 2212 do-

205 2223 275 2252 cuit
294 2223 438 2254 Gronov.
454 2224 494 2254 de
512 2226 649 2255 Sestert.
668 2226 710 2254 iv.
722 2230 752 2259 9.

250 2268 469 2298 cenaculum.
494 2276 544 2298 est
573 2278 647 2308 pars
674 2268 773 2298 altior
803 2269 932 2299 domus

200 2308 256 2338 Gr.
284 2310 416 2353 ὖκερῷοι.
455 2312 534 2351 Agr.
559 2312 592 2341 ii.
612 2315 664 2343 135.
697 2312 802 2342 Roma
828 2323 932 2343 caua-

198 2355 282 2383 eulz's
296 2364 458 2394 suspensa
485 2364 586 2395 atque
613 2355 763 2386 sublata:
791 2357 833 2386 Es
857 2357 933 2386 sind

197 2395 284 2427 hohe
303 2397 444 2429 Haeuser
467 2409 530 2429 von
548 2398 655 2429 vielen
674 2399 804 2439 Etagen
821 2400 932 2430 darin-

199 2449 275 2470 nen.
302 2441 366 2472 vid.
381 2442 530 2473 Turneb.
556 2442 597 2472 ad
622 2443 652 2473 h.
671 2442 743 2473 l.i11
761 2443 810 2473 his
838 2444 933 2474 habi-

196 2484 316 2514 tabant
341 2485 409 2515 fere
439 2497 627 2526 pauperes;
659 2487 749 2517 unde
767 2488 865 2527 jocus
898 2498 932 2517 a-

197 2527 266 2565 pud
294 2528 401 2558 Plaut.
427 2530 593 2570 Amphitr.
619 2530 665 2559 iii.
688 2533 715 2560 l.
742 2534 773 2561 3.
800 2532 855 2561 ubi
882 2531 930 2560 hi-

198 2571 281 2600 strio
304 2571 395 2602 Jovis
414 2583 590 2613 personam
607 2575 779 2604 sustinens
795 2587 800 2603 :
827 2575 860 2604 in
877 2584 932 2604 su-

195 2615 317 2652 periori
358 2617 413 2655 qui
453 2617 568 2647 habito
609 2620 782 2647 caenaculo.
813 2619 870 2648 ubi
902 2629 931 2649 v.

196 2656 280 2687 Intt.
310 2662 344 2688 et
377 2660 470 2690 Fabr.
503 2661 582 2691 Lex.
630 2661 828 2691 *Gruterus
862 2672 928 2693 non

195 2701 407 2740 improbabat
423 2703 602 2734 lectionem
616 2707 777 2734 emme-ulo
790 2715 847 2744 pro
861 2715 933 2736 sce-

193 2753 249 2781 na,
268 2745 309 2775 ad
323 2746 472 2777 Herenn.
487 2749 509 2778 i.
527 2752 574 2779 14.
597 2759 670 2787 quae
685 2748 717 2777 in
731 2748 834 2778 Codd.
847 2759 931 2780 non·

195 2788 297 2818 nullis
317 2790 535 2822 'Gruterianis
559 2792 638 2827 fuit,
663 2797 697 2821 et
722 2793 755 2821 in
778 2792 930 2832 Lipsien-

195 2831 222 2860 ιί
255 2842 387 2872 quoque
418 2840 453 2865 et
483 2834 722 2865 WVinkleriano
752 2837 930 2876 reperitur.

191 2873 303 2906 Verba
326 2877 396 2908 haec
419 2883 516 2909 suut:
551 2879 677 2910 Minius
705 2878 840 2918 quidam
865 2881 929 2911 Ae-

916 82 1213 113 LATINITATIS.

1648 78 1728 114 223

998 172 1088 202 cium
1120 177 1254 213 poetam
1281 173 1483 203 nominatim
1513 174 1729 213 compellavit

1001 215 1048 256 (h.
1079 226 1108 245 e.
1141 217 1353 256 perstrinxit:
1388 227 1416 246 v.
1444 217 1657 257 compellare)
1693 220 1727 249 in

996 269 1110 295 scena,
1135 270 1194 299 pro
1218 271 1282 300 quo
1306 264 1369 296 est,
1394 265 1431 290 ut
1455 260 1535 298 dixi,
1560 262 1594 291 in
1622 262 1727 293 Codd.

997 302 1165 342 plerisque
1184 305 1354 334 caenaculo.

1044 346 1185 377 (imaum.
1195 348 1333 377 convicii
1343 356 1459 386 genus.
1470 347 1560 377 Sext.
1573 351 1583 378 1
1596 351 1604 378 l
1615 349 1727 379 ,Dom.

1001 393 1049 421 18.
1076 391 1146 420 Att.
1164 391 1197 420 ii.
1216 394 1268 421 ⁶21.
1295 391 1472 430 Pompeius
1490 391 1614 422 oblitus
1632 404 1727 424 eoeno.

1043 434 1126 464 Coeo.
1144 435 1185 464 ad
1202 435 1277 465 Div.
1294 445 1324 464 ν.
1346 438 1394 469 19.
1421 435 1503 464 Phil.
1530 436 1562 465 ii.
1593 440 1640 467 10.
1665 439 1726 467 coi-

992 487 1028 507 re
1044 478 1253 508 societatem.
1277 479 1353 508 Sen.
1378 489 1410 518 p.
1435 477 1474 508 Κ.
1493 483 1523 512 7.
1553 489 1630 510 cum
1661 480 1725 511 hoc

992 526 1030 552 tu
1054 523 1147 559 coire,
1165 532 1210 552 sc.
1227 523 1424 552 societatem
1451 522 1490 551 de
1517 531 1549 551 re
1567 524 1666 555 mala.
1683 525 1726 556 cf.

994 565 1132 595 (Lluent.
1150 569 1201 596 54.
1248 566 1280 596 Si
1298 566 1370 605 quis
1392 567 1513 603 coisset,
1530 576 1577 597 sc.
1594 568 1635 597 ob
1653 578 1724 598 rem

993 608 1129 639 malam.

1041 654 1137 692 (api,
1185 653 1343 691 instituo,
1377 652 1532 684 decerno.
1570 654 1663 685 Verr.
1690 656 1724 687 ii.

992 698 1045 726 38.
1063 699 1155 736 capit
1173 697 1330 734 vendere,
1347 702 1381 726 et
1398 697 1601 728 vendidisset
1618 700 1678 729 ἃς.

1041 740 1199 770 Οοέναΐον.
1225 740 1306 780 Leg.
1320 741 1365 770 iii.
1378 743 1410 770 4.
1435 751 1494 781 pro
1512 748 1647 775 curator
1663 753 1722 774 an-

989 784 1093 823 tique.
1133 784 1221 814 Male
1236 784 1349 814 laudat
1366 784 1517 815 Nizolius
1534 788 1718 819 everarius:

990 837 1062 866 quae
1088 838 1148 857 vox
1184 828 1280 858 nihili
1313 835 1374 858 est.
1420 828 1550 859 Ibidem
1582 834 1633 860 est
1655 834 1720 861 coe‘-

990 881 1068 901 rure
1079 881 1143 911 pro
1160 882 1288 902 curare.

1037 916 1177 953 (herveo,
1193 915 1412 955 complector,
1430 917 1598 947 contineo.
1635 917 1719 949 Nat.

988 958 1030 988 Ι).
1050 959 1082 988 ii.
1101 962 1152 989 ⁶22.
1177 960 1291 989 omnia
1319 960 1496 1000 complexu
1523 971 1583 991 suo
1600 965 1719 993 coercet

987 1007 1022 1031 et
1039 1004 1202 1032 continet.

1036 1048 1152 1083 (atus,
1179 1046 1218 1076 de
1236 1051 1402 1076 conventu
1420 1046 1590 1087 judicum,
1616 1049 1717 1089 vulgo

986 1091 1168 1120 sessionem
1190 1091 1317 1120 dicunt.
1364 1092 1512 1121 Herenn.
1544 1093 1585 1123 iv.
1612 1094 1665 1124 36.
1688 1095 1717 1124 si

990 1135 1099 1173 primo
1114 1140 1194 1164 catu
1211 1135 1506 1165 condemnassetis,

1034 1180 1159 1216 (ogere.
1188 1188 1256 1216 seq.
1286 1184 1325 1208 ut
1361 1179 1455 1209 Verr.
1483 1179 1529 1210 iii.
1560 1180 1608 1210 16.
1633 1183 1717 1219 eogi-

985 1225 1052 1258 tnr‚
1071 1230 1109 1252 ut
1133 1222 1302 1252 decernat.
1326 1222 1344 1240 ’ἕ
1362 1224 1504 1261 exigere.
1535 1223 1605 1253 Att.
1624 1225 1644 1254 i.
1668 1228 1716 1256 12.

984 1276 1095 1304 cog-ere
1132 1266 1302 1305 pecunias.
1326 1266 1345 1283 ¹*
1361 1266 1400 1295 de
1424 1266 1493 1297 Fin.
1517 1267 1562 1297 iii.
1585 1269 1614 1297 Q,
1633 1268 1713 1299 dum

984 1314 1119 1339 senatus
1136 1314 1313 1348 cogeretur.
1338 1309 1422 1340 Phil.
1440 1310 1460 1339 i.
1483 1315 1511 1342 5.
1537 1312 1652 1341 acerbe
1680 1313 1714 1343 in

983 1357 1137 1382 senatum
1164 1353 1299 1392 cogebar
1322 1364 1367 1383 se.
1385 1354 1496 1391 minis,
1523 1355 1715 1395 pignoribus

984 1398 1089 1436 captis
1106 1398 1168 1427 «Sic.
1213 1398 1303 1427 *012
1334 1398 1369 1427 ii.
1394 1400 1446 1432 ⁴29.
1492 1398 1567 1437 (ἡμή
1597 1399 1715 1429 dicun-

983 1446 1051 1477 tur,
1069 1451 1149 1479 quos
1169 1441 1417 1470 commovendis
1447 1442 1572 1472 misem
1602 1449 1715 1474 orator

983 1484 1134 1521 adducit,
1150 1495 1214 1523 quo
1231 1484 1313 1514 vult.
1338 1485 1356 1503 ²*
1372 1485 1453 1515 Nat.
1471 1487 1514 1516 D.
1530 1487 1575 1516 iii.
1598 1490 1646 1517 13.
1664 1498 1712 1517 σιμ

978 1529 1016 1566 gi
1033 1532 1155 1568 potest,
1172 1528 1203 1558 li.
1216 1539 1244 1558 e.
1262 1529 1360 1565 effici,
1376 1529 1543 1560 concludi.
1568 1530 1586 1548 *²
1602 1531 1659 1560 Or.
1676 1532 1713 1561 ii.

982 1575 1034 1602 33.
1082 1573 1122 1602 Se
1148 1573 1204 1611 jus
1222 1572 1317 1602 civile
1345 1572 1432 1611 quod
1450 1583 1538 1603 nunc
1553 1574 1712 1605 diffusum

983 1620 1016 1645 et
1032 1615 1232 1656 dissipatum
1248 1622 1347 1653 esset,
1365 1617 1399 1646 in
1416 1623 1507 1646 certa
1524 1627 1647 1656 genera
1662 1629 1713 1648 co-

981 1664 1149 1690 acturam.
1168 1660 1228 1689 *de
1246 1660 1381 1700 periodo
1393 1659 1566 1699 eleganter
1583 1663 1640 1692 Or.
1657 1664 1712 1693 68.

981 1712 1022 1732 ne
1041 1704 1173 1733 infinite
1188 1703 1328 1741 feratur,
1341 1704 1586 1736 sed—numero
1602 1711 1713 1737 coacta

982 1746 1080 1776 debet
1098 1748 1252 1778 insistere
1273 1747 1418 1788 (oratio.)

1029 1790 1187 1829 Cbgitare.
1211 1792 1282 1821 Att.
1299 1802 1330 1821 x.
1353 1795 1400 1821 10.
1426 1795 1544 1821 contra
1569 1792 1710 1832 alieuius

980 1835 1126 1864 rationes
1142 1837 1294 1874 cogitare.
1312 1835 1390 1865 ibid.
1410 1836 1473 1865 xiv.
1496 1839 1543 1865 13.
1569 1837 1600 1866 Si
1618 1847 1710 1867 ama-

979 1878 1092 1908 biliter
1108 1879 1142 1908 ln
1161 1889 1214 1908 me
1231 1881 1375 1918 cogitare
1391 1879 1449 1909 vis.
1506 1880 1585 1919 Agr.
1604 1881 1637 1911 ii.
1655 1883 1708 1912 24.

978 1924 1122 1961 cogitare
1139 1933 1216 1952 cum
1234 1923 1355 1953 animis
1373 1924 1523 1962 potestis.

1027 1966 1193 2005 ffigitatio,
1221 1976 1307 2007 spes.
1332 1967 1445 1997 Deiot.
1476 1969 1506 1997 2.
1542 1972 1708 1998 venerunt

979 2018 1046 2039 non
1084 2010 1157 2039 sine
1196 2010 1307 2049 aliqua
1342 2020 1400 2050 spe
1433 2016 1467 2040 et
1505 2012 1708 2049 cogitatione.

977 2053 996 2071 Ψ
1011 2052 1112 2083 Tuso.
1140 2055 1181 2084 iv.
1206 2058 1254 2084 11.
1279 2055 1470 2092 cogitatione
1489 2054 1579 2084 inter
1594 2064 1628 2084 se
1646 2055 1710 2085 dif-

978 2096 1106 2135 ferunt,
1126 2107 1159 2127 re
1188 2097 1323 2136 quidem
1353 2098 1512 2137 copulata
1538 2102 1631 2135 sunt,
1648 2109 1708 2139 pro

977 2150 1042 2178 quo
1068 2141 1197 2171 barbari
1228 2141 1431 2181 philosophi,
1462 2142 1548 2179 idea,
1581 2142 1707 2172 abstra-

977 2185 1104 2221 ctione,
1129 2186 1337 2224 praecisione,
1371 2195 1437 2214 non
1467 2193 1582 2215 autem
1614 2192 1709 2217 extra

978 2233 1140 2258 mentem.
1164 2228 1291 2259 *Rosa
1315 2229 1390 2258 Am.
1420 2231 1472 2260 24.
1499 2229 1595 2259 inalae
1624 2232 1709 2269 cogi-

977 2273 1123 2308 tatianes,
1147 2272 1252 2302 boeses
1271 2272 1456 2302 Gewissen.
1490 2273 1509 2290 '¹‘
1527 2273 1708 2304 Commen-

975 2317 1060 2345 tatio
1076 2317 1228 2346 oratoris.
1275 2317 1332 2346 Or.
1361 2317 1383 2346 i.
1407 2319 1459 2347 33.
1477 2320 1528 2347 3-1.
1548 2317 1582 2346 in
1599 2319 1708 2356 quoti-

976 2358 1082 2388 dianis
1112 2361 1369 2398 cogitationibus.
1416 2360 1511 2390 MSS.
1557 2366 1591 2390 et
1622 2361 1707 2392 Edd.

975 2401 1065 2432 Vett.
1084 2404 1386 2433 concitationibus:
1414 2404 1502 2434 unde
1532 2405 1707 2435 Manutius

975 2446 1055 2475 fecit
1084 2447 1441 2484 commentationibus,
1468 2448 1622 2477 Pearcius
1650 2458 1707 2479 ex-

975 2491 1256 2520 ercitationibus:
1281 2491 1340 2520 sed
1364 2498 1486 2530 praeter
1507 2501 1588 2521 rem.
1618 2492 1710 2532 Cogi·

974 2535 1110 2564 tationes
1140 2540 1173 2563 et
1202 2535 1443 2564 concitationes
1461 2545 1548 2574 saepe
1566 2537 1709 2566 confun-

975 2576 1103 2607 duntur
1119 2588 1138 2607 a
1163 2577 1316 2607 librariis.
1349 2578 1414 2608 vid.
1431 2589 1461 2608 v.
1478 2590 1506 2607 e.
1524 2578 1656 2609 Gruter.
1674 2586 1710 2610 et

975 2621 996 2650 i.
1028 2620 1172 2651 Gronov.
1196 2622 1238 2651 ad
1261 2623 1359 2652 Auct.
1392 2621 1434 2651 ad
1466 2622 1547 2652 Her.
1581 2623 1627 2652 iii.
1659 2624 1709 2654 16.

980 2664 1196 2702 Cogitationes
1233 2670 1348 2697 autem
1389 2676 1491 2704 quare
1543 2676 1609 2696 non
1649 2677 1709 2707 pro

975 2709 1317 2738 commentationibus
1332 2709 1396 2738 dici
1414 2710 1556 2749 possint,
1580 2719 1648 2740 non
1663 2711 1711 2741 vi-

974 2751 1048 2787 deo,
1073 2762 1151 2782 eum
1174 2754 1320 2791 cogitare
1336 2759 1370 2782 et
1389 2753 1543 2783 meditari
1568 2764 1626 2793 pro
1652 2764 1708 2784 ex·

974 2795 1175 2825 ercitatione
1194 2796 1242 2825 uti
1260 2796 1403 2826 dicatur.
1425 2807 1455 2826 c.
1472 2797 1525 2826 61.
1543 2797 1710 2828 meditan-

974 2839 1016 2868 do
1034 2839 1174 2878 perfecit
1186 2839 1448 2877 Demosthenes,
1466 2840 1526 2870 ἃς.
1544 2840 1577 2870 h.
1595 2851 1624 2870 e.
1654 2852 1711 2871 ex-

973 2883 1186 2913 ercitatione.
1243 2882 1297 2913 Sic
1332 2883 1510 2914 meditatio
1546 2884 1626 2914 belli
1658 2890 1709 2923 est
