1920 3196
685 99 832 128 INDEX
863 99 1159 128 LATiNITA'rIS.

142 189 231 231 quod
252 190 314 231 ipsi
337 189 474 230 probare
494 199 561 220 non
584 192 737 229 possunt,
754 197 814 218 suo
831 192 881 218 te-

143 235 298 266 stimonio
314 234 451 274 probare
468 233 552 263 vult.

188 278 341 318 Supplex.
365 277 454 308 Mur.
469 278 522 307 40.
547 281 658 306 vester
672 278 722 306 est
736 276 884 314 supplan,

144 331 205 362 pro
220 322 321 351 vobis.

189 364 399 405 Supplicatio,
415 368 466 393 est
483 362 630 393 solemne
650 361 796 402 plurium
816 361 883 391 die-

146 417 219 438 rum
237 418 277 438 ex
294 408 394 443 SCtO,
412 416 476 445 quo
500 406 573 436 Diis
599 407 714 445 gratiae
739 409 885 444 aguntur

143 451 185 481 ob
203 461 252 480 res
269 450 356 481 bello
369 450 511 480 feliciter
523 454 644 489 gestas.
669 449 821 479 Ciceroni
834 455 884 478 ta-

145 502 222 524 men
236 494 297 524 boc
311 493 453 532 contigit
467 494 538 530 uni,
548 498 586 523 ut
600 498 735 533 propter
746 502 815 522 rem
828 492 885 521 do-

144 539 191 568 mi
215 544 343 577 gestam
360 536 560 577 supplicatio
581 538 612 566 ci
637 537 883 566 decerneretur.

147 581 246 612 Catil.
267 581 308 612 iv.
328 585 376 612 10.
409 581 467 611 sed
489 585 568 610 sunt
592 581 694 611 etiam
719 579 885 620 supplica-

142 625 251 655 tiones
287 625 459 662 funerum,
489 634 616 663 eaeque,
655 628 693 654 ut
730 623 886 653 Manutio

143 668 265 709 placet,
289 668 389 698 unius
413 668 488 698 diei.
520 668 633 697 Vatin.
656 669 706 698 12.
737 667 820 697 scire
843 676 883 696 ex

143 716 177 741 te
202 713 312 752 cupio,
337 722 401 751 quo
425 711 575 749 consilio,
600 716 658 741 aut
682 721 747 750 qua
771 714 884 740 niente

143 755 274 793 feceris,
298 760 336 785 ut
360 756 394 785 in
418 755 517 795 epulo
538 756 578 794 Ω.
596 755 682 784 Arrii
706 764 781 784 cum
805 760 886 793 toga

145 798 239 839 pulla
268 799 480 829 accumberes
492 799 657 829 ?-—Dices
680 799 886 838 supplicatio-

144 852 201 873 nes
217 842 289 872 illas
306 848 339 872 te
354 852 420 872 non
433 843 598 882 probasse.
630 842 776 881 Optime.
800 841 886 871 Nul-

147 886 187 916 1ae
203 886 327 916 fuerint
343 887 600 926 supplicationes.
641 885 711 915 Has
726 886 887 925 supplica-

146 931 245 960 tiones
273 929 405 959 videtur
427 930 529 959 etiam
558 929 674 959 Cicero
701 929 886 969 improbare

147 973 232 1003 Phil.
255 974 274 1002 i.
293 974 323 1003 6.
352 975 404 1003 An
428 983 482 1003 me
506 973 648 1003 censetis
671 973 883 1002 decreturum

145 1017 259 1054 fuisse,
278 1021 316 1046 ut
338 1016 524 1056 parentalia
547 1027 624 1046 enm
647 1017 886 1056 supplicationi-

147 1061 203 1090 bus
218 1061 450 1097 miscerentur,
467 1066 505 1090 ut
520 1060 736 1099 inexpiabiles
754 1060 885 1099 religio-

147 1113 205 1134 nes
228 1104 263 1134 in
288 1103 450 1144 rempubl.
472 1103 735 1134 inducerentur?
769 1109 807 1133 ut
831 1103 886 1132 de-

148 1154 367 1177 cernerentur
384 1148 629 1187 supplicationes
645 1148 800 1177 mortuo?
829 1147 887 1176 ἃς.

147 1191 324 1221 Abramius
355 1191 417 1220 hoc
448 1191 496 1220 ita
522 1191 692 1227 conciliat,
720 1196 758 1221 ut
785 1191 886 1227 dicat,

146 1236 408 1274 :applicationem
446 1234 536 1264 illam
576 1235 610 1264 in
645 1235 732 1264 Arrii
769 1234 886 1264 funere

148 1278 317 1308 decretam
333 1278 435 1308 fuisse
456 1278 614 1307 honorem
640 1279 784 1315 cixilem,
802 1278 886 1307 hanc

148 1326 276 1359 autem,
302 1321 423 1351 Caesari
448 1322 631 1358 decretam,
656 1322 815 1352 honorem
841 1321 889 1351 di-

147 1366 277 1403 vinum,
301 1365 388 1404 quod
415 1366 445 1394 ei
472 1365 698 1405 supplicatum
722 1366 778 1403 sit,
802 1373 890 1396 tam-

149 1419 248 1448 quam
280 1409 364 1439 Dco.
409 1410 517 1448 Atque
548 1409 616 1449 ipse
648 1408 764 1439 Cicero
796 1408 889 1449 paul-

150 1453 182 1483 lo
206 1457 299 1493 post:
341 1452 460 1482 adduci
492 1462 557 1482 non
582 1462 730 1493 possum,
756 1460 808 1489 ut,
833 1463 890 1482 cu-

144 1497 200 1536 jus
224 1495 416 1536 sepulcrum
441 1505 604 1535 nusquam
629 1500 735 1534 extet,
752 1497 809 1527 ubi
832 1506 891 1536 pa-

151 1546 317 1577 tentetur,
341 1541 371 1570 ei
393 1541 601 1580 supplicetur.
648 1540 711 1570 Sed
745 1550 812 1570 non
836 1540 891 1570 ab·

150 1584 249 1614 surda
265 1584 365 1613 etiam
388 1583 459 1614 haec
484 1585 566 1614 ratio
589 1583 733 1621 videtur,
751 1584 777 1613 si
801 1584 891 1614 dica-

149 1637 238 1664 mus,
267 1628 462 1658 Ciceronem
495 1627 581 1657 hanc
610 1628 892 1667 supplicationem

149 1670 310 1701 invidiose
333 1671 382 1701 ita
404 1671 628 1711 interpretari,
653 1672 745 1710 quasi
770 1671 892 1701 Caesari

150 1714 285 1745 decreta
299 1715 355 1752 sit,
372 1721 410 1745 ut
426 1715 457 1744 ei
480 1715 701 1755 supplicetur,
715 1720 890 1754 tamquam

150 1757 236 1796 Deo,
265 1768 342 1788 cum
372 1763 506 1789 tantum
544 1758 677 1789 honoris
708 1769 820 1796 causa,
852 1764 891 1789 ut

151 1802 237 1839 aliis,
253 1807 293 1832 ut
316 1802 587 1843 imperatoribus,
603 1808 642 1832 ut
659 1804 814 1841 mortuis,
831 1802 892 1833 Ar—

151 1846 200 1876 rio
224 1846 283 1876 &c.
315 1845 449 1876 decreta
472 1849 568 1876 esset.
614 1846 810 1885 Agebantur
832 1856 891 1876 au-

150 1896 234 1926 tem,
251 1889 361 1926 credo,
378 1890 413 1919 in
436 1890 487 1920 his
510 1889 795 1930 supplicationibus
818 1900 892 1929 gra-

150 1933 207 1963 tiae
234 1933 320 1970 Diis,
345 1943 404 1972 pro
430 1934 615 1971 beneficiis,
644 1943 717 1972 quae
744 1934 806 1974 ipsi
834 1944 894 1974 per

151 1981 323 2007 mortuum
341 1976 436 2007 illum
453 1976 594 2017 reipubl.
610 1977 817 2007 tribuissent.

197 2020 401 2060 Supplicare.
433 2021 505 2050 Fin.
521 2031 551 2051 v.
568 2023 622 2052 25.
652 2025 705 2058 tu,
731 2021 817 2058 Piso,
833 2020 892 2051 ho-

153 2063 205 2094 die
230 2065 279 2094 ita
301 2064 366 2094 ista
384 2065 518 2105 (nempe
543 2065 777 2104 Peripatetica)
797 2075 892 2095 nosse

151 2107 240 2138 visus
262 2118 309 2145 es,
334 2113 385 2146 ut,
402 2109 428 2137 si
453 2108 549 2148 copia
571 2108 621 2137 tui
645 2118 777 2148 semper
800 2109 893 2139 nobis

153 2151 262 2189 fieret,
290 2159 357 2181 non
385 2151 531 2182 multum
559 2151 683 2181 Graecis
707 2154 894 2192 supplican-

151 2195 232 2225 dum
249 2201 415 2235 putarem.

198 2238 362 2278 Supplosio
379 2239 430 2276 fit,
446 2248 522 2268 cum
547 2238 630 2278 pede
654 2238 762 2269 solum
778 2249 895 2279 percu-

152 2282 268 2312 timus.
299 2283 332 2312 id
362 2282 401 2312 fit
433 2282 473 2312 ab
503 2287 646 2318 oratore,
676 2287 711 2312 et
740 2288 791 2312 est
819 2293 894 2323 pars

153 2326 293 2356 actionis
325 2326 491 2363 oratoriae,
522 2336 588 2364 qua
625 2327 658 2356 in
698 2325 814 2356 πάθεσι
846 2327 896 2356 in-

151 2369 286 2400 terdum
309 2375 466 2400 utuntur.
497 2370 553 2400 Or.
571 2371 616 2400 iii.
633 2373 685 2404 59.
708 2370 788 2400 ibid.
803 2371 824 2400 i.
842 2374 894 2401 53.

153 2414 213 2443 ἃς.

198 2455 397 2496 Supponere,
421 2457 635 2487 substituere.
664 2457 761 2487 Rosc.
785 2456 824 2486 A.
842 2461 894 2488 38.

153 2509 262 2540 operae
289 2505 410 2530 nostrae
443 2501 567 2530 vicaria
597 2500 678 2532 fides
710 2501 894 2531 amicorum

152 2545 355 2583 supponitur.
387 2543 452 2574 vid.
470 2543 510 2573 de
534 2543 595 2574 hac
620 2545 650 2574 vi
666 2544 755 2574 verbi
780 2544 895 2575 Burm.

154 2587 196 2617 ad
212 2587 307 2618 Ovid.
326 2587 406 2617 Her.
422 2588 465 2617 ix.
486 2590 535 2618 18.
567 2588 586 2606 ’ἓ
600 2587 639 2617 In
663 2587 753 2617 libris
778 2587 817 2616 de
839 2588 896 2618 In-

153 2631 310 2661 ventione
337 2631 508 2661 interdum
536 2630 660 2661 dicitur
682 2641 741 2670 pro
765 2631 895 2669 afferre,

155 2684 430 2711 commemorare,
456 2679 492 2704 ut
516 2675 549 2704 ii.
571 2677 622 2708 37.
653 2674 838 2705 rationibus
863 2679 898 2705 et

154 2718 438 2749 infamationibus
476 2719 645 2748 rationum
674 2719 898 2758 supponendis,

155 2762 196 2792 ad
206 2761 450 2798 judicationem
470 2763 655 2801 pervenire.

199 2805 397 2844 Suppressio.
447 2805 580 2835 Cluent.
611 2807 664 2836 25.
705 2807 899 2845 suppressio-

154 2858 211 2878 nes
239 2848 416 2888 judiciales
453 2853 546 2886 sunt,
577 2858 655 2879 cum
690 2850 763 2888 quis
799 2860 900 2890 pecu-

156 2892 246 2923 niam
276 2892 364 2933 apud
391 2902 424 2923 se
448 2891 649 2933 depositam,
671 2898 710 2924 ut
720 2890 899 2934 ‘judicibus

1588 90 1673 138 447

926 187 1045 225 solvat,
1062 188 1123 218 sibi
1147 190 1269 226 servat,
1289 188 1422 227 avertit,
1446 191 1612 228 negatque
1635 199 1674 220 se

926 241 1000 260 eam
1015 232 1192 271 accepisse.

970 274 1178 314 Supprcssus.
1211 276 1268 306 Or.
1287 278 1339 306 225.
1371 281 1410 306 ut
1433 284 1526 313 voce,
1549 277 1597 306 sic
1620 281 1672 307 et-

926 319 991 348 iani
1009 319 1158 348 oratione
1181 321 1399 358 suppressior:
1424 319 1463 348 de
1482 329 1603 358 genere
1620 320 1670 351 di·

926 361 1022 391 cendi
1042 364 1149 391 tenui.

971 404 1192 445 Supprimere.
1221 405 1295 436 Clu.
1313 407 1367 442 95,
1385 406 1438 436 ⁶26.
1465 408 1670 446 supprimere

926 451 1117 488 pecuniam.
1141 459 1171 478 ν.
1187 450 1386 489 suppressio.

971 491 1152 532 Suppudet,
1197 492 1326 522 duobus
1373 493 1479 523 modis
1525 493 1667 526 dicitur:

929 544 1050 575 nempe
1067 536 1188 575 primo,
1204 535 1331 575 xulgari
1349 535 1418 573 illo,
1436 547 1511 567 cum
1531 547 1590 567 nos
1607 549 1670 578 pu-

928 578 984 608 det
1014 579 1140 618 aliquid
1170 579 1300 616 fecisse,
1330 579 1470 618 alicujus
1505 581 1576 611 vitii
1608 583 1670 615 (irc.

928 621 1060 660 deinde,
1089 632 1166 652 cum
1195 633 1348 653 veremur
1375 623 1533 663 aliquem,
1560 635 1670 665 neque

929 666 1090 696 audemus
1118 667 1151 696 in
1187 667 1258 705 ejus
1297 672 1512 707 conspectum
1544 671 1670 708 venire,

928 715 1065 750 propter
1096 709 1202 750 culpae
1241 710 1381 750 alicujus
1416 712 1670 744 conscientiam.

928 754 1005 784 Div.
1022 754 1065 783 ix.
1084 756 1111 783 l.
1134 755 1334 794 suppudebat
1351 765 1404 784 me
1421 754 1582 786 librorum
1598 758 1660 788 ἃς.

973 796 1132 835 Surgere.
1163 798 1253 828 oriri.
1283 798 1325 827 ad
1341 798 1418 828 Div.
1434 800 1501 829 viii.
1519 803 1549 830 8.
1580 801 1672 832 fama

927 842 1084 871 surrexit.
1125 844 1208 871 *est
1233 842 1372 872 oratoris
1403 843 1594 883 incipientis
1621 844 1672 875 di-

929 894 1016 921 cere,
1032 884 1121 914 unde
1137 890 1187 915 est
1203 895 1262 925 pro
1284 885 1403 915 dicere.
1435 887 1530 917 Rose.
1546 888 1622 918 Am.
1644 891 1673 920 1.

930 938 1008 958 cum
1033 933 1086 958 tot
1111 929 1235 959 summi
1260 934 1407 960 oratores
1434 930 1586 969 sedeant,
1610 942 1673 972 ego

928 972 1140 1011 potissimum
1155 975 1368 1003 surrexerim.
1392 972 1410 992 *
1420 980 1471 1004 est
1482 975 1583 1005 etiam
1597 986 1674 1016 pro-

930 1016 1165 1046 ficiscentium.
1210 1017 1281 1046 Att.
1313 1018 1376 1047 xvi.
1413 1021 1460 1048 13.
1499 1019 1542 1048 vi.
1577 1018 1671 1058 Idus,

930 1068 1006 1089 cum
1024 1067 1102 1089 ante
1120 1059 1229 1090 lucem
1247 1060 1287 1090 de
1299 1060 1500 1092 Sinuessano
1511 1065 1673 1094 surrexis-

928 1113 1006 1140 sem,
1024 1103 1263 1143 venissemque.
1292 1104 1379 1135 *sed
1402 1106 1554 1146 inprimis
1571 1117 1675 1138 venu-

930 1153 1002 1176 stus
1018 1146 1109 1177 locus
1126 1151 1177 1177 est
1196 1158 1236 1177 ex
1260 1147 1321 1178 hoc
1345 1149 1444 1179 verbo
1466 1149 1560 1180 verr.
1577 1151 1598 1181 i.
1616 1154 1672 1182 40.

931 1190 1019 1220 Nam
1047 1194 1083 1220 ut
1110 1195 1234 1230 praetor
1258 1192 1367 1222 factus
1390 1196 1452 1230 est,
1476 1194 1532 1233 qui
1559 1195 1674 1235 auspi·

931 1238 1006 1263 cato
1038 1244 1057 1263 a
1088 1233 1270 1265 Chelidone
1308 1239 1514 1276 surrexisset,
1545 1242 1672 1269 sortem

933 1284 1051 1307 nactus
1083 1282 1133 1308 est
1157 1279 1294 1309 urbanae
1323 1281 1514 1320 provinciae.
1566 1282 1674 1313 Ludit

933 1330 1054 1361 nempe
1084 1322 1120 1351 in
1151 1322 1370 1362 ambiguitate
1396 1325 1487 1355 verbi
1513 1335 1671 1364 surgere:

933 1365 1022 1403 quod
1045 1369 1095 1395 est
1119 1375 1187 1396 non
1211 1366 1309 1397 modo
1333 1367 1459 1398 lectum
1482 1369 1675 1409 relinquen-

931 1409 988 1446 tis,
1004 1409 1063 1438 sed
1086 1409 1187 1439 etiam
1212 1410 1246 1440 in
1270 1412 1486 1451 auspicando,
1502 1423 1580 1444 cum
1603 1423 1676 1444 ma·

934 1453 1105 1491 gistratus,
1129 1453 1240 1484 oblato
1263 1455 1411 1495 auspicio
1434 1455 1558 1495 fausto,
1582 1467 1600 1487 e
1623 1462 1677 1488 ta-

935 1496 1114 1535 bernaculo
1137 1498 1257 1536 surgit,
1282 1503 1317 1528 et
1340 1509 1380 1529 ex
1408 1500 1537 1540 templo
1559 1501 1676 1532 statim

934 1539 1017 1577 abit,
1036 1550 1076 1570 ne
1094 1540 1244 1571 faustum
1268 1543 1456 1583 auspicium
1479 1543 1545 1574 alio
1564 1544 1676 1581 infau-

936 1587 986 1613 sto
1010 1584 1184 1614 turbetur:
1215 1585 1255 1615 de
1279 1596 1343 1625 quo
1359 1587 1425 1617 ritu
1443 1598 1460 1617 e
1484 1588 1637 1629 Dionysii
1653 1588 1677 1620 l.

936 1627 970 1657 ii.
988 1637 1015 1657 v.
1035 1627 1175 1658 Casaub.
1194 1629 1235 1659 ad
1258 1630 1396 1661 Sueton.
1411 1631 1497 1671 Aug.
1514 1635 1566 1666 95.
1596 1632 1676 1663 «Iam

935 1681 974 1700 co
1005 1670 1146 1702 facetius
1185 1671 1246 1703 hoc
1283 1673 1407 1705 dicitur
1444 1685 1464 1705 a
1500 1675 1677 1715 Cicerone,

937 1715 1026 1753 quod
1065 1715 1256 1747 Chelidonis
1293 1719 1492 1757 meretriciS,
1530 1729 1677 1759 quacum

935 1768 1014 1788 eum
1041 1759 1194 1789 cubuisse
1220 1771 1261 1792 ea
1287 1765 1384 1792 nocte
1413 1762 1525 1802 fingit,
1552 1773 1676 1800 nomen

935 1808 984 1832 est
1009 1802 1212 1841 hirundinis,
1231 1805 1298 1835 avis
1324 1806 1471 1844 urbanae,
1489 1816 1563 1846 quae
1587 1817 1680 1838 com-

937 1846 1033 1876 mode
1056 1856 1135 1876 sane
1166 1855 1278 1887 posset
1302 1854 1485 1889 praeturam
1513 1851 1678 1885 urbanam

937 1889 1147 1962 poiitendere,
1165 1897 1203 1921 ut
1220 1893 1353 1922 monuit
1366 1893 1438 1933 jain
1456 1894 1620 1925 Asconius
1635 1894 1679 1926 ad

937 1933 970 1963 h.
1003 1957 1008 1964 .

984 1977 1176 2017 Surreptus,
1204 1978 1300 2009 malis
1326 1979 1451 2011 artibus
1483 1984 1518 2012 et
1543 1980 1680 2013 clancu-

938 2020 1009 2051 lum
1025 2021 1166 2053 ablatus.
1197 2023 1267 2053 Att.
1287 2034 1316 2054 x.
1334 2027 1366 2055 4.
1396 2035 1437 2055 ex
1460 2025 1548 2056 SCto
1567 2035 1679 2056 surre-

933 2069 1009 2106 pto.-
1034 2065 1066 2095 h.
1091 2075 1120 2095 e.
1145 2067 1233 2105 quod
1256 2077 1314 2107 per
1337 2067 1599 2108 infrequentiam
1623 2071 1682 2100 Se-

939 2113 1039 2139 natus
1057 2115 1226 2149 captatam
1246 2110 1364 2141 callide
1380 2112 1509 2143 factum
1525 2117 1623 2144 esset.
1649 2124 1680 2145 v.

939 2152 1083 2183 GronOV.
1111 2153 1152 2183 ad
1180 2154 1251 2184 Liv.
1277 2155 1386 2186 xxxix.
1415 2159 1445 2187 5.
1482 2156 1566 2186 *Sic
1594 2156 1682 2189 Phil.

940 2196 1004 2226 xiv.
1020 2199 1051 2227 3.
1084 2196 1204 2228 Parma
1225 2203 1377 2238 surrepta
1400 2201 1584 2241 opponitur
1606 2202 1681 2233 urbi

940 2246 1047 2279 captae
1065 2250 1124 2280 per
1139 2241 1205 2270 iim
1222 2246 1256 2271 et
1272 2252 1376 2272 arma.

985 2283 1134 2323 Surripz',
1165 2284 1339 2324 eleganter
1376 2286 1502 2318 dicitur
1538 2287 1578 2319 de
1612 2299 1686 2327 reo,

941 2337 1019 2357 cum
1043 2327 1260 2359 clandestinis
1283 2329 1515 2369 largitionibus
1543 2331 1683 2372 aliisquo

941 2370 1037 2401 malis
1067 2372 1193 2402 artibus
1223 2373 1380 2412 efficitur,
1412 2379 1451 2404 ut
1481 2375 1685 2407 absolvatur.

941 2412 1035 2445 Verr.
1059 2415 1080 2445 i.
1096 2418 1127 2445 4.
1157 2426 1198 2446 ne
1222 2421 1314 2446 actor
1336 2417 1471 2456 quidem
1496 2424 1547 2450 est
1571 2419 1611 2458 is,
1628 2421 1685 2450 cui

942 2468 1016 2488 reus
1044 2465 1115 2488 tam
1143 2461 1443 2491 nocens—occulte
1464 2464 1601 2503 surripi,
1626 2467 1686 2494 aut

943 2503 1080 2541 impune
1118 2503 1200 2543 eripi
1231 2505 1346 2544 possit.
1400 2505 1454 2535 Sic
1489 2506 1565 2538 Act.
1595 2508 1617 2538 i.
1648 2507 1685 2538 in

940 2545 1034 2575 Verr.
1061 2548 1092 2577 2.
1129 2555 1345 2586 opponuntur
1370 2549 1432 2579 sibi
1462 2551 1627 2591 surripere
1651 2554 1686 2582 et

942 2599 1069 2629 rapere.

988 2632 1174 2673 Susceptus,
1191 2634 1230 2664 de
1255 2634 1435 2674 laboribus,
1459 2647 1542 2676 quos
1564 2642 1686 2679 sponte

943 2684 1056 2706 nostra
1079 2678 1232 2708 facimus.
1263 2681 1445 2719 opponitur
1464 2681 1494 2710 ci
1518 2686 1686 2723 receptus,

942 2720 1031 2758 quod
1048 2720 1171 2752 dicitur
1187 2722 1227 2752 de
1245 2724 1355 2761 rebus,
1372 2734 1454 2762 quas
1471 2724 1613 2756 aliorum
1635 2736 1688 2756 ro·

943 2764 1185 2803 gatu,jussuve
1203 2765 1355 2797 facimus.
1380 2768 1435 2798 Or.
1449 2768 1483 2799 ii.
1497 2771 1550 2800 24.
1566 2769 1600 2799 in
1618 2779 1685 2809 quo

943 2812 993 2836 est
1010 2807 1068 2837 illa
1084 2817 1207 2848 magna
1222 2809 1372 2848 offensio,
1387 2811 1438 2840 vel
1454 2811 1686 2851 negligentiae,

941 2853 1093 2890 susceptis
1123 2853 1234 2889 rebus,
1265 2854 1316 2883 vel
1346 2855 1507 2894 perfidiae,
1532 2857 1689 2897 receptis.

942 2894 1166 2937 *conceptus
1191 2896 1310 2930 Manil.
1325 2900 1356 2931 3.
1380 2898 1515 2931 macula
1528 2904 1691 2942 κατερέω.
