1920 3196
269 87 351 124 292

257 182 340 214 ,etio
364 182 535 214 interdum
558 183 652 221 facit,
676 187 716 214 ut
738 184 772 214 id
795 185 932 215 verbum
957 195 1009 215 re-

276 226 439 263 feramus,
457 238 525 266 quo
548 237 614 257 non
639 227 794 264 debebat,
811 233 850 258 ut
874 229 915 258 ad
931 229 1008 260 Div.

277 270 346 299 xiii.
367 273 393 299 1.
417 271 562 310 equidem
587 272 626 306 si,
644 271 733 310 quod
757 272 825 312 ipse
849 273 1008 309 sentiam,

276 314 414 352 qumi-is:
442 324 503 344 nee
527 325 586 344 cur
602 314 657 344 ille
674 319 852 354 tantopere
869 321 1009 346 conten-

274 357 332 386 dat
348 357 454 394 video,
472 368 533 388 nec
557 368 617 388 cur
632 362 670 388 tu
686 368 869 398 repugnes:
896 360 950 388 ubi
968 369 1006 389 cx

275 400 338 430 hac
355 401 628 441 interpunctione
643 403 790 442 equidem
807 402 951 432 refertur
968 403 1010 433 ad

274 445 410 483 quaeris,
423 456 500 475 cum
513 447 682 485 pertineat
692 446 735 476 ad
746 445 852 476 video.
876 446 1009 476 Deinde

274 487 402 518 librarii
415 492 449 518 ct
460 489 604 519 editores
618 494 768 519 veterum
784 489 943 520 librorum
960 491 1010 519 in-

275 531 375 562 scitia
397 533 579 573 saepissime
601 534 634 562 in
651 533 714 563 hoc
730 533 829 563 verbo
845 543 1009 563 erravere.

276 572 317 604 In
342 575 473 606 Nizolio
497 577 600 607 ctiam
628 577 873 607 Facciolatiano
896 578 1012 606 omnia

277 619 444 660 exempla,
471 620 505 650 in
533 620 652 659 quibus
681 621 826 661 equidem
854 624 905 650 est
931 631 1009 650 cum

274 665 391 699 tertia,
419 664 518 694 aliter
548 669 629 694 sunt
659 665 694 694 in
720 663 907 694 emendatis
933 664 1008 694 edd.

276 706 380 746 Quid,
404 708 430 737 si
455 708 495 738 de
520 709 639 738 ceteris
662 709 768 747 iisque
793 708 906 748 paucis
930 708 1011 737 locis

276 749 366 780 idem
390 752 705 790 pronunciandum?
734 756 769 781 ut
789 756 848 781 aut
864 761 923 791 pro
939 752 1011 790 qui-

275 793 353 824 dem
370 795 487 826 vitiose
498 796 662 836 scriptum
675 796 730 833 sit,
745 801 804 825 aut
818 805 876 836 pro
888 799 923 825 et
940 796 1013 835 qui-

277 837 366 868 dem.

320 882 504 923 Equitatus
520 883 559 913 de
576 883 692 914 ordine
709 883 855 923 equestri
873 882 915 914 ad
938 882 1011 914 Att.

275 926 309 956 ii.
327 930 353 956 1.
378 927 442 957 Sed
459 937 488 956 v.
503 931 573 957 not.

319 969 451 1010 Equus,
464 971 603 1010 equites.
622 971 663 1001 ad
680 971 756 1002 Div.
771 982 801 1001 x.
815 974 867 1001 30.
891 981 1009 1011 equum

275 1013 412 1045 immisi.
436 1014 514 1046 ibid.
531 1015 574 1045 ix.
593 1018 623 1048 7.
655 1016 743 1055 equis
765 1016 853 1045 viris.
883 1015 926 1045 cf.
943 1015 1008 1046 Off.

275 1059 322 1089 iii.
347 1061 398 1089 33.
432 1058 518 1089 Phil.
545 1059 611 1088 viii.
638 1062 669 1093 7.
704 1059 760 1088 ubi
788 1058 854 1089 vid.
882 1059 1008 1090 Ferrar.

274 1102 419 1132 Gronov.
444 1103 486 1132 ad
509 1102 581 1133 Liv.
605 1103 671 1133 xxi.
688 1104 741 1135 97.
773 1107 806 1132 et
827 1102 942 1132 Burni.
967 1103 1009 1132 ad

272 1145 370 1185 Virg.
389 1147 467 1177 AEn.
484 1146 551 1176 viii.
567 1150 597 1177 3.
624 1147 694 1176 haec
718 1146 865 1176 formula
888 1146 1007 1176 deinde

271 1189 359 1220 hane
373 1192 439 1220 vim
453 1196 554 1220 nacta
565 1194 631 1227 est,
642 1195 694 1228 ut,
707 1191 798 1220 omni
817 1191 1006 1220 contentio-

273 1243 316 1264 ne
340 1243 409 1264 rem
436 1234 503 1274 agi,
522 1234 740 1273 significaret.
771 1234 876 1265 *Sem
903 1244 935 1274 p.
965 1234 1005 1265 R.

277 1282 324 1309 21.
359 1279 446 1318 equis
472 1278 661 1317 insignibus
694 1283 728 1308 et
757 1288 858 1308 curru
888 1283 1007 1308 aurato

271 1323 450 1362 reportari:
480 1321 512 1352 h.
537 1332 565 1352 e.
589 1321 862 1361 triumphalibus.
892 1321 1005 1352 *LaeL

275 1369 324 1400 17.
349 1377 415 1406 quo
441 1372 593 1402 utamur,
621 1366 714 1405 quasi
742 1367 829 1405 equis
852 1366 1006 1403 tentatis,

270 1412 318 1441 sic
346 1410 516 1446 amicitiis,
546 1409 658 1448 aliqua
684 1415 779 1449 parte
809 1409 1005 1449 periclitatis

225 1455 230 1461 '
272 1454 419 1485 moribus
444 1455 640 1484 amicorum.
664 1463 785 1493 equum
805 1458 938 1483 tentare
954 1456 1005 1483 est

271 1498 459 1538 periculum
472 1498 594 1533 facere,
610 1506 653 1527 an
667 1506 828 1527 sessorem
843 1498 1004 1537 patiatur,

268 1547 305 1572 et
329 1543 373 1573 sit
395 1541 570 1572 itineribus
585 1540 746 1570 faciendis
762 1540 924 1579 idoneus3
949 1550 1005 1578 ne,

270 1587 296 1617 si
321 1587 410 1616 viam
428 1591 505 1616 ante
523 1584 766 1624 ingrediamur,
783 1584 895 1623 aliqua
909 1589 1005 1625 parte

267 1630 338 1670 jam
362 1630 551 1671 profligata,
573 1638 646 1659 sero
670 1628 913 1667 intelligamus,
937 1628 1007 1658 ido-

271 1683 373 1704 neum
396 1683 515 1714 equum
538 1682 606 1703 non
630 1681 712 1702 esse.
743 1671 868 1703 *Brun
893 1675 945 1703 51.
979 1673 1007 1702 si

271 1717 406 1748 auditor
428 1718 580 1753 omnino,
603 1719 778 1755 tamquam
802 1725 914 1756 equus,
940 1725 1006 1746 non

271 1762 366 1800 facit,
383 1760 533 1801 agitandi
550 1761 626 1790 finis
639 1759 811 1790 faciendus
827 1764 888 1790 est.
906 1770 1007 1799 equus

274 1814 342 1835 non
365 1805 461 1842 facit,
479 1809 518 1834 ut
541 1815 581 1834 ex
604 1805 676 1844 ipso
700 1802 772 1833 loeo
791 1803 1006 1843 intelligitur,

272 1850 330 1888 qui
354 1848 427 1879 loco
448 1848 573 1878 moveri
590 1857 657 1878 non
673 1852 798 1887 potest,
817 1857 924 1886 neque
941 1847 1010 1877 cal-

273 1894 405 1923 caribus
431 1892 587 1929 subditis,
612 1901 719 1930 neque
750 1891 890 1930 flagellis
915 1891 1008 1921 adhi-

273 1936 365 1975 bitis,
391 1935 540 1976 adeoque
571 1936 684 1966 itineri
714 1935 868 1966 faciendo
896 1936 1008 1966 minus

274 1981 428 2012 idoneus.

317 2024 472 2061 Erectus,
497 2023 537 2054 de
562 2022 714 2053 auditore
739 2026 879 2053 attento.
913 2022 1009 2053 Brut.

272 2072 324 2101 54.
356 2069 444 2099 idem
469 2067 497 2098 si
526 2067 720 2107 praeteriens
740 2066 929 2106 adspexerit
942 2078 1010 2098 ere-

272 2118 349 2150 ctos,
380 2114 552 2143 intuentes
583 2111 820 2150 judices—aut
859 2111 1008 2141 oratione

274 2158 368 2197 quasi
385 2165 563 2196 suspensos
579 2155 699 2184 teneri.
734 2154 753 2172 ⁸*
766 2159 816 2184 est
833 2155 935 2184 etiam
953 2155 1009 2185 ha-

275 2201 363 2232 bitus
378 2200 523 2230 hominis
539 2199 601 2229 sibi
613 2198 825 2228 confidentis.
850 2197 939 2228 Or.i.
952 2201 1009 2229 40.

273 2250 417 2277 erectum
448 2247 483 2273 et
508 2242 649 2279 celsum,
678 2241 779 2272 alacri
812 2246 845 2271 et
875 2247 1008 2282 promto

270 2299 328 2319 ore
341 2299 381 2319 ae
395 2286 505 2325 vultu,
517 2286 583 2317 huc
599 2291 701 2326 atque
717 2286 797 2317 illuc
814 2285 1008 2316 intuentem

269 2333 331 2364 διο.

316 2376 476 2416 Ereptus,
505 2378 668 2411 extortus,
694 2382 880 2413 expressus.
914 2372 1008 2404 Verr.

271 2422 292 2453 i.
311 2424 363 2452 30.
389 2419 477 2459 quod
494 2419 755 2458 pronunciatum
773 2422 837 2454 est,
865 2427 932 2447 non
951 2428 1009 2457 per

269 2465 441 2496 Neronem
463 2463 669 2502 judicatum,
685 2460 744 2491 sed
767 2471 827 2500 per
851 2461 1007 2491 Dolabel-

270 2508 338 2539 lam
355 2511 500 2547 ereptum
510 2505 778 2536 existimabatur.
803 2504 890 2534 Nam
904 2505 1008 2535 Dola-

266 2552 355 2582 bella
369 2550 521 2592 precibus
537 2550 707 2586 effecerat,
725 2553 763 2578 ut
773 2548 863 2578 Nero
880 2549 1005 2579 invitus

267 2595 510 2627 condemnaret
526 2591 772 2623 Philodamum.

310 2639 536 2679 Ergastulum
560 2642 612 2667 est
642 2645 756 2666 carcer
781 2635 937 2672 rusticus,
971 2636 1004 2666 in

263 2694 330 2723 quo
355 2682 525 2721 mancipia
548 2691 630 2720 opus
654 2680 798 2716 faciunt,
823 2679 1003 2719 pistrinum

263 2728 324 2757 διο.
350 2725 530 2759 Cluent.7.
558 2724 606 2754 M.
623 2724 746 2755 Aurius
771 2724 804 2753 in
829 2723 869 2762 Q.
895 2723 1000 2761 Sergii

261 2779 382 2802 manus
408 2768 528 2800 incidit
554 2774 588 2798 et
605 2767 694 2808 apud
720 2776 797 2796 eum
816 2766 882 2796 suit
897 2768 930 2796 in
946 2777 999 2796 er-

257 2816 399 2855 gastulo.
428 2814 543 2852 (quem
568 2812 681 2842 locum
705 2810 889 2840 illustrabit
916 2811 1000 2840 Sue-

258 2863 330 2889 ton.
369 2858 404 2887 in
427 2858 512 2895 Aug.
545 2858 598 2887 32.
622 2855 696 2885 Tib.
723 2857 753 2885 8.
778 2854 820 2884 cf.
853 2854 993 2884 Salmas.

244 2901 298 2934 'ad
328 2901 494 2942 Spartian.
524 2909 554 2931 c.
583 2902 632 2931 18.
662 2903 689 2929 t.
715 2898 736 2929 i.
761 2908 793 2939 p.
829 2897 914 2937 172.)
953 2897 995 2930 ad

797 95 944 127 INDEX
966 96 1101 126 LATIN
1108 96 1263 127 ITATIS·

1047 186 1124 217 Div.
1147 186 1193 215 xi.
1221 189 1270 217 lo.
1299 188 1334 216 et
1360 187 1410 216 13.
1436 187 1609 224 ergastula
1631 185 1781 217 solvet-ez

1049 229 1137 268 quod
1154 232 1205 259 est
1215 229 1387 259 dimittere
1407 239 1515 259 servos
1535 241 1575 260 ex
1591 231 1780 269 erg-astulis,

1050 277 1110 303 aut
1126 273 1237 312 potius
1254 273 1431 310 abducere,
1446 277 1480 303 et
1492 274 1615 304 milites
1632 273 1753 303 facere.

1094 316 1203 354 Ergo,
1227 316 1399 355 eleganter
1421 321 1496 357 post
1518 317 1700 357 longiorem
1726 327 1784 356 pa-

1050 359 1233 390 renthesin.
1272 360 1314 389 ad
1348 360 1424 390 Div.
1449 371 1499 391 κν.
1529 364 1576 392 10.
1608 370 1713 400 quum
1739 358 1787 389 ita

1050 403 1322 442 accidit—quum
1339 414 1416 443 ergo
1427 404 1476 434 ita
1487 405 1618 435 accidit.

1095 447 1250 485 Erigere.
1274 447 1355 486 Leg.
1380 449 1400 477 i.
1425 453 1455 482 9.
1490 448 1660 480 hominem
1684 445 1789 478 erexit

1049 489 1154 520 Deus.
1171 490 1360 521 *recreare
1384 492 1480 522 Brut.
1497 495 1527 523 3.
1551 494 1653 523 θνατὰ
1668 502 1702 521 se
1728 501 1786 531 po-

1050 533 1150 572 pulus
1186 534 1282 564 Rom.
1316 536 1404 566 Sext.
1439 539 1492 566 31.
1529 546 1630 566 causa
1662 537 1788 574 erigere

1050 577 1165 607 oeulos
1189 581 1223 607 et
1245 579 1353 608 vivere
1376 579 1519 609 videtur.
1543 580 1585 609 ad
1622 579 1694 609 Att.
1718 579 1786 608 viii.

1057 623 1104 651 12.
1129 622 1254 660 erigere
1269 632 1373 662 remp.
1397 622 1415 641 *⁶
1429 624 1594 654 resistere.
1611 623 1653 653 ad
1672 622 1712 662 Q.
1735 622 1791 652 Fr.

1053 664 1074 694 i.
1102 668 1130 694 1.
1161 668 1187 695 1.
1212 675 1253 695 ne
1277 671 1311 695 te
1338 667 1434 696 obrui
1464 667 1590 705 negotii
1615 666 1785 705 magnitu-

1054 707 1130 738 dine
1169 709 1272 746 sinas,
1306 710 1363 740 sed
1393 715 1511 740 contra
1543 712 1653 750 erigas
1683 714 1785 748 atque

1053 752 1199 782 resistas.
1223 753 1241 771 ²*
1256 754 1382 792 erigere
1413 765 1448 784 se
1471 754 1632 785 dicuntur
1654 753 1786 784 audito-

1053 805 1118 833 res,
1135 806 1212 826 cum
1238 799 1434 827 attentiores
1460 798 1558 835 fiunt,
1576 799 1788 828 admirantur

1053 838 1179 878 aliquid
1216 840 1250 870 in
1287 842 1449 871 oratione.
1494 842 1591 872 Rosc.
1624 842 1699 871 Am.
1731 842 1784 871 22.

1053 882 1072 901 ²*
1090 883 1171 913 Coel.
1191 886 1240 914 1⁶2.
1267 894 1328 914 nec
1352 894 1432 923 quos
1456 884 1588 915 aculeos
1612 885 1714 915 habet
1735 893 1787 913 se-

1052 927 1173 957 veritas
1197 928 1408 967 gravitasque
1424 933 1547 965 vestra,
1565 939 1642 959 cum
1658 938 1713 958 eos
1730 938 1786 958 ac-

1052 975 1186 1001 cusator
1202 973 1341 1002 erexerit
1356 972 1388 1002 in
1407 982 1490 1009 rem,
1507 973 1541 1002 in
1558 973 1650 1011 vitia,
1667 973 1702 1002 in
1714 982 1786 1002 mo-

1050 1025 1115 1051 res,
1132 1015 1167 1045 in
1191 1018 1356 1055 tempora,
1373 1017 1528 1045 emittere
1552 1016 1586 1046 in
1611 1015 1783 1046 hominem

1051 1063 1085 1088 et
1110 1059 1143 1088 in
1169 1069 1275 1089 reum.
1299 1059 1340 1089 ad
1363 1060 1431 1090 Att.
1456 1060 1504 1090 iii.
1525 1062 1574 1090 15.
1600 1062 1724 1099 erigere
1747 1060 1783 1090 in

1052 1102 1199 1142 aliquem
1222 1107 1286 1141 est,
1310 1104 1477 1143 impetum
1502 1103 1537 1133 in
1560 1114 1639 1134 eum
1663 1104 1785 1134 facere.

1051 1146 1117 1176 Sed
1139 1146 1205 1176 vid.
1231 1152 1301 1177 not.

1093 1190 1250 1230 Eripere,
1275 1191 1315 1220 de
1339 1200 1395 1220 reo
1420 1190 1532 1226 noxio,
1557 1200 1632 1220 cum
1658 1190 1787 1221 artibus

1049 1234 1153 1274 ipsius
1178 1238 1238 1264 aut
1270 1235 1470 1271 amicorum,
1502 1234 1695 1273 eloquentia
1726 1244 1786 1274 pa-

1048 1279 1152 1315 troni,
1190 1279 1343 1317 potentia
1372 1278 1623 1316 advocatorum,
1658 1279 1786 1318 largiti-

1047 1332 1112 1352 one
1139 1322 1294 1359 efficitur,
1319 1325 1358 1352 ut
1381 1321 1581 1352 absolvatur.
1603 1323 1678 1353 Act.
1703 1323 1725 1352 i.
1750 1323 1785 1352 in

1048 1365 1145 1396 Verr.
1171 1368 1201 1396 8.
1233 1367 1315 1406 eripi
1344 1366 1530 1395 accusatori
1560 1375 1667 1396 reum.
1691 1366 1786 1396 Verr.

1048 1409 1070 1439 i.
1095 1412 1127 1440 4.
1167 1408 1222 1439 eui
1246 1419 1320 1440 reus
1344 1414 1415 1439 tam
1441 1417 1562 1439 nocens
1587 1409 1646 1439 &m
1675 1410 1784 1449 impu.-

1049 1463 1091 1483 ne
1114 1453 1197 1493 eripi
1220 1453 1335 1493 possit.
1359 1452 1438 1483 ibid.
1462 1453 1497 1482 ii.
1521 1456 1574 1483 31.
1606 1454 1637 1482 vi
1661 1463 1696 1483 se
1719 1455 1785 1483 eri-

1045 1507 1127 1537 pere
1149 1506 1189 1526 ex
1223 1497 1365 1536 judicio.
1389 1496 1407 1515 ’ἦ
1424 1496 1612 1534 absumere,
1646 1496 1688 1527 ad
1712 1497 1789 1527 Div.

1047 1542 1111 1571 xvi.
1127 1543 1182 1572 521.
1206 1540 1354 1571 multum
1372 1540 1455 1570 mihi
1470 1541 1609 1580 eripitur
1624 1551 1732 1580 operae
1749 1541 1786 1571 in

1048 1584 1271 1615 exscribendis
1295 1584 1578 1625 hypomnematis.
1601 1583 1786 1615 *B'Iarcelh

1052 1631 1102 1659 10.
1134 1637 1228 1658 arma
1250 1628 1291 1658 ab
1315 1627 1386 1658 aliis
1409 1629 1531 1668 posita,
1553 1629 1593 1658 ab
1620 1627 1694 1658 aliis
1717 1639 1785 1659 ere-

1042 1677 1107 1711 pta
1129 1675 1229 1702 sunt:
1262 1672 1309 1702 sic
1330 1676 1364 1702 et
1385 1672 1479 1703 Verr.
1502 1672 1550 1703 iii.
1573 1675 1626 1703 48.
1662 1672 1697 1702 in
1719 1672 1785 1702 Va·

1050 1717 1113 1746 tin.
1144 1718 1192 1746 12.

1094 1758 1239 1791 Errare.
1257 1760 1350 1790 Orat.
1370 1760 1391 1790 i.
1407 1761 1461 1791 48.
1477 1759 1583 1790 oratio
1598 1763 1692 1790 errat
1705 1771 1715 1789 .·
1738 1759 1788 1790 di-

1051 1802 1138 1833 citur
1156 1803 1195 1833 de
1208 1803 1429 1843 λογομαχαὶἷσι.

1094 1847 1290 1885 Erratieus,
1315 1847 1487 1887 eleganter
1510 1847 1550 1877 de
1577 1846 1697 1877 vitibus
1727 1847 1788 1878 ali-

1050 1891 1143 1930 isque
1168 1891 1306 1931 plantis‚
1324 1901 1397 1930 quae
1415 1892 1506 1921 vario
1530 1891 1618 1920 flexu
1633 1896 1786 1931 serpunt.

1052 1935 1147 1966 Cato.
1168 1935 1216 1965 1'5.
1241 1934 1316 1965 vitis
1340 1945 1475 1976 serpens
1492 1933 1672 1974 multiplici
1689 1935 1785 1976 lapsu

1052 1982 1086 2009 et
1100 1981 1248 2009 erratico.

1094 2023 1217 2060 Error,
1235 2022 1276 2052 de
1299 2031 1350 2059 en,
1367 2023 1437 2061 qui,
1454 2022 1534 2061 quid
1557 2026 1648 2061 agat,
1665 2019 1786 2052 nescit.

1051 2068 1085 2096 in
1103 2066 1215 2097 Caecil.
1236 2069 1284 2096 14.
1316 2067 1371 2104 qui
1388 2067 1447 2096 tibi
1472 2069 1586 2103 aestus,
1603 2066 1658 2104 qui
1682 2076 1787 2102 error,

1051 2120 1125 2149 quae
1149 2110 1297 2140 tenebrae
1314 2111 1435 2140 erunt?
1468 2109 1565 2139 *Ate
1584 2109 1639 2139 xii.
1656 2111 1709 2140 43.
1738 2109 1787 2138 fe-

1051 2154 1173 2184 rendus
1200 2154 1262 2183 tibi
1290 2154 1324 2183 in
1349 2153 1411 2184 hoe
1435 2163 1529 2183 meus
1552 2163 1655 2184 error.
1687 2155 1786 2184 antea

1051 2202 1227 2228 vocaverat
1243 2197 1400 2237 ineptias.

1095 2241 1271 2273 Erzcbesco.
1294 2242 1408 2280 Leg.i.
1425 2243 1474 2271 14.
1495 2241 1531 2271 ol
1553 2250 1621 2271 rem
1633 2240 1786 2280 dignam,

1050 2285 1084 2315 in
1101 2295 1167 2325 qua
1183 2295 1248 2315 non
1266 2285 1365 2315 modo
1382 2285 1483 2323 docti,
1499 2285 1557 2315 sed
1571 2285 1676 2315 etiam
1692 2294 1787 2324 agre·-

1049 2333 1116 2359 stes
1132 2330 1332 2360 erubescant.

1094 2373 1275 2410 Erasmus,
1291 2373 1394 2403 etiam
1415 2371 1455 2402 de
1480 2371 1683 2412 philosophis
1708 2371 1787 2410 dici,

1049 2416 1218 2447 docebunt
1242 2416 1305 2446 loci
1329 2416 1382 2446 hi:
1415 2415 1548 2446 Muren.
1576 2418 1629 2446 30.
1653 2419 1707 2446 31.
1732 2417 1787 2446 36.

1049 2461 1103 2491 ubi
1123 2460 1214 2491 Zeno
1238 2461 1370 2490 Stoicus
1394 2463 1428 2489 et
1451 2460 1507 2489 alii
1532 2459 1630 2499 hujus
1655 2459 1787 2499 generis

1048 2504 1237 2545 philosophi
1263 2505 1310 2534 sie
1338 2502 1562 2544 appellantur.
1597 2504 1658 2534 Or.
1684 2504 1705 2533 i.
1736 2506 1788 2535 15.

1046 2548 1196 2578 eruditus
1219 2549 1253 2578 in
1270 2547 1491 2588 philosophia.
1521 2547 1647 2577 ²¹²²Brut.
1663 2549 1695 2578 52.
1725 2557 1788 2577 vox

1045 2592 1177 2622 erudita
1188 2604 1197 2621 :
1222 2592 1256 2622 h.
1268 2602 1297 2622 e.
1316 2592 1432 2630 graeeis
1449 2595 1483 2620 et
1499 2589 1613 2620 latinis
1629 2590 1735 2620 literis
1752 2595 1787 2620 et

1045 2637 1173 2665 artibus
1197 2635 1353 2666 formata.
1385 2634 1544 2665 Paradox.
1564 2644 1594 2664 v.
1610 2636 1641 2665 2.
1671 2633 1787 2664 oculos

1044 2680 1188 2709 eruditos
1216 2679 1396 2709 habemus:
1434 2678 1465 2708 h.
1493 2688 1522 2708 e.
1550 2678 1607 2717 qui
1632 2678 1787 2717 ,judicare

1045 2727 1198 2763 possunt,
1215 2733 1244 2753 v.
1263 2733 1292 2753 e.
1311 2723 1352 2751 de
1369 2722 1508 2762 picturis
1528 2722 1589 2752 &c.

1087 2767 1231 2803 Eruere‚
1250 2770 1289 2796 ut
1305 2766 1424 2796 elicere
1445 2766 1582 2802 dicitur,
1599 2766 1657 2796 Or.
1675 2764 1709 2795 ii.
1728 2767 1781 2795 88.

1041 2812 1240 2841 memoriam
1264 2820 1390 2847 eruere,
1405 2810 1658 2846 exercitatione,
1677 2809 1702 2839 si
1727 2812 1781 2838 est

1040 2854 1135 2884 nulla
1152 2854 1326 2884 naturalis.
1359 2854 1538 2883 *invenire
1555 2852 1718 2883 latentem
1743 2856 1782 2882 et

1038 2898 1240 2938 fugientem.
1265 2897 1307 2929 ad
1320 2898 1398 2930 Div.
1410 2907 1440 2929 v.
1458 2900 1507 2928 10.
1533 2896 1630 2928 illum
1649 2905 1786 2927 eruame
