1920 3196
219 77 316 127 ,294

237 176 389 219 probitas
405 177 617 208 mercedibus
633 182 775 209 evocata.
799 179 819 199 ²¹²
831 182 981 222 peregri-

238 230 305 253 nus
323 221 438 260 jussus
461 221 587 252 adesse.
615 222 726 252 Deiot.
744 226 773 254 5.
801 224 894 254 venit
910 236 979 255 evo-

240 269 346 301 catus,
365 269 403 295 ut
421 266 459 302 is,
475 266 531 305 qui
548 267 680 296 senatui
704 276 819 306 parere
844 268 977 299 didicis-

242 314 306 339 set.
332 310 350 327 ’Κ
360 310 478 339 evocati
491 313 571 339 sunt
583 310 721 347 milites,
735 311 793 349 qui
809 311 978 351 stipendia

241 352 395 392 legitima
413 352 535 390 fecere,
550 353 608 383 sed
623 355 790 393 precibus,
807 357 978 395 promissis

243 397 407 426 commoti
423 401 533 426 eastra
549 397 690 437 alicujus
712 404 912 437 sequuntur.
937 399 979 430 ad

244 440 321 472 Div.
340 441 387 470 iii.
405 440 436 470 6.
460 440 639 480 praefectus
655 446 867 473 evocatorum.

289 484 443 514 Emtare.
474 484 531 514 Or.
556 486 577 516 i.
602 488 655 515 35.
685 487 822 517 evolavit
850 487 978 517 oratio:

244 526 279 557 h.
296 538 324 557 e.
343 527 499 557 celeriter
519 530 696 568 praeteriit,
713 533 751 559 ut
767 530 820 559 vix
838 541 911 569 quae
930 531 979 560 ‹li-

245 574 301 601 cta
320 572 402 609 sint,
419 572 545 612 percipi
569 574 754 612 potuerint.
779 574 857 603 ibid.
874 574 908 604 ii.
926 577 980 608 78.

243 619 357 645 totum
390 620 528 655 repente
561 618 687 647 evolare
699 629 708 646 .·
740 617 773 648 h.
802 628 831 648 e.
864 628 980 648 omncs

243 668 321 689 suas
346 659 430 689 vires
453 659 608 690 celeriter
628 661 816 691 ostendere.
845 661 940 691 Vcrr.
959 662 981 692 i.

246 706 277 734 5.
301 705 426 733 evolare
449 713 489 733 ex
513 705 710 734 severitate:
742 704 776 735 h.
801 715 830 735 e.
854 705 978 735 absolvi

246 748 398 786 quamvis
424 748 573 777 noxium.
608 749 662 778 Sic
688 749 782 779 prov,
819 749 918 780 Cons.
946 749 977 780 6.

245 800 379 831 poenam
397 793 577 822 evolarunt.
601 792 745 823 *Att.ix.
764 796 813 823 10.
830 793 980 833 profecto

244 836 371 865 evolare
383 836 492 875 cupio.
518 835 561 865 ib.
575 847 608 867 x.
628 839 677 866 10.
702 841 800 866 caute
813 836 892 866 hinc
907 837 980 867 istis

246 878 470 917 invitissimis,
486 881 621 917 erolubo,
635 881 656 910 i.
675 890 704 910 e.
721 880 894 911 celerrime
912 881 981 911 abi-

246 931 293 952 re.
318 922 388 952 *de
412 923 605 954 honoribus.
629 925 686 954 Or.
712 926 744 955 2.
768 924 840 954 illos
865 924 980 955 dolent

243 968 398 997 evolasse:
423 977 501 1007 opp.
517 968 650 998 relictos
666 978 748 998 esse.
795 969 848 998 Sic
867 973 917 999 est
933 968 980 999 al-

243 1011 311 1040 tius
328 1012 466 1041 evolare.
486 1011 527 1041 ad
543 1012 620 1042 Div.
636 1012 657 1042 i.
675 1016 704 1046 7.

289 1054 463 1093 Evolvere,
495 1055 674 1095 explicare,
706 1065 882 1096 exponere.
921 1056 978 1087 Or.

244 1098 291 1128 iii.
310 1102 361 1130 55.
392 1098 442 1129 sol
458 1099 530 1138 jam
548 1100 762 1140 praecipitans
780 1110 832 1130 me
848 1111 980 1140 quoque

243 1141 316 1172 haec
342 1143 550 1182 praecipitem
576 1153 671 1184 paene
695 1146 835 1174 evolve-re
858 1145 979 1184 coiigit.

243 1195 274 1216 v.
292 1186 408 1216 Heins.
430 1190 464 1216 et
479 1187 586 1218 Drak.
611 1188 652 1217 ad
668 1187 725 1217 Sil.
742 1189 796 1218 vii.
815 1191 889 1220 435.
914 1189 979 1219 Off.

243 1230 290 1260 iii.
313 1234 361 1264 19.
393 1231 419 1260 si
441 1231 513 1270 quis
538 1231 681 1261 voluerit
697 1233 801 1262 animi
818 1234 869 1263 sui
888 1243 980 1262 com-

242 1274 402 1314 plicatam
427 1275 600 1305 notionem
624 1277 782 1306 evolvere.-
807 1276 840 1306 11.
865 1286 893 1306 e.
910 1278 979 1306 effi-

244 1328 332 1355 cere,
350 1321 389 1348 ut
412 1329 451 1348 ea
474 1319 635 1349 distincta
657 1324 691 1349 et
715 1321 892 1360 perspicua
909 1321 979 1351 fiat.

242 1361 286 1392 cf.
310 1362 380 1392 Att.
398 1362 441 1392 ix.
458 1365 507 1393 10.
531 1363 648 1403 Topie.
665 1366 696 1395 2.
721 1364 886 1401 definitio,
905 1375 978 1403 quae

243 1407 337 1445 quasi
355 1406 546 1437 involutum
563 1409 677 1438 evolvit
694 1408 739 1444 id,
753 1408 793 1438 de
806 1419 872 1447 quo
889 1419 979 1447 quae-

242 1451 341 1480 ritur.
366 1450 554 1490 *reperire
580 1452 661 1481 Coel.
679 1454 731 1483 ⁶23.
757 1453 852 1490 cujus
866 1453 980 1482 crimi-

242 1494 294 1524 nis
310 1504 371 1533 ego
388 1504 496 1533 neque
513 1496 717 1535 principium
742 1497 905 1535 invenire,
923 1506 979 1526 ne-

243 1547 307 1578 que
324 1541 464 1569 evolvere
479 1540 605 1569 exitum
623 1550 770 1580 possum.

286 1581 459 1613 Evolzttus.
491 1584 548 1613 Or.
578 1584 610 1613 ii.
640 1586 692 1615 36.
722 1586 864 1615 evolutus
892 1586 979 1614 inte-

241 1627 413 1666 gumentis
429 1627 716 1657 dissimulationis.

288 1670 448 1710 Euripus.
468 1671 549 1711 Leg.
564 1672 597 1701 ii.
616 1675 640 1702 1.
665 1672 786 1702 ductus
800 1681 977 1710 aquarum,

243 1723 325 1753 quos
347 1715 402 1745 isti
418 1717 543 1754 euripos
559 1722 690 1746 vocant.
709 1716 748 1746 de
766 1717 889 1754 euripis
905 1715 978 1754 lege

243 1758 384 1789 Salmas.
408 1759 449 1788 ad
466 1759 568 1789 Solin.
588 1760 610 1789 f.
636 1760 711 1790 638.
736 1770 783 1799 sq.
801 1760 857 1789 ubi
875 1761 977 1789 etiam

243 1802 283 1831 de
300 1804 421 1839 euripis
438 1803 616 1833 maritimis
630 1807 664 1834 et
680 1803 893 1834 Circensibus
911 1804 980 1842 agi-

241 1850 311 1876 tur.

288 1890 359 1928 Ex,
393 1895 479 1930 post.
512 1891 602 1922 Mur.
638 1894 665 1921 1.
697 1895 728 1926 7.
765 1901 805 1922 ea·
833 1895 983 1931 praetura

242 1934 499 1974 triumphasset.
523 1935 541 1953 *
557 1935 643 1965 (Jaec.
663 1939 716 1966 30.
739 1946 779 1965 ω·
795 1935 882 1972 loco,
900 1945 981 1973 quo-

246 1979 345 2008 modo
362 1979 493 2009 diffcrat
511 1990 530 2009 a
546 1978 630 2009 loco.
652 1979 670 1997 *
683 1979 725 2008 ad
743 1980 818 2009 Div.
836 1990 867 2009 x.
885 1982 915 2010 4.
943 1979 981 2009 li-

242 2027 339 2060 terae,
358 2033 439 2061 quas
463 2034 503 2053 ea·
527 2033 679 2054 sermone
704 2023 819 2053 Furnii
844 2027 876 2052 te
901 2024 981 2053 scri-

243 2067 347 2107 psisse
365 2067 612 2097 animadverto:
641 2067 700 2097 anf
719 2066 980 2106 Veranlassung.

243 2110 353 2140 *ibim
367 2111 422 2140 vii.
436 2113 489 2141 28.
513 2120 553 2141 ex
566 2112 648 2141 meis
662 2111 766 2141 literis
780 2115 812 2140 te
826 2111 980 2140 animum

245 2163 361 2184 meum
379 2154 576 2185 desiderare.

290 2197 444 2229 Est-actio.
470 2199 511 2228 ad
525 2199 601 2229 Div.
618 2198 664 2228 iii.
679 2202 708 2229 8.
734 2199 768 2228 in
781 2200 979 2229 exactionem

246 2243 399 2282 capitum
436 2246 537 2281 atque
576 2243 740 2272 ostiorum
772 2243 982 2273 inducuntur

245 2290 378 2316 sumtus
396 2287 536 2316 minime
554 2287 743 2317 necessarii.

290 2330 480 2368 Exacuere,
513 2330 698 2370 impellere.
736 2331 806 2361 Att.
837 2331 893 2361 xii.
925 2331 979 2362 36.

246 2374 415 2404 cohortari
432 2379 465 2404 et
482 2384 651 2405 ea'aeuere.

291 2418 527 2458 Exoedg'ficure,
552 2418 591 2448 de
621 2419 808 2448 oratoribus
839 2423 902 2455 est,
934 2418 981 2448 la-

246 2462 314 2492 tius
339 2462 510 2494 disserere.
535 2463 591 2493 Or.
609 2463 630 2493 i.
647 2465 700 2493 35.
725 2463 929 2503 exa‘dg'ficare
947 2473 983 2492 o-

245 2516 320 2547 pus.

291 2549 530 2589 Eraggerare,
547 2560 681 2589 augere.
706 2550 770 2579 Off.
792 2551 813 2580 i.
831 2550 884 2580 ⁶26.
910 2560 980 2579 rem

246 2594 448 2624 familiarem
476 2604 542 2624 non
569 2594 659 2624 omni
686 2595 814 2624 ratione
839 2603 982 2632 evag-ge-

245 2642 368 2668 rames.
396 2639 521 2668 Caecin.
538 2641 569 2672 7.
595 2648 673 2668 cum
696 2637 864 2668 sextulam
882 2648 977 2667 suam

242 2682 344 2712 nimis
369 2686 609 2721 effiaggerarem
639 2681 671 2711 h.
689 2691 717 2712 e.
743 2682 889 2711 nimium
918 2691 979 2721 pro

242 2727 379 2757 sextula
402 2737 462 2757 sua
486 2725 685 2767 postularet,
702 2725 802 2755 nimis
820 2735 979 2765 magnam

243 2769 380 2800 diceret.

288 2813 532 2853 Eraggeratz'o.
561 2814 591 2844 T
595 2824 664 2844 use.
691 2814 726 2844 ii.
750 2814 804 2845 26.
837 2822 979 2852 exagge-

244 2859 329 2888 ratio
345 2858 500 2897 quaedam
516 2858 682 2889 altissima
696 2858 813 2888 animi.

283 2901 539 2944 Exaggeratus,
566 2902 667 2941 altus,
698 2901 842 2943 amplus.
879 2900 976 2933 Orat.

758 89 905 118 INDEX
937 92 1235 122 LATlNl'rA'rls.

1020 185 1069 217 17.
1089 186 1141 217 57.
1166 190 1371 223 eacaggerata
1384 187 1502 216 oratio.

1060 225 1263 266 ‚Emg-itare,
1280 238 1501 267 commovere,
1518 238 1652 269 augere.
1676 229 1748 260 Att.

1015 270 1063 300 iii.
1080 273 1111 304 7.
1137 280 1178 300 ne
1195 274 1229 301 et
1246 281 1359 302 meum
1377 283 1552 303 moerorem
1569 274 1747 312 exagitem,

1018 317 1052 343 et
1069 318 1101 343 te
1117 314 1151 344 in
1168 314 1313 346 eundem
1331 315 1462 347 luctum
1477 327 1605 347 vocem.

1061 356 1279 396 Eafagetatus,
1296 360 1455 399 agitatus.
1483 360 1565 390 Sull.
1588 362 1641 390 2¹.
1670 369 1747 389 cum

1011 400 1085 439 jam
1110 401 1235 432 multos
1259 412 1363 433 annos
1388 408 1476 434 esset
1498 405 1670 443 eruginata
1686 403 1752 433 dis-

1017 445 1138 475 sensio.
1164 445 1405 477 *exercitatus
1429 447 1485 478 Or.
1505 452 1535 478 3.
1561 449 1751 486 evaginans

1017 495 1069 517 cst
1092 493 1203 519 orator
1228 489 1374 520 Platonis
1397 495 1431 521 et
1448 491 1588 521 aliorum
1609 490 1752 530 philoso-

1018 531 1161 571 phorum
1180 533 1476 573 (lisputationibuS‚
1490 540 1525 564 et
1541 535 1686 573 adjutus.

1064 575 1282 607 E.cami›m1·e.
1308 579 1365 609 Or.
1383 579 1415 608 ii.
1432 581 1485 609 32.
1510 577 1662 619 populari
1678 582 1751 607 tru-

1017 619 1092 649 tina
1107 622 1307 651 examinare.

1062 663 1269 702 Exuncmre,
1307 664 1396 694 idem
1439 665 1527 704 quod
1567 663 1751 695 exantlare.

1016 707 1046 737 T
1049 717 1118 737 usc.
1143 707 1164 737 i.
1187 711 1241 742 49.
1275 718 1353 738 cum
1379 710 1611 739 avcmclanimc
1633 718 1750 738 omnes

1015 750 1155 781 labores.
1186 751 1228 781 ef.
1248 752 1280 782 ii.
1298 755 1328 783 8.
1359 752 1435 782 Div.
1453 753 1488 782 ii.
1505 756 1557 783 30.
1589 752 1690 782 Acad.
1708 752 1750 782 iv.

1017 797 1070 824 34.
1094 795 1250 825 Davisius
1274 806 1333 835 pro
1355 798 1530 826 avunclum
1552 806 1684 835 semper
1702 806 1753 825 re-

1017 838 1212 877 ponendum
1244 844 1360 869 censet
1389 839 1574 876 exantlare,
1602 839 1658 869 ubi
1690 849 1749 879 pro

1017 882 1193 912 exhaurire
1225 887 1283 913 aut
1314 883 1456 913 tolerare
1483 884 1625 913 dicatur.
1654 893 1683 912 v.
1710 881 1751 912 ad

1018 925 1119 956 Tusc.
1145 926 1166 956 i.
1181 929 1234 961 49.
1270 927 1396 956 Eadem
1421 932 1472 957 est
1496 926 1651 957 Lambini
1676 936 1751 956 sen-

1019 970 1130 1000 tentia
1153 970 1194 1000 ad
1218 971 1320 1000 Acad.
1337 971 1378 1001 iv.
1391 973 1444 1001 538.
1470 971 1526 1009 qui
1543 974 1658 1000 tamen
1676 980 1750 1010 pro-

1018 1013 1076 1043 bat
1103 1016 1280 1044 arandam
1306 1024 1365 1054 pro
1393 1014 1607 1052 ministrarc3
1638 1014 1694 1044 ubi
1720 1018 1754 1043 et

1018 1057 1173 1088 Davisius
1192 1058 1325 1097 reliquit
1344 1059 1377 1088 in
1395 1062 1573 1088 contextu:
1599 1059 1753 1087 exancla-

1018 1105 1102 1138 tum,
1130 1112 1206 1132 cum
1239 1103 1272 1131 in
1299 1103 1419 1132 ceteris
1451 1102 1532 1132 locis
1561 1102 1753 1131 mutaverit.

1018 1144 1163 1184 Quintil.
1189 1146 1300 1176 Instit.
1320 1147 1340 1176 i.
1357 1146 1388 1176 6.
1412 1145 1474 1175 hoc
1495 1145 1631 1175 verbum
1657 1145 1753 1185 ponit

1019 1189 1054 1218 in
1082 1189 1182 1219 nimis
1210 1190 1370 1228 antiquis,
1396 1199 1503 1228 neque
1530 1189 1628 1219 facile
1656 1199 1754 1219 usur·

1020 1233 1148 1272 pandis.
1174 1233 1232 1263 Est
1250 1239 1365 1263 autem
1382 1244 1401 1263 a
1413 1239 1524 1263 vetere
1541 1235 1650 1269 ancl«,
1663 1232 1752 1272 quod

1019 1276 1084 1306 fuit
1101 1287 1169 1314 vas,
1184 1288 1249 1316 quo
1263 1287 1348 1316 aqua
1359 1277 1597 1313 hauriebatur3
1620 1282 1656 1306 ut
1671 1277 1752 1306 adeo

1019 1320 1106 1350 idem
1131 1322 1173 1350 sit
1191 1321 1363 1351 exantlare
1381 1326 1413 1350 et
1431 1323 1615 1351 ercmclare.
1634 1331 1663 1350 ν.
1682 1320 1753 1350 Sal-

1020 1374 1102 1394 Inas.
1134 1365 1175 1394 ad
1202 1365 1334 1404 VopiSC.
1366 1365 1487 1395 Bonos.
1518 1375 1545 1393 c.
1571 1364 1634 1394 ult.
1663 1369 1689 1394 t.
1714 1365 1749 1394 ii.

1019 1418 1094 1448 pag.
1112 1412 1188 1442 774.
1211 1407 1327 1438 Burin.
1345 1408 1386 1438 ad
1401 1408 1546 1448 Quintil.
1563 1408 1584 1438 l.
1603 1419 1631 1438 c.

1064 1452 1255 1491 Emanguis.
1279 1452 1372 1483 Orat.
1391 1453 1412 1481 i.
1431 1455 1476 1483 113.
1501 1452 1540 1482 de
1558 1452 1677 1491 quibus
1697 1450 1751 1481 ille

1018 1497 1114 1526 tenui
1139 1496 1284 1535 quodam
1308 1502 1342 1526 et
1359 1497 1504 1535 asangm
1520 1505 1672 1526 sermone
1689 1495 1754 1525 dis-

1019 1545 1132 1579 putat,
1157 1540 1210 1570 hic
1238 1550 1314 1570 cum
1340 1541 1433 1570 omni
1458 1541 1620 1579 gravitate
1644 1544 1679 1569 et
1696 1541 1756 1579 ju-

1020 1584 1196 1614 cunditate
1213 1585 1367 1623 explicet.

1065 1628 1238 1666 Eaurure,
1256 1629 1386 1668 proprie
1405 1632 1468 1663 est,
1486 1628 1609 1658 arando
1625 1637 1754 1657 eruere.

1020 1672 1096 1702 Div.
1122 1672 1156 1701 ii.
1178 1675 1229 1703 23.
1259 1677 1437 1702 eraramm
1461 1682 1545 1707 esse,
1570 1673 1680 1701 Deum
1705 1670 1755 1701 di—

1021 1725 1094 1745 cam
1120 1726 1161 1745 an
1180 1716 1375 1746 bominem?
1409 1715 1490 1755 Leg.
1509 1715 1542 1745 ii.
1560 1717 1612 1746 ⁶23.
1645 1713 1756 1754 sepul-

1022 1759 1101 1789 chra
1117 1764 1259 1789 erarafa
1275 1765 1366 1790 sunt.
1383 1760 1472 1789 unde
1486 1759 1605 1789 deinde
1619 1759 1757 1789 exarari

1020 1803 1155 1840 dicitur,
1174 1803 1263 1842 quod
1286 1814 1365 1842 agro
1390 1803 1529 1833 colendo
1553 1803 1700 1841 quaestfis
1717 1803 1753 1833 in

1020 1847 1172 1886 frugibus
1190 1848 1351 1887 capimus.
1374 1847 1469 1877 verr.
1486 1857 1516 1877 v.
1534 1850 1585 1877 38.
1616 1851 1752 1877 tantum

1022 1891 1132 1921 labore
1171 1901 1230 1920 suo
1258 1891 1422 1921 frumenti
1452 1892 1648 1921 exarabant.
1678 1890 1754 1920 *tle

1021 1936 1246 1965 scribentibus
1277 1945 1356 1965 cum
1385 1935 1521 1971 dicitur,
1545 1941 1756 1973 extempora-

1021 1979 1088 2009 lem
1112 1979 1332 2019 scriptionem
1356 1984 1390 2008 et
1412 1979 1557 2008 subitam
1575 1978 1756 2017 significat.

1022 2024 1093 2053 Att.
1121 2023 1184 2053 xiv,
1211 2025 1262 2053 (ΔΞ.
1298 2024 1413 2053 statim
1442 2022 1503 2051 hoc
1531 2023 1643 2051 nescio
1675 2021 1755 2060 quid

1021 2068 1171 2097 emanavi.
1203 2067 1282 2097 ibid.
1314 2067 1379 2096 xvi.
1413 2066 1444 2096 6.
1481 2067 1597 2096 statim
1630 2075 1754 2095 novum

1022 2111 1221 2150 prooemiuni
1244 2112 1382 2141 &curavi
1398 2111 1457 2140 ἃς.
1483 2110 1525 2139 cf.
1542 2110 1583 2139 ad
1607 2110 1682 2140 Div.
1699 2109 1757 2139 xii.

1022 2158 1075 2186 20.
1100 2155 1143 2184 ix.
1162 2155 1214 2185 226.
1241 2156 1300 2185 ἀρ.

1066 2199 1269 2237 Ε.ι·ανι1ι’.ςτο,
1309 2199 1478 2234 absumor,
1515 2206 1624 2236 pereo.
1671 2196 1754 2226 Har.

1020 2242 1120 2282 Resp.
1138 2245 1190 2273 91.
1215 2243 1330 2282 excepi
1349 2242 1518 2271 flammam
1537 2244 1595 2281 (sc.
1614 2250 1687 2279 q-uae
1706 2240 1757 2270 in-

1014 2286 1197 2325 jiciebatur
1223 2284 1354 2326 patriae)
1384 2289 1418 2315 et
1443 2285 1532 2315 solus
1559 2285 1669 2315 exarsi
1694 2294 1755 2323 pro

1021 2331 1141 2370 patria.
1173 2330 1305 2360 *Tusa
1332 2340 1362 2358 v.
1389 2332 1442 2363 ⁶29.
1475 2328 1649 2367 ingenium
1682 2328 1755 2366 ejus

1019 2375 1144 2404 arm-sit
1157 2379 1276 2403 contra
1288 2374 1434 2404 Stoicam
1449 2372 1673 2419 disciplinam.
1688 2371 1756 2401 Ra-

1019 2418 1080 2448 bir.
1096 2419 1184 2448 Post.
1202 2419 1233 2449 6.
1257 2418 1298 2447 ad
1315 2417 1504 2457 periculum
1520 2415 1756 2445 innocentium

1021 2466 1155 2502 teinpus
1173 2465 1354 2492 esai-serat.
1382 2460 1462 2491 Lael.
1480 2462 1532 2491 2²1.
1563 2458 1759 2489 intolerabi-

1021 2506 1061 2535 lis
1087 2507 1210 2544 injuria
1232 2507 1368 2541 emm-sie,
1385 2515 1431 2534 sc.
1456 2504 1490 2534 in
1509 2513 1580 2533 1108.
1612 2502 1697 2532 Phil.
1715 2503 1758 2533 iv,

1023 2550 1054 2579 G.
1090 2550 1190 2588 longo
1221 2553 1372 2589 tempore
1401 2548 1443 2578 ad
1469 2557 1562 2588 spem
1590 2545 1757 2577 libertatis

1022 2595 1217 2623 emi-simus.

1068 2637 1248 2668 EJ-aresco.
1278 2636 1380 2667 Tusc.
1408 2636 1454 2667 iii.
1477 2639 1531 2667 31.
1563 2633 1678 2674 opinio
1703 2642 1758 2663 ve-

1022 2685 1152 2711 tustate
1167 2683 1316 2712 evannit.-
1340 2681 1363 2710 i.
1379 2690 1407 2710 e.
1424 2678 1573 2710 evanuit.

1068 2725 1226 2756 Iste-audio
1247 2735 1307 2766 pro
1329 2724 1441 2761 audio,
1459 2723 1499 2753 de
1523 2722 1624 2752 fama.
1658 2720 1759 2752 Catil.

1024 2769 1067 2799 iv.
1084 2773 1115 2803 7.

1067 2812 1290 2849 Excellentim
1315 2812 1374 2842 der
1396 2811 1541 2849 Vorzug.
1576 2808 1642 2839 Off.
1666 2808 1688 2838 i.
1705 2809 1760 2839 28.

1022 2867 1147 2896 magna
1163 2867 1241 2887 cum
1259 2856 1448 2887 excellentia
1464 2853 1690 2883 animantium
1707 2861 1759 2900 re-

1021 2900 1202 2941 liquaruin.
1224 2900 1359 2932 *virtus
1382 2897 1541 2940 quaelibet
1562 2896 1615 2929 vel
1629 2894 1757 2936 ingemi
