1920 3196
687 110 835 140 INDEX
865 108 1165 137 LA'riNi'rA'rIS.

175 199 363 240 Virgeiuvm
380 199 510 238 hortus,
521 200 724 230 arboretum.
739 198 816 237 Leg.
833 198 866 227 ii.

125 246 159 276 8.
186 244 376 275 sacerdotes
393 245 508 274 vineta
521 254 538 273 ι
543 245 573 273 ir
571 248 714 282 geluque
727 249 762 272 et
778 241 866 272 salu-

123 292 194 318 tem
213 288 326 329 populi
337 293 535 325 auwurmto
547 297 574 317 v.
585 287 732 317 Turneb.
747 285 835 316 adh.
845 285 866 314 l.

173 330 338 370 Virgines,
365 312 563 371 siniplicittr
587 330 739 360 Vestales
767 329 866 368 111·ςί-

127 384 186 405 nes
204 376 374 405 dicuntur.
400 375 501 405 Catil.
519 375 565 404 iii.
586 376 618 404 4.
643 379 719 414 post
735 373 867 403 absolu-

123 419 252 448 tionem
269 419 450 457 virginum.

172 462 325 500 Virgnla.
351 462 446 493 Offic.
464 462 485 491 i.
501 464 555 492 44.
581 462 606 491 si
635 461 750 490 omnia
771 460 867 490 nobis

126 507 266 544 —quasi
288 507 425 544 virgula
449 505 574 542 divina,
600 509 640 535 ut
656 505 765 542 aiunt,
788 514 867 543 sup-

126 549 382 589 peditarentur:
408 550 429 579 i.
459 559 487 579 c.
519 549 602 578 eitra
625 558 722 587 opem
750 548 868 577 huma-

128 602 218 623 nam.
237 593 377 624 ductum
396 593 606 632 proverbium
627 592 756 622 videtur
771 591 869 622 Eras-

127 646 184 666 1110
201 645 221 665 a
244 637 342 674 virga
366 636 522 674 Palladis,
539 636 633 674 cujus
657 636 757 666 toties
774 644 867 664 men-

123 681 174 709 tio
190 680 280 719 apud
299 679 497 710 Homerum.
542 680 635 710 Nota
645 684 696 709 est
708 680 811 709 etiam
828 688 868 708 ex

125 722 266 762 Virgilio
282 726 380 762 virga
398 723 524 760 Circes,
541 729 576 754 et
591 724 662 763 ejus
679 724 737 753 vis.

175 767 346 798 viriditas.
368 766 469 798 Tusc.
487 768 534 797 iii.
550 770 603 798 31.
622 766 748 797 malum
763 775 869 806 quan-

129 810 208 840 dam
221 811 322 841 habet
335 811 549 842 viriditatem.
573 810 694 841 Lael.3.
715 813 869 840 senectus

129 854 242 884 aufert
265 865 340 885 eam
366 856 582 893 viriditatem,
613 855 647 884 in
674 865 741 893 qua
764 854 867 884 etiam

129 904 216 928 tunc
242 904 315 928 erat
346 898 468 938 Scipio.
493 899 554 929 Est
576 908 593 928 e
609 899 737 928 Graeeo.
761 897 869 927 Graeci

129 942 221 972 enim
246 941 364 984 χλωρὴ
386 942 505 972 dicunt
521 952 634 980 omne,
651 942 739 981 quod
755 948 805 971 est
822 950 873 971 re·

132 995 224 1021 cens,
241 985 276 1015 iu
304 986 485 1025 primisque
512 986 661 1025 vigorem
683 985 871 1025 juvenilem

129 1033 167 1058 et
184 1028 326 1058 virilem.

178 1072 302 1102 Virilis.
329 1071 422 1102 Verr.
450 1073 491 1103 iv.
517 1075 569 1107 37.
593 1076 646 1103 est
661 1072 774 1111 aliqua
798 1081 873 1101 mea

133 1125 210 1156 pars
227 1117 343 1146 virilis.
368 1115 454 1146 Phil.
471 1117 539 1147 xiii.
555 1119 587 1147 4.
611 1126 665 1146 me
681 1117 752 1155 ejus
771 1116 873 1145 bene-

133 1160 210 1190 ficio
221 1160 310 1200 plus,
327 1169 426 1199 quam
444 1170 505 1200 pro
520 1161 611 1190 virili
623 1164 732 1200 parte,
748 1159 874 1198 obliga-

131 1208 208 1233 tum
235 1208 329 1243 puto.
354 1203 468 1234 Virilis
493 1214 581 1244 pars,
598 1213 639 1233 ne
664 1210 778 1234 errent
796 1203 879 1233 tiro-

134 1256 208 1284 nes,
231 1252 269 1277 ut
298 1247 398 1287 vulgo
421 1248 472 1285 fit,
498 1253 550 1278 est
572 1249 804 1286 cujuscunque
829 1247 876 1276 rei

135 1291 324 1321 eommunis
339 1290 505 1331 pluribus,
527 1292 594 1321 sive
613 1293 707 1321 bonae
724 1298 758 1321 et
774 1291 874 1327 laetae,

133 1335 202 1364 sive
214 1335 322 1365 tristis
337 1340 372 1364 et
389 1335 550 1372 molestae,
562 1345 636 1375 pars
649 1345 701 1372 ea,
712 1345 786 1374 quae
802 1334 878 1364 uni-

136 1378 258 1417 cuique
275 1388 316 1408 ex
328 1388 444 1409 eorum
458 1389 599 1409 numero
609 1378 750 1409 debetur
765 1388 877 1418 aequa—

135 1421 225 1453 liter.
260 1422 314 1452 Sic
341 1423 377 1452 in
403 1422 465 1452 hac
482 1422 639 1461 formula,
670 1422 744 1462 plus
775 1431 876 1462 quam

136 1466 227 1497 virili
243 1470 338 1506 parte
354 1465 539 1506 obligatum
555 1476 640 1504 esse,
656 1471 769 1503 est‚ex
788 1475 879 1496 com-

137 1510 234 1541 muni
251 1513 286 1539 et
301 1509 342 1540 ad
365 1519 481 1540 omnes
505 1511 696 1550 pertinente
718 1510 880 1540 beneficio

139 1554 234 1592 quasi
250 1555 410 1594 majorem
427 1555 546 1584 ceteris
557 1560 688 1594 partem
704 1554 881 1593 accepisse.

139 1596 251 1636 Vulgo
267 1602 381 1628 autem
399 1607 458 1637 pro
474 1600 564 1628 virili
580 1603 674 1638 parte
691 1599 737 1628 sic
753 1598 787 1627 in
803 1598 882 1627 scri-

141 1641 250 1671 bendo
258 1640 489 1681 loquendoque
502 1642 632 1679 dicunt,
646 1643 737 1681 quasi
748 1642 805 1678 sit,
822 1651 881 1681 pro

139 1685 277 1715 viribus.
309 1685 328 1703 '⁴‘
343 1686 451 1715 virum
467 1685 599 1716 decens.
622 1687 692 1716 Att.
709 1686 753 1715 xi.
771 1687 824 1715 953.
849 1690 884 1714 et

140 1728 331 1759 videremur
352 1728 478 1768 aliquid
504 1729 626 1760 doloris
648 1731 753 1759 virilis
779 1729 884 1759 habu-

140 1772 215 1802 isse.
240 1773 294 1802 Sic
309 1773 410 1803 Tusc.
424 1773 458 1803 ii.
473 1775 525 1807 27.
549 1775 687 1804 viriliter
698 1777 860 1812 aegrotare
877 1785 883 1802 :

142 1815 177 1847 h.
191 1825 220 1846 e.
236 1825 278 1846 110
295 1820 329 1846 te
347 1816 447 1846 nimis
464 1816 613 1855 mollem,
631 1822 691 1849 aut
707 1817 886 1858 impatien-

140 1864 212 1890 tem
229 1859 350 1890 doloris
365 1860 568 1891 molestiaeve
586 1862 744 1901 praebeas.

188 1902 317 1934 Virtus.
330 1904 431 1934 Tusc.
443 1905 477 1934 ii.
498 1908 546 1936 18.
566 1907 671 1935 virtus
687 1915 727 1935 ex
742 1904 811 1934 viro
829 1914 886 1944 ap-

141 1946 268 1987 pellata
281 1951 354 1986 est3
380 1948 439 1978 viri
457 1952 572 1978 autem
590 1950 734 1978 maxime
751 1949 887 1988 propria

144 1995 197 2021 est
222 1991 410 2029 fortitudo;
435 1992 549 2031 itaque
566 1993 606 2022 ab
618 1992 680 2023 hac
695 1996 820 2022 ceteras
838 1992 886 2021 sic

144 2034 329 2075 appellatas
349 2040 458 2075 putat.
485 2035 556 2066 Fin.
574 2046 603 2066 v.
621 2040 669 2066 13.
694 2037 742 2066 ita
758 2036 829 2072 fiet,
847 2040 888 2065 ut
934 2038 954 2054 ᾗ

143 2080 251 2109 animi
273 2079 378 2109 virtus
395 2081 532 2119 corporis
556 2080 673 2110 virtuti
700 2087 886 2119 antepona-

144 2126 228 2160 tur;
254 2123 426 2161 animique
452 2125 588 2154 uirtutes
603 2133 666 2154 non
683 2124 888 2154 voluntarias

145 2166 286 2196 vincant
313 2167 452 2197 virtutes
478 2169 687 2200 volmztariae;
713 2177 786 2206 qua·-
815 2167 888 2206 qui-

146 2209 223 2239 dem
243 2211 373 2250 proprie
389 2213 525 2242 virtutes
541 2211 765 2251 appellantur.
788 2210 807 2229 *
822 2211 890 2240 for-

145 2253 259 2283 titudo
277 2254 442 2285 militaris.
466 2256 556 2286 Sext.
585 2256 638 2286 65.
670 2256 779 2285 aditus
797 2254 889 2284 inil-

145 2296 217 2327 lum
248 2307 421 2328 summum
451 2299 605 2329 ordinem
635 2299 759 2329 civium
791 2297 889 2328 indu-

146 2341 238 2371 striae
270 2351 308 2371 ac
334 2343 451 2372 virtuti
467 2346 607 2382 pateret.
639 2352 760 2383 nempe
791 2341 890 2372 indu-

145 2386 231 2415 stria
245 2386 395 2416 cernitur
420 2387 453 2416 in
473 2387 581 2417 causis
597 2387 632 2416 in
649 2386 720 2417 foro
737 2385 888 2425 agendis,

146 2430 253 2459 virtus
271 2429 305 2458 in
324 2439 357 2459 re
376 2430 531 2461 militari:
550 2430 600 2460 his
617 2430 744 2460 duabus
761 2430 887 2460 artibus

147 2472 244 2502 enim
257 2473 367 2503 aditus
380 2474 414 2503 in
431 2475 560 2504 curiam
585 2474 813 2504 muniebatur.
837 2474 889 2502 Sic

149 2515 284 2546 Muren.
319 2520 367 2547 10.
407 2518 527 2548 bellica
557 2518 675 2555 virtus,
707 2518 889 2558 opponitur

147 2559 273 2590 forensi
303 2559 395 2591 laudi
421 2569 454 2591 et
482 2561 666 2592 industriae.
696 2561 761 2591 vid.
791 2561 889 2591 indu-

145 2603 276 2634 stria*
305 2614 371 2641 ars,
399 2605 588 2645 disciplina,
615 2604 758 2636 facultas
786 2605 891 2635 alicu-

140 2647 199 2686 jus
217 2648 308 2678 artiS.
332 2648 428 2679 Offie.
445 2650 466 2679 i.
484 2651 536 2680 32.
570 2650 684 2689 itaque
708 2659 743 2680 se
770 2648 823 2678 alii
848 2648 891 2678 ad

146 2690 407 2732 philosophiam,
425 2692 480 2723 alii
497 2693 538 2723 ad
561 2693 618 2732 jus
638 2693 748 2730 civile,
765 2692 821 2723 alii
849 2692 890 2721 ad

147 2734 374 2774 eloquentiam
386 2736 576 2777 applicant,
596 2738 811 2776 ipsarumque
826 2737 892 2765 vir-

147 2782 260 2810 tutum
278 2779 311 2809 in
332 2779 397 2810 alia
412 2780 496 2811 alius
514 2780 643 2810 mavult
657 2780 833 2810 excellere.

196 2822 266 2860 Vis,
282 2828 333 2854 est
358 2823 410 2854 vel
426 2834 516 2861 vera,
532 2833 607 2863 quae
633 2825 673 2854 fit
697 2824 799 2854 armis
826 2824 892 2853 sive

143 2866 260 2904 justis,
284 2867 351 2897 sive
368 2867 530 2904 fortuitis,
546 2868 636 2898 unde
654 2867 706 2898 lex
729 2867 769 2897 de
788 2868 817 2898 vi
841 2878 892 2897 ar-

152 2910 252 2941 matis
269 2909 472 2943 horninibus.
498 2913 623 2943 Caecin.
641 2916 673 2946 9.
698 2911 770 2943 haec
789 2911 892 2942 etiam

1569 97 1647 135 481

912 198 960 226 vis
976 196 1081 227 solida
1096 197 1230 227 dicitur.
1243 196 1331 228 conf.
1349 196 1472 228 Caecin.
1490 198 1538 227 l5.
1556 205 1582 226 s.
1599 194 1655 228 vel

912 251 963 278 ea,
982 251 1054 290 quae
1069 241 1146 270 ibid.
1165 243 1216 271 :5-2.
1241 241 1439 280 quotidiana
1453 241 1500 270 vis
1516 240 1651 270 dicitur.

912 284 997 313 Cum
1017 285 1050 313 in
1068 286 1269 314 controxersi
1275 296 1293 314 ἰ
1311 285 1350 314 (le
1367 285 1572 334 possessione
1592 283 1654 314 ali·

913 328 1009 366 cuius
1025 328 1121 357 fundi
1139 328 1295 358 dcdu‹tio
1311 338 1349 358 ac
1367 330 1413 359 cis
1435 327 1581 358 moribus
1600 327 1651 358 fit.

910 371 990 401 ibid.
1013 374 1060 402 11.
1085 381 1184 420 quam
1211 371 1337 401 Gellius
1361 382 1413 401 xx.
1442 374 1490 401 10.
1519 370 1651 400 cixilem

913 425 951 444 ac
968 414 1181 444 festucariam
1203 421 1309 445 iocat.
1327 415 1390 445 1111,
1405 425 1507 455 supra
1523 415 1556 443 in
1573 423 1654 444 con-

914 468 1034 488 serere.
1053 466 1086 488 et
1105 458 1230 488 Cincin.
1249 462 1280 492 7.
1316 458 1404 488 Hinc
1435 459 1536 488 ctiam
1568 456 1653 487 illud

914 501 993 531 ibid.
1021 505 1072 532 31.
1098 502 1186 531 unde
1204 502 1259 531 ille
1278 512 1330 532 me
1348 504 1378 532 vi
1402 503 1545 541 dejecit:
1570 502 1655 531 item

914 557 942 575 e.
959 547 1010 576 22.
1034 556 1100 575 zzm
1123 546 1320 576 iestituere:
1356 545 1389 576 h.
1410 557 1439 577 e.
1456 545 1602 584 aliquem
1619 545 1653 574 in

914 599 991 619 eum
1003 589 1033 618 lo
1025 599 1113 619 cum
1131 590 1321 627 restituere,
1333 600 1372 619 ex
1389 600 1454 629 quo
1469 599 1545 619 eum
1557 589 1586 618 11
1600 598 1657 617 xe-

916 643 953 663 ra
979 632 1147 672 dejeceris.
1182 633 1354 672 *genus
1345 635 1390 664 ris
1415 644 1501 673 saepe
1519 633 1658 673 ponitur

917 687 976 717 pro
1000 677 1128 714 ior-mis,
1148 676 1179 706 h.
1204 686 1233 707 e.
1261 687 1320 717 pro
1345 678 1382 708 iis
1413 679 1509 707 rebus
1534 677 1655 714 quibus

915 722 963 750 vis
980 721 1031 757 fit,
1050 725 1108 750 aut
1125 730 1198 760 quae
1215 730 1274 760 per
1288 723 1355 752 vim
1379 721 1477 751 fiunt.
1503 730 1562 760 pro
1587 724 1659 750 stu-

916 775 975 805 pro
992 764 1110 795 Milon.
1127 767 1158 794 4.
1188 766 1253 794 vim
1272 765 1400 795 afferre.
1417 764 1504 795 conf.
1522 763 1615 794 Verr.
1632 764 1656 794 i.

917 808 970 839 26.
1002 819 1060 849 pro
1087 808 1240 848 precibus
1264 808 1358 839 verr.
1384 809 1405 839 i.
1434 811 1487 840 25.
1512 808 1658 838 retinere

917 854 1107 882 summawi.
1134 862 1193 892 pro
1219 852 1319 883 minis
1346 853 1438 883 Vcrr.
1454 853 1500 882 iii.
1518 853 1570 882 2⁶2.
1594 851 1658 881 hac

918 896 974 926 ille
998 897 1030 925 υἱ
1058 901 1093 926 et
1121 895 1184 926 hoc
1210 901 1305 926 metu
1332 896 1511 934 adductus,
1537 904 1659 935 nempe

917 940 1100 979 virgarum,
1118 950 1199 979 quas
1219 941 1413 970 minabatur
1438 940 1569 970 Verres.
1601 948 1662 979 pro

917 984 1035 1024 opibus
1071 985 1270 1021 amicorum,
1307 984 1559 1022 advocatorum,
1598 991 1663 1013 un·

921 1027 961 1057 de
989 1028 1110 1068 inopiae
1143 1028 1335 1068 opponitur.
1365 1028 1484 1067 Quint.
1517 1030 1542 1057 1.
1573 1025 1663 1066 quod

920 1072 946 1101 si
963 1076 1003 1101 tu
1024 1072 1130 1111 judex
1148 1071 1242 1101 nullo
1270 1072 1423 1112 praesidio
1452 1071 1555 1102 fuisse
1570 1070 1663 1100 vide-

922 1116 997 1145 bere
1024 1120 1142 1145 contra
1173 1117 1242 1146 vim
1265 1121 1299 1145 et
1333 1116 1475 1156 gratiam
1510 1113 1665 1145 solitudi-

923 1159 956 1189 ni
974 1163 1074 1198 atque
1099 1159 1232 1199 inopiae.
1259 1169 1318 1200 pro
1334 1160 1546 1201 corruptione
1571 1157 1664 1198 judi-

924 1213 1013 1233 cum.
1039 1203 1131 1233 Verr.
1149 1203 1183 1233 ii.
1199 1206 1252 1234 31.
1275 1204 1302 1234 si
1320 1203 1433 1243 aliqua
1443 1213 1477 1233 se
1486 1204 1518 1233 vi
1533 1203 1665 1243 eripue-

923 1247 968 1277 rit
993 1257 1033 1276 ex
1050 1247 1113 1276 hoc
1124 1247 1270 1286 judicio:
1307 1247 1396 1277 unde
1413 1248 1515 1277 etiam
1531 1247 1581 1276 vis
1594 1254 1668 1275 ver-

924 1295 999 1320 sata
1013 1300 1084 1320 esse
1101 1291 1225 1320 dicitur
1241 1291 1276 1321 in
1292 1291 1435 1330 judicio,
1452 1290 1542 1330 quod
1563 1299 1668 1330 pecu-

926 1336 983 1364 nia
999 1343 1196 1374 corruptum
1222 1339 1284 1365 est.
1310 1335 1583 1375 Corrumpuntur
1610 1343 1668 1363 au-

926 1383 995 1408 tem
1008 1378 1139 1416 judices
1152 1378 1202 1408 vel
1214 1379 1334 1418 gratia,
1351 1378 1404 1409 vel
1413 1383 1521 1415 metu,
1537 1378 1588 1407 vel
1605 1377 1671 1407 lar-

927 1422 1065 1461 gitione.
1088 1421 1205 1462 Itaque
1220 1423 1360 1461 singulis
1376 1423 1457 1453 locis
1473 1421 1670 1458 videndum,

928 1466 968 1496 de
985 1476 1051 1505 quo
1077 1476 1198 1505 genere
1222 1467 1386 1506 capienda
1413 1467 1459 1496 sit
1487 1468 1546 1496 vis.
1569 1466 1589 1484 ²*
1604 1464 1668 1495 Sed

928 1510 1155 1549 visjudicum,
1172 1509 1455 1549 veljudiciorum‚
1472 1514 1524 1540 est
1537 1509 1674 1549 justitia

931 1562 966 1584 et
981 1554 1137 1584 severitas
1154 1554 1188 1583 in
1213 1555 1371 1584 scelestos
1398 1554 1564 1591 homines,
1583 1558 1623 1583 ut
1638 1553 1675 1582 in

932 1597 1044 1628 Caecil.
1072 1601 1102 1628 3.
1135 1598 1211 1628 Act.
1240 1597 1262 1629 i.
1284 1598 1378 1628 Verr.
1409 1602 1458 1632 17.
1485 1598 1610 1639 Caecin.
1642 1597 1675 1627 2.

929 1641 949 1660 ³⁵
965 1641 1112 1671 formula
1126 1643 1192 1672 vim
1209 1641 1327 1672 afferre
1349 1647 1401 1672 est
1415 1642 1519 1672 etiam
1537 1642 1572 1671 in
1586 1641 1674 1671 bono

930 1695 1043 1722 sensu,
1066 1695 1126 1725 pro
1143 1686 1311 1725 prodesse,
1328 1686 1451 1723 valere,
1468 1685 1564 1716 Orat.
1580 1685 1602 1716 i.
1620 1686 1674 1716 25.

932 1732 952 1751 *²
970 1731 1016 1759 ris
1032 1729 1157 1759 dicitur
1171 1731 1276 1760 etiam
1302 1730 1343 1760 de
1364 1735 1486 1760 natura
1509 1737 1622 1760 rerum
1639 1732 1676 1758 et

931 1774 1073 1803 ratione.
1098 1772 1168 1803 Inv.
1186 1775 1273 1809 i.49.
1297 1774 1359 1804 lioc
1383 1783 1449 1804 uon
1467 1774 1574 1813 magis
1589 1771 1677 1803 sedi-

932 1818 1022 1854 tiosi,
1050 1827 1151 1856 quam
1183 1818 1499 1857 ambitiosi—quam
1531 1817 1674 1866 alicujus

935 1862 1078 1901 improbi
1094 1860 1239 1892 hominis
1261 1863 1328 1893 vim
1355 1861 1523 1892 describit.
1547 1860 1620 1891 Inv.
1638 1860 1674 1890 ii.

933 1908 986 1936 33.
1011 1915 1080 1935 rem
1097 1915 1135 1934 ex
1153 1914 1215 1936 sua
1227 1907 1259 1936 vi
1278 1904 1428 1948 (natura)
1455 1905 1677 1935 considerare.

933 1949 1028 1980 Orat
1046 1949 1066 1979 i.
1079 1950 1131 1979 ²21.
1150 1947 1190 1979 de
1199 1950 1232 1980 vi
1244 1954 1280 1980 et
1291 1950 1421 1980 ratione
1437 1949 1580 1979 dicendi.
1597 1947 1616 1967 *ἓ
1628 1947 1679 1978 lo-

936 2002 1005 2023 cus.
1031 1992 1164 2022 Invent.
1189 1993 1210 2023 i.
1234 1995 1266 2024 ⁶2.
1291 2001 1422 2024 naturae
1450 1996 1515 2024 vim
1531 1992 1673 2023 obtinet.

971 2037 1006 2066 in
1024 2036 1166 2066 dicendo
1193 2039 1240 2067 vis
1259 2042 1311 2068 est
1338 2036 1527 2068 sublimitas
1545 2041 1580 2066 et
1602 2045 1676 2066 ma·

935 2080 1141 2120 gnificentia.
1153 2081 1246 2111 Orat.
1260 2082 1294 2111 ii.
1311 2083 1364 2115 29.
1381 2090 1465 2112 meae
1480 2082 1586 2111 totius
1603 2089 1677 2109 ora-

933 2125 1149 2154 tionis—tres
1166 2132 1247 2155 sunt
1268 2126 1414 2155 rationes
1429 2137 1435 2155 :
1461 2125 1677 2155 una—tertia

934 2167 1212 2198 concitandorum
1223 2169 1425 2199 animorum.
1437 2168 1556 2199 harum
1574 2167 1663 2209 parti

936 2222 995 2242 um
1011 2212 1115 2242 tertia
1130 2214 1198 2242 vim
1211 2212 1389 2243 desiderat.
1406 2213 1447 2243 ad
1460 2213 1536 2243 Div.
1553 2222 1605 2242 xv.
1622 2213 1676 2243 ΩΙ.

934 2256 974 2286 (10
991 2255 1114 2286 Calvo:
1139 2256 1257 2287 multae
1273 2262 1372 2286 erant
1389 2262 1425 2287 et
1440 2256 1622 2287 reconditae
1640 2255 1680 2285 li-

936 2303 1038 2330 terae:
1064 2300 1112 2330 vis
1135 2309 1203 2330 non
1218 2305 1302 2331 erat.
1326 2301 1345 2318 ’ἓ
1362 2301 1408 2331 vis
1423 2302 1524 2331 etiam
1542 2299 1678 2339 elegan-

934 2348 987 2374 ter
1002 2342 1166 2374 tribuitur
1176 2344 1228 2382 iis,
1241 2344 1296 2383 qui
1310 2343 1524 2375 ulciscuntur
1536 2344 1678 2384 injurias

934 2387 997 2418 sibi
1023 2387 1142 2425 factas,
1159 2392 1218 2418 aut
1243 2388 1300 2427 qui
1331 2388 1392 2419 sibi
1419 2389 1576 2429 injuriam
1603 2388 1678 2418 fieri

938 2441 1005 2461 non
1028 2433 1158 2462 sinunt.
1188 2432 1290 2462 Dom.
1319 2435 1371 2464 55.
1403 2442 1528 2472 magna
1550 2433 1600 2462 vis
1627 2434 1679 2461 est

936 2485 1013 2504 cum
1039 2475 1074 2505 in
1094 2475 1245 2506 Deorum
1269 2477 1424 2514 numine,
1441 2482 1516 2507 tum
1543 2476 1578 2506 in
1606 2476 1679 2515 ipsa

934 2518 1106 2559 republica
1130 2520 1190 2550 &c.
1215 2520 1313 2550 Rosc.
1336 2520 1411 2550 Am.
1438 2523 1491 2552 24.
1515 2519 1680 2559 Magnam

937 2564 1004 2598 v'mi
1021 2563 1169 2602 possidet
1179 2569 1339 2604 paternus
1351 2568 1592 2603 maternusque
1602 2572 1678 2593 san-

939 2607 1030 2645 guis:
1050 2607 1115 2637 nisi
1128 2617 1188 2647 pro
1204 2608 1385 2638 sanctitate
1402 2607 1498 2638 malis
1515 2607 1679 2647 accipere.

937 2650 956 2668 ²*
970 2650 1174 2690 significatio
1191 2652 1293 2681 verbi.
1315 2651 1453 2682 Tuscul.
1470 2652 1516 2682 iii.
1534 2654 1564 2682 5.
1588 2650 1682 2681 verbi

937 2696 994 2724 vis.
1011 2696 1046 2723 et
1061 2695 1107 2724 sic
1121 2704 1221 2735 saepe.
1245 2695 1374 2726 *servit
1386 2697 1491 2727 etiam
1508 2694 1680 2736 periphra-

935 2738 975 2775 si,
993 2744 1032 2767 ut
1044 2739 1092 2768 vis
1103 2738 1254 2769 Deorum
1271 2749 1330 2779 pro
1346 2739 1432 2770 Diis.

984 2780 1132 2820 Viscera,
1149 2792 1237 2814 cam.
1262 2792 1340 2813 nam
1367 2783 1526 2823 quicquid
1541 2780 1682 2813 subco-

942 2826 991 2855 rio
1008 2830 1071 2862 est,
1089 2831 1128 2856 ut
1152 2826 1286 2857 Servius
1313 2828 1373 2864 ait,
1398 2829 1524 2858 viscera
1550 2827 1680 2858 dicunt.

940 2869 1022 2899 Nat.
1040 2870 1083 2899 D.
1105 2870 1138 2899 ii.
1155 2870 1208 2901 63.
1221 2871 1346 2901 viscera
1361 2870 1474 2902 boum.
1491 2870 1580 2902 conf.
1596 2870 1682 2902 Tus-

942 2911 1057 2961 cuhii.
1075 2915 1105 2944 8.
1130 2916 1164 2944 et
1190 2915 1238 2945 14.
1263 2914 1283 2933 ’κ
1299 2916 1455 2954 pecunia,
1474 2925 1525 2947 res
1542 2915 1685 2947 familia·

986 2963 996 2985 1
1016 2966 1024 2985 1
