1920 3196
190 89 272 127 510
641 102 803 132 ιΝυΕΧ
838 102 1272 134 capace-numus.

186 183 403 231 tomi-manus
421 184 555 217 incidat.
573 196 645 226 quoe
660 188 703 218 sit
720 191 832 219 autem
850 189 915 221 ele-

188 231 302 263 gamm
319 228 351 256 in
367 238 418 266 eo,
434 228 520 268 quod
535 230 696 269 Arpinum
713 240 788 261 cum
808 231 914 262 insula

186 267 299 307 Psyria
309 275 528 309 comparetur,
539 271 631 302 (locet
645 272 760 302 Bosius
773 273 812 302 ad
826 273 915 304 hunc

186 308 310 340 locum.
356 311 487 351 Psyrioe
504 323 624 343 nomen
640 316 740 345 etiam
758 315 911 345 Ciceroni

186 351 233 398 ad·
246 351 287 390 Ω.
304 353 355 383 Fr.
372 354 404 384 ii.
427 358 473 385 10.
490 355 638 386 restituit
651 356 846 387 Tunstallus
870 358 910 388 ad

185 392 317 425 Midlet.
343 406 373 435 p.
407 400 474 427 110.
511 397 755 437 Philosophiam
779 409 842 428 non
869 401 910 430 ub

184 435 355 474 Hymetto,
369 439 426 468 sed
436 440 476 469 ab
491 449 566 469 arce
577 440 687 483 Ψυρίᾳ,
699 442 718 471 i.
735 452 764 472 e.
774 441 911 481 Arpino.

229 481 430 522 nugis-offam,
447 482 547 511 obiter
561 483 653 513 scire.
669 484 709 513 ad
724 485 795 514 Att.
812 484 854 513 vi.
876 487 903 515 1.

228 524 408 565 ngomzfis,
422 525 605 561 insolenter,
623 526 857 556 contumeliose.
872 525 912 556 ad

185 562 256 612 Att.
275 576 305 595 x.
336 569 384 596 10.
430 566 595 596 Victorius
618 567 763 598 malebat
786 580 911 609 τυραννι-

185 619 254 639 κως.
300 608 362 638 Sed
388 607 470 638 illud
499 608 612 638 eodem
641 609 737 646 redit,
766 614 800 640 et
829 612 910 640 bene

183 651 339 679 convenit
362 650 395 679 in
412 650 609 687 Antonium,
626 651 679 681 cui
693 652 910 683 vinolentiam

184 690 219 720 in
236 691 425 732 Philippicis
440 693 628 732 exprobrat.

228 735 439 776 παρονομασία,
464 735 552 764 verbi
572 745 685 774 parva
709 737 910 777 immutatio,

183 777 219 805 in
236 777 332 807 litera
344 778 461 816 posita.
478 775 517 806 de
534 776 590 806 Or.
604 777 637 807 ii.
654 777 706 809 63.

207 819 380 891 6σαρῤηῖα,
401 819 548 859 loquendi
571 820 714 850 libertas.
733 822 775 852 ad
794 823 865 854 Att.
885 825 907 854 i.

227 905 348 947 πάρωξα
380 903 530 938 oratorio»,
563 904 784 943 intempestive
815 911 910 939 navi-

180 948 344 986 gandum.
362 948 402 977 ad
412 950 485 978 Att.
500 957 531 976 x.
553 947 601 977 12.
620 956 649 976 v·
665 946 831 980 Tunstall.
845 951 908 991 Ep.

184 990 269 1022 Crit.
285 1001 318 1030 p.
341 992 408 1020 155.

227 1033 342 1072 πάσχω
369 1045 409 1070 τι,
426 1032 541 1072 patior
568 1030 705 1070 aliquid,
730 1042 847 1071 angor.
869 1035 910 1066 ad

182 1076 253 1108 Att.
267 1086 317 1105 xv.
335 1078 388 1106 ΞΟ.

225 1116 356 1160 πατρίδα
389 1119 457 1156 ἐμὶν
482 1117 603 1157 μᾶλλον
631 1117 731 1155 emin,
754 1120 908 1156 patriam

182 1171 291 1193 meam
307 1162 416 1199 magis
428 1169 557 1190 amans,
573 1158 614 1188 ad
628 1159 704 1190 Div.
722 1160 774 1190 xii.
795 1163 842 1192 14.

225 1203 430 1242 σειθανιίιγκη,
446 1203 552 1233 suasio
566 1201 718 1239 violenta,
733 1203 857 1233 dicitur
869 1204 909 1234 dc

179 1256 293 1277 eorum
300 1247 440 1276 consiliis
449 1244 669 1284 precibusque,
679 1245 794 1283 quibus
804 1255 909 1276 neces-

179 1290 268 1320 surio
274 1297 443 1328 paremus.
461 1287 501 1317 ad
514 1286 583 1315 Att.
599 1286 642 1316 ix.
663 1289 709 1317 13.
726 1297 743 1316 e
758 1287 907 1319 Platone.

224 1331 332 1367 πειθὼ,
348 1330 464 1361 Suada
479 1328 566 1360 Dea.
583 1327 678 1358 Brut.
700 1331 746 1359 15.

223 1374 413 1416 πειράζεσθαι
424 1370 599 1414 παραλύσει,
612 1372 734 1401 tentari
741 1372 906 1410 paralysi,

178 1416 332 1457 infestari
340 1417 546 1449 sideratione,
559 1423 615 1443 seu
627 1414 818 1444 resolutione
832 1423 907 1443 ner-

182 1470 307 1491 vorum.
322 1459 362 1489 ad
376 1459 447 1488 Att.
464 1458 528 1487 xvi.
545 1460 575 1490 7.

223 1502 356 1545 Πειρήνη,
375 1500 508 1534 Pirene,
527 1495 686 1536 sivesons
706 1497 905 1534 uberrimus,

180 1547 287 1587 qualis
283 1543 359 1584 ficit
367 1543 500 1579 Pirene,
506 1551 607 1580 prope
619 1539 819 1575 Corinthum.
828 1540 906 1570 Ma-

180 1591 224 1620 sis
238 1597 339 1618 sacer,
353 1585 394 1615 ad
410 1588 480 1616 Att.
498 1584 552 1614 xii.
570 1586 599 1613 5.

224 1630 416 1663 Πελλῆναῖοι,
434 1626 602 1662 Pellenoel',
619 1623 807 1655 Dicoeclrchi
826 1624 908 1654 liber

179 1675 219 1704 de
235 1673 365 1714 populis
379 1669 564 1705 Pellenm's,
579 1668 634 1708 qui
654 1676 768 1696 nomen
787 1667 906 1697 habent

180 1719 222 1747 ab
237 1716 376 1754 antiqua
391 1713 524 1743 Aclzaz'oe
544 1711 677 1741 civitate
692 1708 840 1746 Pellene,
864 1709 905 1740 ad

181 1762 254 1793 Att.
269 1759 301 1789 ii.
318 1759 348 1788 2.

223 1799 422 1834 wem-immac,
439 1797 493 1837 qui
510 1796 548 1826 de
568 1794 675 1834 quinis
691 1797 847 1833 superest,
863 1792 904 1822 ad

179 1847 251 1878 Att.
268 1844 332 1874 xiv.
349 1844 402 1872 21.
416 1850 470 1869 xv.
485 1840 517 1869 2.
562 1837 615 1867 lta
625 1845 738 1866 vocare
754 1836 903 1867 Hirtium

180 1888 321 1922 videtur,
340 1884 395 1923 qui
418 1881 457 1912 de
479 1881 622 1919 quinque
639 1878 831 1908 Caesarianis
854 1888 903 1907 re-

178 1930 289 1963 stabat
315 1935 415 1961 unus,
439 1932 535 1964 quem
567 1921 607 1952 ad
635 1920 811 1960 optimates
835 1924 904 1951 tra·

177 1973 297 2005 ducere
312 1972 439 2010 posset:
463 1973 660 2005 quamquam
676 1961 731 1992 alii
745 1962 851 1992 aliter.

224 2011 425 2051 omnmuivm,
438 2008 539 2039 nitide
548 2011 578 2037 et
588 2007 756 2044 eleganter
764 2006 903 2044 scriptae.

179 2057 221 2090 ad
236 2058 306 2088 Att.
322 2057 386 2086 xiV.
403 2056 432 2086 7.

223 2097 434 2137 πιπινωμένως,
449 2095 539 2124 docte
553 2096 584 2123 et
590 2089 763 2133 perpolite.
779 2087 819 2118 ad
832 2087 904 2118 Att.

179 2153 233 2176 xv.
253 2143 299 2173 16.
316 2141 378 2171 vid.
395 2136 512 2170 εὖπινὲς.

222 2181 451 2226 πιτλογξαφία,
461 2178 551 2220 pepli
573 2174 754 2214 descriptio,
775 2171 815 2202 ad
829 2171 901 2219 ΑΗΕ,

178 2231 244 2261 xvi.
271 2231 320 2258 11.
362 2219 587 2264 Πετλογςηιφία
600 2215 768 2252 varronis,
791 2217 840 2244 est
864 2214 904 2243 ll-

177 2273 237 2303 ber
252 2272 333 2307 eim,
350 2278 413 2308 quo
428 2267 572 2296 virorum
592 2258 772 2290 illustrium
790 2255 902 2303 laudes

179 2304 405 2353 descripserat.
449 2305 663 2338 Occasionem
689 2299 791 2330 titulo
813 2297 904 2346 dedit

179 2366 252 2387 mos
278 2360 375 2385 notus
392 2346 658 2383 Atheniensium,
680 2341 814 2383 peplum
840 2341 903 2389 Mi-

179 2407 289 2431 nervae
313 2391 535 2426 consecrandi,
556 2390 589 2418 in
612 2395 689 2432 quo,
713 2387 834 2431 praeter
856 2393 903 2423 ip.

179 2442 246 2472 sius
271 2449 320 2470 res
343 2437 475 2468 fortiter
496 2436 616 2471 gestas,
638 2433 737 2457 etiam
758 2435 902 2473 virorum

180 2484 318 2516 fortium
349 2489 408 2510 acu
436 2478 534 2516 pictae
563 2475 683 2506 essent,
715 2467 904 2515 auctoribus

179 2523 411 2564 Aristophane,
427 2517 538 2553 Sinda,
551 2520 584 2545 et
598 2512 680 2543 aliis.
715 2511 838 2557 Praeter
855 2519 905 2557 m-

178 2572 355 2607 terpretes‚
378 2562 449 2592 vide
476 2556 625 2598 inprimis
655 2554 837 2600 Meursium
869 2561 903 2581 m

179 2605 433 2641 Panathenaicis
449 2614 477 2632 c,
495 2604 541 2635 17.
555 2597 684 2644 nam-in
701 2594 752 2624 his
768 2593 901 2634 peplum

178 2652 262 2683 illud
294 2647 499 2680 deferebatur
534 2644 569 2672 in
598 2641 758 2670 Mmervae
785 2635 899 2677 aedem.

178 2695 304 2726 Utrum
314 2700 388 2720 vero
403 2688 485 2718 liber
495 2682 651 2715 Varronis
663 2681 724 2710 hoc
738 2680 807 2718 ipso
819 2678 902 2725 titu-

177 2738 213 2768 lo
225 2734 386 2768 extiterit,
402 2730 544 2766 adeoque
559 2726 702 2755 diversus
717 2722 759 2751 sit
777 2731 797 2769 a
818 2719 901 2749 libro

181 2776 430 2811 hebdomadum,
463 2770 517 2810 qui
552 2768 727 2798 doctorum
755 2771 901 2809 virorum

178 2820 339 2860 imagines
353 2813 557 2848 continebat,
577 2811 620 2849 (v.
634 2808 729 2838 voss.
750 2805 789 2836 de
814 2804 902 2834 Hist.

178 2863 255 2898 Lat.
270 2863 291 2893 i.
311 2860 375 2900 12.)
395 2867 455 2890 nec
469 2865 524 2894 ne,
539 2853 570 2885 id
583 2850 670 2892 quod
686 2850 817 2889 Popmae
834 2846 903 2887 pla-

955 189 1155 225 cebat‚haud
1166 189 1371 230 improbabili
1383 190 1586 229 conjectura,
1593 197 1684 219 nune

956 241 1024 260 non
1056 232 1192 262 definire
1222 232 1311 264 licet.
1358 231 1552 263 Aristoteles
1579 231 1681 262 etiam

960 273 1102 313 Peplum
1127 274 1292 314 inscripsit
1314 274 1476 310 libellum,
1499 273 1555 311 qui
1577 273 1683 312 epita-

958 315 1036 354 phia
1045 316 1182 345 heroum
1195 317 1399 353 continebat,
1413 317 1505 355 cujus
1519 315 1686 353 fragmen-

956 363 1029 386 tum
1053 367 1072 387 a
1095 358 1238 388 Cantero
1260 357 1361 389 Basil.
1390 359 1479 389 1564.
1503 357 1536 386 in
1560 359 1591 387 4.
1615 356 1681 396 pri-

957 409 1049 428 nium
1073 399 1198 429 editum
1222 399 1388 430 habemus.
1434 400 1473 430 Jn
1500 399 1561 429 hoc
1585 398 1681 439 peplo

956 441 1056 470 etiam
1081 440 1286 480 genealogias
1317 442 1570 472 Homericorum
1593 441 1684 480 prin·

957 483 1067 522 cipum
1093 483 1190 513 fuisse
1213 483 1306 513 docet
1325 484 1484 514 Canterus
1508 483 1542 512 in
1565 482 1682 522 praefa-

955 525 1057 554 tione.
1087 525 1173 554 conf.
1214 524 1350 556 Fabricii
1381 525 1540 556 Biblioth.
1575 524 1680 554 Graec.

955 566 977 597 1.
995 566 1040 596 iii.
1054 576 1084 596 c.
1104 566 1134 597 6.
1160 567 1223 597 vol.
1238 567 1271 596 ii.
1287 577 1316 606 p.
1336 568 1405 598 160.
1420 576 1512 606 seqq.

996 609 1060 650 mg>
1071 607 1207 645 δυνατῧν,
1217 609 1255 638 de
1268 610 1318 645 iis,
1332 609 1487 649 quoefierz'
1497 611 1641 647 possunt,
1654 617 1680 637 s.

954 651 1214 690 depossibilibus.
1229 650 1269 680 ad
1286 651 1359 681 Div.
1374 652 1416 681 ix.
1432 653 1464 681 4.
1478 650 1550 681 fat.
1563 654 1594 684 9.

996 694 1059 735 περὶ
1081 693 1275 723 κοιλιολυσῖαν
1296 693 1443 732 γίνεσθαι,
1467 693 1501 723 in
1523 694 1596 723 alvo
1617 693 1679 721 sol-

954 736 1060 765 venda
1074 742 1266 775 occupatum
1280 745 1357 773 esse,
1372 736 1412 766 ad
1429 736 1502 765 Att.
1518 745 1549 765 x.
1568 736 1616 763 13.

996 778 1060 820 περὶ
1082 780 1176 821 μικρὰ
1201 776 1366 818 στυῖάζειν,
1392 779 1427 808 z'n
1444 778 1561 817 parvis
1585 775 1680 805 rebm

956 822 1099 851 multum
1115 822 1275 852 laborm-e.
1292 821 1333 851 ad
1349 822 1419 851 Att.
1437 819 1502 849 xiii.
1518 820 1570 849 ⁶21.

995 862 1111 905 περίοδοι
1133 863 1148 896 ἢ
1166 864 1301 902 καμπαὶ,
1314 862 1522 902 ἔνθυμῆμαιτω,
1537 858 1553 893 ἦ
1576 872 1678 890 κατι-

950 907 1064 941 nsum),
1095 907 1238 936 ambitus
1266 907 1449 940 verborum,
1480 907 1540 934 aut
1561 902 1679 943 flexus

952 949 1194 985 clausularum,
1211 952 1270 978 aut
1285 950 1486 987 argumenta
1496 948 1678 981 rhetorum,

953 995 1014 1020 aut
1029 990 1299 1031 corfirmcuiones.
1313 990 1354 1021 ad
1365 990 1436 1020 Att.
1452 989 1474 1019 i.
1495 990 1542 1019 14.
1559 985 1678 1029 περίοδοι

952 1042 1025 1071 quae
1053 1035 1133 1069 sint,
1157 1032 1263 1062 dicere
1286 1032 1371 1062 nihil
1395 1032 1528 1062 attinet.
1553 1030 1678 1069 notua-ui

951 1080 1041 1111 sunt,
1066 1081 1153 1105 recte
1175 1074 1359 1115 explicante
1381 1074 1413 1104 J.
1437 1073 1472 1103 F.
1496 1072 1677 1110 Gronovio,

950 1116 1119 1154 clausulae,
1136 1116 1236 1147 flexus
1252 1116 1366 1146 molles
1381 1115 1538 1146 orationis
1555 1114 1595 1145 ab
1610 1124 1677 1146 una.

951 1164 1045 1198 parte
1061 1159 1095 1189 in
1110 1158 1222 1196 aliam,
1235 1159 1352 1198 quibus
1365 1157 1500 1188 utilicet
1512 1157 1546 1187 in
1557 1166 1676 1196 genere

951 1199 1131 1241 ἰπιδεικτικῷ
1154 1202 1270 1240 magis,
1291 1201 1325 1230 in
1349 1199 1525 1236 laudando,
1547 1198 1603 1229 ubi
1626 1198 1676 1229 in-

951 1245 1086 1284 genium
1116 1248 1150 1274 et
1179 1243 1401 1282 eloquentiam
1427 1243 1556 1281 jactare
1582 1240 1675 1278 licet,

951 1297 1049 1325 quam
1070 1287 1104 1316 in
1124 1286 1305 1316 forensibus
1328 1283 1544 1320 orationibus,
1558 1287 1616 1314 aut
1639 1283 1675 1314 in

949 1329 1122 1360 sententiis
1137 1328 1176 1358 de
1194 1338 1226 1358 re
1240 1328 1329 1367 gravi
1346 1325 1501 1362 dicendis,
1517 1335 1537 1355 a
1555 1325 1675 1364 quibus

951 1372 1070 1411 quippe
1093 1372 1156 1401 ista
1177 1370 1322 1400 flexuum
1345 1368 1512 1405 mollities,
1527 1368 1674 1406 quamvis

951 1414 1090 1449 modica,
1114 1419 1225 1443 tamen
1254 1413 1363 1442 abesse
1390 1411 1498 1446 debet,
1525 1408 1674 1441 adhibita

946 1457 1056 1496 potius
1088 1455 1144 1485 illa
1165 1453 1325 1493 judiciali
1355 1454 1544 1493 asperitate.
1569 1461 1668 1491 quam

948 1498 1062 1529 Cicero
1077 1502 1172 1528 vocat
1189 1497 1228 1527 de
1243 1496 1336 1527 Orat.
1354 1497 1387 1526 ii.
1408 1498 1455 1525 15.
1471 1494 1670 1534 ἐνθυμήματα

949 1549 1016 1570 non
1037 1546 1127 1577 sunt,
1144 1548 1215 1579 quae
1238 1538 1472 1569 recentioribus
1493 1536 1673 1568 dialecticis

949 1582 1116 1618 dicuntur,
1145 1586 1238 1622 parte
1270 1580 1411 1620 quadam
1441 1589 1500 1610 sua
1522 1580 1670 1610 truncati

947 1624 1139 1664 syllogismi,
1157 1623 1212 1654 sed
1227 1623 1370 1662 antiquis
1384 1621 1568 1653 rhetoribus
1584 1620 1669 1652 cele-

949 1667 1051 1698 bratae
1067 1667 1132 1697 illae
1148 1667 1336 1702 sententiae,
1357 1676 1374 1695 e
1397 1663 1569 1694 contrariis
1592 1673 1671 1694 con-

947 1709 1060 1747 clusae,
1075 1719 1147 1749 quae
1164 1713 1297 1748 propter
1318 1707 1512 1737 brevitatem
1535 1711 1568 1736 et
1590 1715 1669 1736 con-

944 1753 1047 1782 traria
1062 1760 1198 1782 acumen
1214 1749 1344 1789 aliquod
1358 1749 1491 1784 habent,
1502 1747 1607 1787 qualis
1619 1752 1671 1778 est

947 1794 1005 1824 illa
1033 1794 1184 1825 Horatii:
1228 1791 1294 1823 Cur
1322 1796 1414 1831 optus
1441 1790 1525 1830 quod
1550 1790 1668 1820 habes?

947 1838 1051 1866 Serm.
1070 1836 1089 1865 i.
1105 1839 1138 1867 3.
1164 1835 1235 1866 126.
1260 1834 1324 1865 alia
1346 1833 1496 1873 exempla
1516 1831 1668 1872 suppedi-

944 1879 1031 1908 tabit
1046 1878 1160 1909 Cicero
1173 1878 1206 1907 in
1218 1876 1350 1916 Topicis
1363 1887 1395 1906 c.
1409 1879 1458 1906 13.
1469 1874 1540 1905 vide
1551 1874 1591 1905 de
1605 1873 1669 1905 hoc

944 1930 1062 1960 genere
1078 1919 1317 1951 sententiarum
1331 1919 1364 1948 in
1379 1917 1491 1958 primis
1504 1916 1669 1948 Faeciola-

944 1968 1018 1993 tum
1034 1963 1067 1993 in
1083 1962 1214 1993 Acroasi
1230 1962 1252 1992 i.
1269 1961 1307 1991 de
1329 1959 1595 2000 Enthymemate.
1609 1971 1669 1990 za·

945 2006 1073 2038 voco-mm}
1094 2009 1205 2035 autem
1222 2005 1282 2034 etsi
1300 2012 1368 2033 non
1389 2001 1526 2033 eandem
1539 2010 1668 2041 semper
1706 2002 1712 2005 ’

942 2049 1028 2088 apud
1044 2049 1188 2078 rhetores
1197 2048 1262 2076 vim
1276 2045 1509 2082 habet,tamen
1524 2053 1591 2074 non
1606 2043 1667 2074 du-

943 2091 1033 2121 bium
1056 2089 1137 2120 mihi
1160 2094 1222 2126 est,
1247 2088 1326 2127 quin
1351 2087 1414 2117 boc
1439 2086 1512 2116 loco
1538 2084 1669 2116 dicatur

943 2132 1145 2173 confirmatio
1158 2129 1301 2166 alicuius
1313 2130 1373 2165 rei,
1393 2127 1622 2168 (Quinctilian.
1633 2128 1667 2158 ii.

944 2176 991 2214 4.)
1015 2184 1088 2214 quae
1109 2179 1142 2203 et
1167 2173 1457 2213 amplificationem
1477 2169 1667 2208 complecti.

942 2224 1011 2254 tur,
1028 2226 1102 2247 cum
1119 2215 1237 2245 alimus
1252 2218 1459 2254 argumenta,
1476 2212 1562 2251 quod
1577 2211 1666 2242 Lon-

944 2260 1021 2299 gino
1038 2259 1144 2302 τςέφειν
1159 2258 1291 2293 dicitur,
1308 2266 1383 2286 cum
1402 2254 1577 2285 dilatamus
1589 2264 1665 2292 *rem

943 2306 978 2332 et
1000 2310 1157 2342 augemus
1185 2299 1276 2330 omni
1305 2298 1445 2333 ratione,
1468 2300 1506 2326 ut
1533 2296 1666 2327 auditor

943 2345 1009 2375 vim
1025 2346 1070 2374 rei
1085 2347 1143 2374 aut
1156 2341 1340 2381 argumenti
1357 2339 1477 2380 capiat,
1491 2339 1524 2368 in
1541 2349 1604 2378 quo
1613 2339 1665 2370 vel

944 2387 1085 2417 maxime
1123 2394 1251 2414 summa
1283 2381 1471 2421 eloquentia
1502 2382 1662 2413 cernitur.

943 2428 1024 2459 Haec
1039 2427 1210 2459 κατασκευὴ
1224 2426 1286 2456 etsi
1298 2423 1482 2455 communis
1501 2429 1550 2453 est
1572 2424 1665 2455 omni

942 2472 1100 2502 orationis
1116 2470 1239 2509 generi,
1256 2472 1367 2498 tamen
1390 2466 1424 2496 in
1446 2466 1559 2505 primis
1574 2467 1609 2496 in
1625 2475 1664 2496 eo

941 2524 1058 2553 genere
1082 2518 1211 2552 regnat,
1227 2510 1313 2549 quod
1334 2507 1519 2550 {etham-miv
1531 2507 1664 2544 dicitur,

944 2567 1019 2586 cum
1040 2555 1209 2595 ingenium
1225 2552 1511 2591 eloquentiamque
1526 2550 1664 2589 probare

943 2599 1105 2629 volumus.
1151 2596 1200 2626 Ex
1219 2606 1257 2625 ea
1272 2594 1403 2624 ubertas
1415 2592 1551 2632 ingenii,
1567 2603 1606 2622 ex
1626 2602 1666 2623 ea

942 2642 1048 2681 copia,
1071 2641 1180 2678 visque
1209 2637 1346 2667 dicentis
1369 2636 1551 2675 judicatur.
1596 2635 1667 2665 Ita-

944 2693 1006 2722 que
1025 2683 1059 2712 in
1077 2682 1139 2712 hoc
1155 2689 1273 2720 genere
1288 2679 1446 2709 orationis
1467 2677 1568 2707 etiam
1591 2686 1663 2707 mo-

943 2724 1020 2756 dum
1036 2725 1132 2764 hujus
1148 2722 1334 2754 κατασκευῆς
1345 2722 1398 2751 vix
1410 2724 1526 2750 tenent
1542 2719 1665 2749 summi

942 2773 1099 2799 oratores,
1114 2766 1189 2797 Huc
1201 2764 1283 2794 refer
1291 2765 1386 2794 illam
1394 2759 1664 2797 redundantium,

945 2820 1042 2851 quam
1071 2810 1107 2840 in
1136 2806 1302 2839 Ciceronis
1334 2805 1482 2835 oratione
1514 2802 1664 2833 animad-

943 2852 1092 2886 vertebat
1114 2849 1308 2891 Apollonius
1335 2846 1441 2886 Molo,
1469 2850 1504 2878 et
1530 2854 1603 2885 quae
1631 2844 1669 2876 in

1895 1015 1905 1042 ,ἵ

1894 1047 1900 1058 0

1896 1082 1902 1099 ί

1894 1114 1903 1148 *l

1890 1161 1902 1198 ἒ

1893 1202 1902 1218 χ
