1920 3196
678 75 825 104 INDEX
857 75 958 102 LATI
965 75 1154 103 NITATIS.

1586 67 1670 106 305

199 163 348 203 namen,
382 174 487 204 genus
523 163 747 195 sacerdotum.
786 164 892 194 Erant
934 162 1154 193 *succedet-c.
1185 163 1250 193 Off.
1278 163 1299 193 i.
1326 164 1378 195 26.
1408 173 1460 194 res
1481 162 1605 205 fluunt
1632 166 1675 197 ad

153 207 268 240 Roma·
283 209 442 249 flamines
473 208 697 245 trcs‚l)i.·1!is‚
726 206 891 237 Martiabs
934 206 1157 237 voluntatem.
1194 207 1398 247 *divulgarh
1433 208 1533 239 Tusc.
1567 210 1609 240 iv.
1643 213 1674 241 l.

155 258 189 283 et
206 252 409 292 Quirinalis;
435 252 567 282 additus
592 252 711 282 deinde
735 258 888 290 quartus,

151 294 274 326 Julius.
305 295 386 325 Tres
409 297 595 335 superiores
618 303 715 325 crant
733 296 766 324 in
789 295 889 325 colle-

153 340 208 379 gio
226 340 441 370 Pontificum.
458 339 521 368 xij.
539 340 638 369 Doni.
663 342 711 369 14.
744 338 828 368 Phil.
854 339 886 368 ii.

152 386 206 413 43.
241 382 341 413 *MiL
366 387 411 412 10.
438 383 616 422 stammam
635 382 793 422 prodere:
820 383 840 411 i.
858 393 886 411 e.

151 436 275 456 creare.
294 432 344 457 est
361 427 451 456 enim
470 427 530 456 lioc
547 428 720 467 proprium
743 427 777 456 in
795 436 834 456 ea
851 435 885 455 re

150 471 300 500 verbum.

195 513 413 550 I'lann'uium,
452 513 677 543 sacerdotium
726 513 883 543 flaminis.

151 557 236 587 Phil.
254 558 321 588 xiii.
344 561 392 591 19.
406 557 600 598 flaminium
622 558 771 587 Caesaris.

194 601 349 638 Flectere,
382 608 523 631 mutare.
559 600 640 630 suli.
675 603 728 631 ⁶28.
763 605 886 630 natura

148 644 361 685 subitostectz·
379 655 445 674 non
463 650 586 684 potest.
612 644 692 674 Coel.
710 645 739 675 6.
768 644 832 674 huc
850 651 885 674 et

150 688 230 718 illuc
247 694 401 727 torqutrc
415 688 592 728 ctfleelere
607 698 701 718 suani
716 694 883 717 naturam.

147 732 167 750 '¹²
181 733 257 763 Div.
275 733 308 762 ii.
323 735 376 762 45.
402 732 615 772 inflertendis
628 732 882 771 pr01nout0riis3

149 775 189 806 de
206 777 331 812 nautis,
345 776 576 816 duniflectunt
592 776 679 805 circa
692 781 884 816 promonto-

148 821 198 851 ria
213 830 360 850 cursum.

193 864 314 894 Fletus.
349 863 450 893 Tusa.
483 864 516 894 ii.
547 865 599 894 23.
637 864 670 892 in
703 863 759 893 xii.
792 863 882 892 tabb.

148 907 228 946 quid
245 908 313 937 sit?
340 917 543 947 quamquam
568 906 742 937 Bentleius
766 913 800 937 et
815 907 883 937 Bu-

147 950 259 981 herius
277 951 459 988 malebant,
477 952 591 981 lessus.

192 995 370 1031 Fle.1·ibilz's,
401 996 523 1032 varius,
554 995 759 1025 inconstans.
798 993 880 1025 Lael.

148 1040 200 1069 25.
215 1038 374 1078 flefibilss·
390 1038 603 1068 assentatoris
621 1039 765 1068 animus.
791 1043 809 1059 ᾗ
823 1039 882 1069 Or.

147 1081 194 1111 iii.
224 1085 276 1113 45.
311 1082 470 1122 fleribilis
500 1083 605 1112 oratio
636 1082 772 1119 dicitur,
803 1083 882 1121 quia

146 1125 320 1156 collocatio
344 1127 519 1156 verborum
540 1126 645 1156 modis
663 1126 778 1156 multis
796 1127 880 1156 vari-

138 1169 195 1208 ·ari
213 1173 332 1209 potest.

188 1213 312 1250 flea-io,
332 1213 503 1244 circuitus.
535 1213 599 1243 Pis.
617 1215 669 1244 ⁶22.
693 1213 880 1243 deverticu-

142 1255 402 1297 lafle.rimze.cque
417 1268 575 1296 quaerere.
603 1258 659 1287 Or.
677 1257 724 1286 iii.
740 1259 793 1287 25.
810 1255 877 1296 fle-

141 1301 254 1330 xiones
278 1302 311 1331 in
339 1305 438 1330 cantu
465 1306 559 1337 sunt,
577 1311 649 1340 quae
674 1301 731 1330 Gr.
755 1301 879 1339 καμπαὶ

145 1354 197 1384 ap.
214 1344 471 1384 Aristophanem
490 1346 523 1375 in
545 1344 697 1375 Nubibus
719 1344 879 1374 dicuntur

142 1397 172 1417 v.
190 1389 264 1422 966.
282 1389 337 1418 ubi
355 1399 383 1417 v.
402 1388 511 1419 Schol.
530 1393 562 1418 et
576 1389 761 1418 Kusteruni
777 1400 782 1417 :
806 1398 877 1418 mo-

143 1431 177 1461 di
199 1431 297 1461 fracti
321 1438 354 1462 et
378 1434 465 1462 varie
490 1433 622 1473 crispati
648 1442 740 1470 voce,
757 1433 877 1471 quibus

142 1475 252 1505 mollis
270 1482 304 1506 et
324 1486 397 1506 suax
408 1477 433 1506 is
454 1480 571 1506 cantus
590 1477 753 1506 efficitur:
778 1476 874 1506 Ovid.

141 1518 182 1549 A.
207 1520 240 1549 ii.
265 1522 295 1550 4.
319 1522 371 1551 25.
403 1519 499 1550 dulce
520 1521 621 1557 canit,
640 1521 812 1559 flectitque
828 1520 876 1550 fa-

141 1562 265 1592 cillime
295 1573 431 1594 vocem:
472 1564 511 1594 de
544 1565 694 1594 muliere.
749 1564 876 1604 Quam·

139 1616 239 1645 quam
265 1607 367 1637 etiam
391 1608 612 1638 Demostheni
629 1607 804 1639 s‘Eschiues
822 1618 877 1638 vo-

139 1651 186 1680 cis
198 1649 359 1689 flexiones
381 1652 570 1691 objiciebat,
594 1656 767 1692 tamquam
793 1652 876 1682 mol-

138 1692 186 1724 les
203 1699 237 1723 et
254 1696 451 1733 gravitatem
469 1695 608 1726 oratoris
622 1706 689 1725 non
702 1696 873 1733 decentes,

139 1737 196 1767 Or.
218 1741 264 1768 13.
295 1739 444 1769 Brouk'n.
461 1740 502 1769 ad
524 1738 648 1769 Tibull.
667 1740 686 1770 i.
705 1743 734 1771 8.
751 1742 803 1773 37.
832 1740 871 1769 de

140 1786 243 1812 cantu
259 1782 457 1823 simpliciter
473 1783 563 1823 capit
577 1794 583 1813 :
610 1784 698 1823 quod
715 1793 782 1814 non
804 1783 874 1824 pla-

141 1830 205 1854 cet.

183 1869 316 1900 Flexzes.
343 1870 423 1900 Coel.
452 1873 504 1901 31.
536 1871 645 1901 aetatis
665 1871 793 1912 flexu-⁹,
821 1876 874 1902 est

137 1912 239 1943 virilis
264 1915 372 1944 aetatis
395 1915 542 1945 initium.
588 1915 786 1957 Metaphora
811 1915 871 1945 du-

138 1963 193 1986 cta
208 1962 259 1986 est
275 1968 294 1987 a
318 1958 418 1994 circo,
438 1959 472 1988 in
497 1969 561 1998 quo
574 1959 690 1999 flemus
713 1966 776 1997 est,
792 1970 869 1989 cum

137 2009 267 2038 currus,
281 2001 336 2031 ubi
354 2002 494 2032 alteram
511 2009 641 2042 partem
657 2005 735 2034 circi
753 2014 871 2043 exege-

138 2049 231 2080 runt,
249 2045 336 2075 circa
352 2046 483 2085 spinam
500 2051 534 2076 et
552 2051 656 2077 metas
674 2048 870 2078 flectuntur.

136 2086 201 2116 Sed
213 2088 269 2119 Or.
286 2089 307 2118 i.
328 2092 354 2119 Ι.
381 2093 432 2119 est
446 2090 486 2119 de
501 2090 586 2121 virili
602 2095 700 2122 aetate
717 2092 759 2122 ad
774 2101 869 2122 sene-

137 2135 264 2161 ctutem
283 2138 452 2171 vergente.

181 2174 302 2206 Flerus
316 2176 382 2215 adj.
412 2177 467 2207 Or.
488 2177 533 2208 iii.
552 2180 604 2212 57.
634 2189 734 2209 sonus
740 2177 867 2219 flamm,

136 2221 188 2247 est
215 2220 305 2250 tristi
336 2230 414 2251 voce
441 2221 621 2262 loquentis,
656 2228 694 2254 ut
727 2223 868 2254 inflexus

135 2271 163 2291 c.
181 2263 234 2293 46.

178 2306 262 2337 Flos.
301 2307 395 2338 Brut.
426 2310 478 2343 87.
516 2310 766 2349 pigmentorum
787 2309 867 2351 flos,

133 2354 198 2385 est,
215 2351 271 2389 qui
287 2351 367 2381 alias
384 2351 552 2391 splendor,
565 2354 621 2384 Gr.
640 2353 715 2387 τόνος
731 2355 865 2385 dicitur.

133 2393 228 2423 Ball).
245 2395 276 2425 G.
303 2395 411 2435 ipsum
420 2395 541 2436 florem
559 2397 733 2437 dignitatis
749 2399 868 2429 infrin-

132 2446 221 2486 gere.
255 2439 312 2469 Or.
340 2439 386 2469 iii.
412 2442 443 2469 4.
462 2440 530 2480 flos
555 2441 646 2479 vitae,
673 2447 725 2472 est
748 2442 866 2482 gloria,

134 2489 169 2510 m
186 2491 252 2519 qua
268 2483 340 2521 quis
358 2484 449 2513 vivus
466 2488 526 2515 est.

177 2524 367 2555 Fluctuare.
397 2527 454 2557 Or.
475 2530 526 2558 58.
548 2527 723 2568 fluctuans
746 2531 864 2569 oratio,

131 2572 184 2597 est
198 2576 264 2597 non
280 2579 458 2601 numerosa.
473 2576 507 2602 et
520 2578 660 2603 structa.

176 2611 320 2644 Fluctus.
355 2613 461 2645 Flacc.
492 2618 546 2646 24.
573 2615 703 2656 fluctus
733 2618 866 2648 concio-

131 2663 226 2685 num.
396 2676 398 2678 ψ

155 2696 341 2748 ιΡίιιιήἱσν.
372 2701 442 2732 Att.
471 2702 525 2732 vii.
557 2705 604 2734 14.
625 2703 778 2745 fluenter
803 2704 863 2746 lip-

130 2751 213 2782 pire.

174 2785 304 2817 Fluere.
334 2792 499 2828 spectare,
526 2789 692 2821 devenire.
722 2791 795 2821 Att.
822 2792 864 2822 iv.

134 2829 183 2860 16.
216 2840 267 2860 res
281 2830 367 2871 fluit
390 2832 432 2863 ad
456 2833 701 2872 interregnum.
726 2835 803 2865 ibid.
821 2836 864 2866 ix.

133 2874 183 2904 ³0.
231 2874 320 2907 illius
358 2876 503 2908 rationes
541 2887 701 2918 quorsum
734 2878 866 2919 fluant.

935 251 1131 290 I’ytliagorae
1157 250 1310 281 doctrina
1326 261 1402 281 cuni
1419 250 1518 291 longe
1537 252 1684 292 lateque'

922 293 1059 333 staca-et.
1092 293 1224 325 *Tusa
1248 295 1282 325 ii.
1306 296 1359 325 22.
1376 294 1490 335 fluere
1513 296 1669 328 mollitia.

934 341 951 358 ¹*
968 338 1116 367 interire.
1141 338 1247 368 Marc.
1266 342 1296 370 8.
1319 340 1434 369 omnia
1450 349 1524 378 quae
1541 340 1670 380 dilapsa

923 382 997 418 jam
1019 381 1211 421 studerunt.
1238 382 1279 412 cf.
1306 382 1400 412 Orat.
1428 386 1459 413 3.
1498 383 1600 414 Gron.
1628 384 1670 414 ad

930 425 1001 455 Liv.
1028 426 1124 455 xxvii.
1147 428 1196 459 17.
1229 426 1365 463 *abina
1382 425 1510 465 fugere.
1544 427 1613 457 Fin.
1632 428 1668 458 ii.

929 470 981 499 3¹2.
1003 468 1089 508 fluit
1115 470 1259 509 corporis
1285 469 1459 509 voluptas:
1489 480 1588 509 quam
1620 471 1667 500 le-

928 513 1076 542 ctionem
1093 519 1212 542 contra
1229 513 1402 543 Davisium
1417 513 1567 544 defendit
1580 514 1667 544 Bur—

929 565 1072 585 mannus
1090 556 1130 586 ad
1146 556 1236 595 Virg.
1254 558 1292 586 G.
1310 557 1356 587 iii.
1373 557 1425 590 67.
1449 558 1467 576 *Ε
1480 558 1537 588 Or.
1556 561 1607 589 58.
1626 559 1667 588 de

929 601 984 629 Or.
1003 600 1048 629 iii.
1066 603 1119 634 ⁴9-
1143 600 1382 640 oratiofluens‚
1395 602 1577 641 opponitur
1593 603 1667 632 vin-

928 652 990 673 ctae
1009 643 1150 683 periodis
1167 648 1201 673 et
1216 654 1414 674 numerosae.
1450 645 1576 675 Contra
1588 645 1664 686 fln-

925 697 980 717 ens
992 688 1202 726 aequabiliter
1213 687 1320 717 oratio
1334 688 1413 718 ibid.
1427 693 1479 718 est
1491 690 1580 719 laevis
1593 690 1666 719 ubi-

926 741 989 769 que
1006 732 1126 768 oratio,
1144 731 1177 761 in
1203 742 1270 770 qua
1287 731 1368 761 nihil
1386 742 1556 771 asperum,
1574 733 1663 763 hiul-

927 784 1005 804 cum
1023 776 1083 804 ἃς.
1108 775 1196 805 *On
1215 776 1248 805 ii.
1268 777 1320 806 66.
1354 775 1469 806 Gallus
1487 776 1664 815 distortus,

925 819 1035 857 ejecta
1061 818 1189 858 lingua,
1214 819 1326 849 buccis
1344 818 1550 859 fluentibus.-
1575 820 1607 851 h.
1634 832 1666 852 e.

927 869 965 891 ut
997 861 1274 901 alii‘loquuntur,
1298 863 1500 901 labentibus,
1525 869 1664 904 propter

927 907 993 936 vim
1012 906 1132 944 morbi,
1149 912 1206 936 aut
1225 911 1448 944 senectutem,
1466 913 1526 937 aut
1542 918 1662 948 corpus

926 950 1013 979 male
1030 960 1230 989 quacunque
1247 951 1287 980 de
1304 961 1405 981 causa
1424 952 1664 983 constitutum.

926 1004 957 1023 ν.
977 994 1119 1024 Gr0110v.
1137 994 1176 1024 ad
1194 996 1310 1024 Senec.
1328 994 1464 1035 Hippol.
1482 1005 1511 1024 v.
1529 996 1604 1026 364.
1628 1000 1665 1027 et

926 1037 1009 1069 Intt.
1027 1037 1068 1067 ad
1085 1039 1177 1068 Suet.
1195 1038 1280 1077 Aug.
1298 1043 1350 1073 99.
1382 1038 1445 1068 Sed
1469 1039 1580 1069 Pison.
1610 1043 1662 1071 11.

926 1081 1002 1112 Sen.
1019 1092 1051 1121 p.
1069 1081 1151 1111 Rcd.
1169 1082 1199 1112 6.
1212 1082 1360 1122 fluentes
1383 1083 1496 1113 huccae
1513 1083 1660 1120 Gabinii,

925 1133 1005 1155 sunt
1020 1135 1154 1155 cerussa
1165 1130 1199 1155 et
1215 1126 1343 1165 reliquo
1356 1126 1432 1156 fuco
1448 1127 1662 1166 interpolatae

924 1174 958 1199 et
971 1174 1141 1207 correctae,
1151 1179 1225 1209 quae
1235 1170 1344 1199 calore
1357 1175 1390 1199 et
1400 1170 1662 1211 sudorefluunt,

925 1217 962 1243 ut
985 1213 1110 1243 similes
1135 1214 1217 1251 sint,
1239 1214 1523 1252 quemadmodum
1546 1215 1662 1245 Petro-

925 1258 999 1287 nius
1017 1268 1045 1286 c.
1063 1258 1115 1288 93.
1134 1258 1194 1294 ait,
1214 1258 1331 1297 parieti
1350 1257 1515 1288 laboranti
1536 1259 1662 1289 nimbo.

968 1301 1094 1338 szchio,
1112 1300 1238 1338 illuvio,
1255 1300 1430 1332 diluvium.
1463 1302 1541 1332 Div.
1567 1304 1589 1333 i.
1605 1306 1661 1337 49.

909 1344 1078 1385 flua-iones
1094 1355 1268 1384 aquarum.

969 1389 1079 1419 Focoes.
1106 1388 1145 1418 de
1162 1388 1330 1418 formula:
1356 1400 1415 1430 pro
1433 1390 1497 1420 aris
1512 1395 1546 1420 et
1558 1389 1661 1430 focis.

923 1443 953 1462 v.
969 1433 1045 1463 Ara.
1063 1433 1158 1462 Rosc.
1175 1434 1250 1463 Am.
1269 1432 1384 1473 &foci
1400 1434 1512 1474 patrii.

967 1477 1115 1507 Fuculzcs.
1152 1476 1252 1507 Dom.
1283 1480 1337 1510 47.
1372 1483 1424 1507 est
1455 1487 1520 1507 arae
1553 1487 1659 1516 genus

922 1530 1061 1560 parvum
1079 1524 1112 1550 et
1128 1520 1299 1559 portatile,
1317 1521 1405 1559 quod
1426 1522 1460 1551 in
1487 1531 1661 1551 consecra-

922 1564 1071 1594 tionibus
1087 1563 1276 1594 adhibetur.
1311 1565 1391 1604 Ejus
1406 1566 1522 1605 figurae
1539 1570 1659 1596 extant

921 1608 955 1638 in
982 1608 1093 1638 numis
1118 1612 1152 1637 et
1174 1608 1245 1638 aliis
1271 1610 1511 1639 monumentis.
1535 1619 1565 1639 v.
1582 1619 1612 1640 v.
1629 1619 1659 1640 c.

922 1651 1062 1682 Guther.
1077 1651 1110 1682 J.
1129 1652 1164 1682 P.
1183 1652 1217 1681 ii.
1238 1655 1286 1683 14.

965 1696 1088 1726 Fodieo.
1119 1695 1219 1726 Tuse.
1238 1696 1284 1726 iii.
1305 1696 1354 1726 16.
1372 1694 1600 1735 fodicantibus
1616 1696 1656 1726 iis

920 1739 1031 1776 rebus,
1049 1750 1130 1779 quas
1146 1740 1251 1770 malas
1268 1740 1456 1780 opinamur.

964 1784 1109 1814 Foeneus.
1134 1783 1174 1813 fr.
1200 1783 1299 1814 Corn.
1321 1787 1347 1814 l.
1373 1783 1523 1814 homines
1536 1782 1655 1823 foenez'.

917 1838 947 1857 v.
965 1827 1127 1858 Asconius
1145 1827 1187 1857 ad
1203 1827 1235 1858 h.
1253 1827 1275 1858 l.
1307 1826 1382 1857 Scil.
1403 1828 1437 1856 in
1454 1827 1656 1867 spectaculis

916 1872 1005 1902 tauri
1022 1872 1175 1902 solebant
1190 1870 1440 1911 irritarifoenez's
1451 1871 1656 1911 imaginibus

918 1921 978 1945 aut
995 1915 1069 1955 pilis
1085 1928 1090 1945 :
1116 1915 1317 1956 undesoenez'
1332 1915 1505 1952 dicuntur,
1523 1915 1580 1954 qui
1596 1924 1657 1944 no-

918 1969 996 1990 men
1025 1965 1060 1989 et
1090 1959 1238 2000 speciem
1270 1959 1316 1989 rci
1347 1963 1482 1989 tantum
1515 1958 1655 1996 habent,

918 2013 985 2033 non
1017 2004 1096 2033 vim.
1128 2002 1194 2033 vid.
1227 2003 1367 2033 Salinas.
1404 2003 1446 2032 ad
1485 2003 1655 2042 Spartian.

916 2047 1077 2078 Pescenn.
1109 2057 1137 2077 c.
1174 2049 1223 2077 12.
1255 2046 1411 2077 Occurrit
1441 2050 1475 2076 et
1506 2047 1539 2076 in
1572 2045 1654 2076 Cod.

915 2090 1042 2122 Theod.
1067 2096 1102 2121 et
1117 2091 1314 2130 junguntur
1323 2089 1432 2131 foenei
1453 2090 1654 2129 defectique.

916 2135 982 2165 vid.
999 2134 1152 2165 Gothofr.
1170 2134 1276 2165 Gloss.
1293 2134 1375 2165 Cod.
1392 2133 1520 2164 Theod.

959 2179 1157 2209 Foeneracor.
1187 2179 1252 2209 Off.
1279 2179 1300 2208 i.
1327 2179 1381 2208 42.
1401 2177 1651 2218 semer-acorum

915 2228 1063 2262 quaestus
1079 2223 1114 2252 in
1130 2223 1207 2252 odia
1222 2224 1412 2252 incurrunt.
1431 2221 1472 2251 ad
1485 2222 1563 2252 Div.
1576 2232 1605 2252 v.
1619 2222 1652 2253 6.

913 2271 1011 2297 erant
1036 2271 1150 2296 autem
1173 2267 1290 2297 Romae
1302 2264 1525 2306 foeneratores
1543 2265 1653 2295 homi-

913 2320 971 2340 nes
1002 2310 1121 2340 divites
1158 2311 1388 2349 cujuscunque
1420 2309 1559 2346 ordinis,
1591 2310 1650 2348 qui

912 2355 1072 2394 pecunias
1101 2354 1161 2384 sub
1197 2354 1308 2384 usuris
1339 2353 1518 2383 collocatas
1549 2353 1650 2383 habe-

915 2406 1010 2428 rent:
1039 2397 1271 2438 Capitalisten‚
1290 2397 1500 2428 RentenierS.

957 2442 1139 2479 Reum-ari,
1157 2442 1218 2472 sub
1234 2442 1342 2472 usuris
1359 2441 1438 2471 dare
1455 2441 1648 2482 pecuniam.

912 2485 1006 2516 Verr.
1038 2486 1072 2516 ii.
1103 2489 1155 2520 70.
1192 2486 1352 2525 pecunias
1381 2486 1559 2524 ejus—-suo
1591 2493 1652 2513 no-

912 2531 1002 2560 mine
1013 2528 1258 2569 fienerrtbatnr.
1283 2528 1364 2559 Lael.
1388 2533 1419 2562 9.
1444 2528 1649 2558 beneficium

898 2571 1076 2614 fienerarz'.
1122 2572 1241 2612 ltaque
1265 2572 1410 2613 pecunia
1435 2572 1566 2612 proprie
1579 2570 1650 2611 fie-

909 2621 1074 2648 neratur:
1102 2617 1160 2646 sed
1183 2617 1334 2647 homines
1358 2616 1461 2646 ctiam
1488 2616 1651 2645 dicuntur

896 2660 1075 2702 fimet-ari.
1106 2660 1222 2691 Parad.
1247 2660 1290 2689 vi.
1313 2661 1344 2690 2.
1378 2659 1587 2689 dimissiones
1609 2658 1650 2688 li·

910 2705 1082 2735 bertorum
1103 2705 1143 2734 ad
1153 2703 1371 2745 fieuerandas
1394 2708 1428 2734 et
1445 2701 1649 2744 diripiendas

909 2758 1107 2789 provmcms.
1562 2774 1564 2776 ,

955 2793 1072 2823 Foenus
1089 2801 1147 2832 pro
1163 2792 1235 2832 ipsa
1251 2794 1339 2822 sorte
1357 2791 1492 2829 dicitur.
1519 2789 1561 2820 ad
1575 2789 1649 2820 Att.

909 2836 952 2867 vi.
973 2839 1001 2866 l.
1029 2846 1059 2866 v.
1078 2840 1147 2867 not.
1162 2835 1281 2876 fiemus
1297 2838 1499 2877 perpetuum
1517 2833 1559 2866 ad
1574 2833 1650 2865 Att.

910 2890 940 2911 v.
958 2882 1010 2912 21.
1038 2890 1067 2912 v.
1085 2881 1120 2911 in
1135 2883 1329 2922 perpetuus·

933 2934 954 2955 x
