1985 3206
763 84 913 114 INDEX
943 83 1080 112 LATIN
1087 83 1247 113 ITATls.

297 178 486 219 Altparitor,
510 177 567 217 qui
595 178 734 216 apparet
763 174 989 214 magistratui.

254 220 347 253 verr.
364 222 410 252 iii.
425 225 478 255 78.
502 222 550 251 ita
570 219 760 260 appellatur
773 218 885 249 Verris
908 218 989 248 scri-

245 265 306 296 ba.

298 309 476 349 Apparitio.
500 308 564 347 Qu.
582 308 632 337 Fr.
651 307 672 336 i.
700 309 726 336 1.
748 308 779 336 4.
809 314 889 344 quos
911 314 989 334 vero

255 362 296 382 ex
313 352 504 382 necessariis
520 351 773 391 amiciritionibus·
787 354 900 379 tecum
917 357 987 377 esse

254 395 404 432 voluisti,
419 396 476 435 qui
499 395 591 434 quasi
616 405 655 423 ex
679 393 814 423 cohorte
837 392 988 432 praetoris

255 439 417 479 appellari
433 439 552 469 solent.
571 449 599 467 v.
618 437 733 466 cohors
752 437 913 476 praetoris.

300 483 483 522 Appellare.
501 481 731 522 pronunciare.
751 481 846 510 Brut.
863 482 914 510 35.
930 488 988 518 ap-

249 527 490 566 pellandarum
515 527 688 555 literarum
715 524 871 554 suavitas.
902 523 988 552 *au-

257 569 373 599 xilium
410 576 532 610 petere.
569 569 686 608 Quint.
718 572 748 601 7.
779 568 989 606 appellantur

254 613 394 643 tribuni.
418 614 510 643 Verr.
528 614 568 642 iv.
583 614 634 643 (1⁸5.
659 613 989 651 appellaturpraetor.

256 656 385 695 ³‘agere
404 667 480 687 cum
498 656 620 696 aliquo.
643 656 684 685 ad
708 655 784 685 Div.
808 655 829 683 i.
847 656 876 685 22.
901 653 989 692 quod

254 700 394 739 singulis
411 701 610 741 appellandis
625 698 845 738 rogandisque
858 707 990 737 perspe-

257 754 381 774 xeram.
416 745 510 775 Verr.
538 746 559 774 i.
586 747 638 774 41.
671 744 814 782 appellat
840 741 988 770 Annium

257 787 400 817 ——docet
414 787 585 818 hominem
603 786 682 826 quid
694 787 764 815 fieri
780 785 893 826 possit.
918 784 936 802 ’κ
949 784 989 813 (10

258 830 473 862 debitoribus.
505 832 588 861 Phil.
616 832 649 860 ii.
677 832 728 864 29.
760 829 919 869 appellari
951 827 990 857 de

258 875 413 915 pecunia.
431 876 472 906 cf.
489 875 605 915 Quint.
628 878 675 904 11.
693 875 710 892 ’³‘
723 874 816 904 offic.
835 874 854 902 i.
872 874 924 903 25.
949 881 990 900 ne

259 918 376 948 iisdem
394 919 434 949 de
451 920 557 949 causis
581 918 637 948 alii
658 917 860 957 plectantur,
877 916 933 945 alii
950 925 990 944 ne

258 964 463 1002 appellentur
486 963 641 1001 quidem:
668 962 688 991 i.
714 972 742 991 0.
762 961 992 999 obiurgentur.

258 1006 418 1045 *rogare‚
444 1006 568 1036 hortari
596 1007 655 1036 ἅο.
686 1006 728 1035 ad
751 1006 826 1036 Div.
856 1004 911 1032 xii.
938 1005 991 1033 122.

259 1049 402 1079 Senatus
417 1060 476 1089 pro
492 1056 553 1079 tua
571 1049 735 1088 dignitate
756 1049 990 1088 (ψρεῖἰανείην,

260 1092 293 1122 11.
308 1103 337 1123 e.
356 1093 517 1123 Senatum
543 1094 705 1130 hortarer,
723 1098 761 1122 ut
785 1093 992 1127 decerneret,

259 1136 348 1175 quod
362 1143 450 1167 esset
465 1137 638 1176 dignitatis
653 1141 721 1166 tuae
738 1147 777 1166 au
784 1135 910 1175 gendae.

303 1181 493 1220 Appellatio,
526 1181 714 1219 provocatio
752 1180 793 1209 ad
829 1179 906 1208 trib.
946 1178 991 1218 pl.

262 1225 377 1254 auxilii
394 1235 503 1254 causa.
528 1224 640 1253 vatin.
661 1227 708 1254 14.
732 1222 895 1253 *titulus
918 1224 990 1253 Att.

263 1277 291 1297 v.
309 1271 361 1299 ΩΟ.
385 1270 555 1309 appellatio
570 1268 689 1305 inanis,
708 1267 746 1297 de
762 1267 863 1297 titulo
888 1267 991 1306 impe-

260 1313 378 1342 ratoris
406 1313 476 1342 sine
505 1323 549 1341 re.
579 1322 636 1351 pro
664 1322 728 1350 quo
754 1311 833 1341 alias
859 1320 991 1340 nomen.

261 1355 314 1385 sic
331 1362 381 1385 est
395 1360 512 1386 tamen
528 1357 629 1385 etium
647 1366 699 1394 ap.
717 1356 807 1384 Suet.
825 1355 908 1384 Cas.
926 1359 977 1388 77.

304 1400 503 1439 AppellaMr,
519 1400 575 1437 qui
592 1405 758 1439 provocat.
772 1399 864 1428 verr.
882 1399 923 1428 iv.
941 1400 992 1429 (55.

305 1444 503 1483 Appendere.
527 1445 606 1483 Opt.
630 1452 662 1482 g.
685 1443 716 1473 d.
741 1446 770 1473 5.
797 1452 862 1472 non
887 1452 994 1472 annu-

263 1497 390 1517 merare
427 1487 543 1517 lectori
579 1487 694 1526 putavi
730 1491 896 1526 oportere,
937 1485 995 1516 sed

262 1535 435 1569 tamquam
452 1531 641 1570 (offendere.

305 1575 526 1614 Appendieula
556 1584 676 1610 causae,
701 1574 812 1604 Rabir.
844 1574 932 1603 Post.
963 1576 994 1604 4.

261 1616 385 1647 dicitur
398 1619 486 1648 actio
502 1619 536 1647 in
553 1618 698 1656 aliquem
716 1628 755 1647 ex
779 1618 886 1658 capite
912 1618 993 1656 legis

261 1661 302 1691 de
332 1662 545 1701 repetundis:
581 1662 623 1691 ad
653 1671 752 1700 quem
782 1672 822 1691 ea
852 1662 996 1701 pecunia

260 1706 471 1745 pervenerit3
497 1705 602 1744 qualis
618 1710 665 1734 est
684 1706 871 1735 Rabiriana.
903 1706 991 1736 Nam

262 1759 340 1779 cum
364 1760 403 1779 ex
425 1749 519 1779 bonis
536 1749 667 1778 Gabinii
686 1759 751 1778 non
767 1754 901 1778 tantum
920 1759 993 1779 coa-

263 1798 356 1822 ctum
379 1799 478 1830 esset,
493 1793 609 1832 quanti
625 1793 655 1821 ei
672 1793 710 1822 lis
727 1794 893 1822 aestimata
908 1798 993 1831 erat,

262 1837 424 1875 agebatur
452 1837 487 1866 in
515 1837 701 1873 Rabirium,
725 1840 817 1875 quasi
846 1837 887 1866 ad
914 1847 992 1867 eum

261 1890 338 1921 pars
359 1881 510 1920 pecuniae
534 1881 749 1920 pervenisset,
772 1890 872 1919 quam
896 1880 994 1910 Gabi-

262 1925 337 1954 nius
354 1935 374 1954 a
389 1924 569 1954 Ptolemaeo
585 1928 768 1962 acceperat.

306 1968 491 2008 Applieare,
508 1968 720 2006 coniungere.
745 1967 816 1997 Pin.
831 1968 864 1997 ii.
882 1970 930 1998 12².
957 1971 995 1998 ut

262 2011 305 2041 ad
328 2012 537 2041 honestatem
559 2013 738 2051 applicetur
761 2010 922 2050 voluptas.
947 2021 993 2042 sc.

257 2055 296 2086 ,111
321 2055 489 2085 sententia
505 2055 543 2084 de
559 2064 691 2084 summo
711 2055 807 2084 bono.
831 2055 849 2072 *²
864 2055 903 2084 de
927 2055 993 2085 dis-

264 2099 430 2135 centibus,
443 2099 499 2137 qui
511 2099 707 2137 magistrum
719 2098 881 2137 deligunt.
897 2098 992 2129 Brut.

263 2145 317 2175 91.
340 2143 499 2182 applicari
521 2152 573 2171 me
598 2141 639 2171 ad
662 2141 843 2172 Molonem.
869 2142 956 2172 *012
972 2143 993 2172 i.

263 2187 318 2219 39.
341 2196 376 2215 se
392 2186 433 2215 ad
449 2185 592 2224 aliquem
615 2186 709 2223 quasi
732 2190 912 2225 patronum
935 2195 994 2226 ap-

257 2230 396 2269 plicare.
421 2239 451 2259 v.
467 2230 647 2269 applicatio.

306 2274 495 2313 Applieatio.
526 2272 729 2312 conjunctio.
766 2271 848 2302 Lael.
879 2275 909 2303 8.
944 2271 990 2313 (9)

261 2319 432 2356 applicatio
463 2317 578 2353 animi,
611 2326 687 2345 cum
720 2316 862 2354 quodam
894 2326 994 2346 sensu

262 2361 408 2391 amandi.
432 2360 471 2390 de
489 2360 646 2390 amicitia.
671 2359 758 2389 *Oia
778 2360 799 2389 i.
813 2362 865 2393 39.
889 2361 995 2399 appli-

260 2406 394 2434 cationis
410 2405 478 2441 jus.
503 2404 672 2442 Peregrini
694 2403 747 2432 vel
769 2403 937 2442 inquilini,
952 2404 995 2433 A-

259 2447 372 2478 thenis
399 2447 484 2487 lege,
511 2448 627 2477 Romae
653 2447 907 2483 consuetudine,
934 2447 996 2476 sibi

261 2491 453 2531 deligebant
479 2491 635 2529 aliquem,
654 2501 751 2529 quem
776 2490 837 2520 sibi
859 2491 997 2530 adopta—

262 2540 338 2566 rent
352 2539 533 2575 patronum
553 2533 749 2576 (προς-ἁφὴν),
767 2534 807 2563 ad
830 2544 929 2572 quem
947 2535 995 2564 ita

261 2588 310 2616 10,
328 2584 366 2608 ut
389 2578 528 2608 clientes
552 2578 707 2615 Romani,
732 2577 910 2607 habebant.
932 2577 994 2607 «1115

262 2623 485 2662 applicationis
500 2622 603 2661 igitur
622 2625 686 2659 est,
703 2621 792 2660 quod
814 2620 915 2651 habet
938 2631 995 2661 pa-

260 2670 378 2697 tronus
395 2666 429 2695 in
444 2675 522 2695 eum
538 2665 723 2701 hominem,
736 2665 792 2703 qui
808 2674 842 2694 se
859 2665 901 2694 ad
916 2675 993 2694 eum
1017 2673 1019 2675 ’

261 2709 437 2749 applicuit,
449 2710 483 2738 in
498 2710 569 2748 ejus
586 2709 684 2745 bona,
697 2708 919 2738 hereditatem
933 2709 992 2738 &c.

262 2762 305 2783 an
321 2753 424 2793 possit
440 2763 470 2782 v.
486 2763 514 2783 c.
531 2753 561 2782 ei
576 2752 671 2782 heres
688 2761 772 2788 esse,
787 2752 813 2781 51
831 2752 993 2782 intestato

263 2802 418 2827 mortuus
435 2797 490 2833 sit,
506 2806 568 2826 nec
585 2806 627 2825 ne
645 2796 704 2825 &c.
721 2795 779 2824 sed
794 2795 834 2825 de
851 2795 913 2826 hoc
929 2795 994 2826 alio

261 2839 333 2871 loco
349 2840 488 2870 fortasse
505 2840 602 2880 plura
617 2839 777 2868 dicemus.

303 2885 481 2925 Apponere.
497 2884 690 2915 subornare.
711 2883 805 2914 verr.
821 2883 843 2914 i.
864 2886 912 2916 10.
940 2893 994 2915 ca-

1690 71 1765 109 191

1034 173 1252 205 lumniatores
1269 182 1286 203 0
1303 171 1379 202 sinu
1395 178 1456 201 suo
1476 169 1634 210 apposnit.
1659 169 1702 200 ib.
1726 171 1769 202 iv.

1032 222 1063 252 9.
1083 219 1141 249 &cn

1077 263 1225 301 Apposite
1247 259 1288 290 ad
1311 258 1571 300 persuasionem.
1594 256 1666 288 lnv.
1692 257 1713 287 i.
1738 260 1770 289 5.

1034 310 1120 344 apte.

1078 349 1259 388 Appositus,
1273 347 1421 376 idoneus.
1438 344 1531 374 verr.
1548 345 1568 374 i.
1593 347 1640 374 11.
1664 343 1682 361 ²*
1695 343 1769 375 Inv.

1033 392 1066 422 ii.
1085 395 1136 422 54.
1161 393 1279 421 vitium
1292 400 1359 420 11011
1371 388 1590 425 eontrarium,
1603 387 1660 417 sed
1671 398 1770 427 appo-

1031 438 1131 465 situm
1149 440 1183 465 et
1199 435 1435 475 propinquum.
1451 443 1482 462 V.
1503 436 1537 461 et
1557 431 1598 461 ad
1612 432 1684 462 Att.
1699 432 1768 463 viii.

1032 483 1063 513 7.
1088 487 1171 509 extr.

1076 523 1242 563 Apprimo.
1277 521 1348 551 rin.
1379 520 1426 549 iii.
1455 523 1487 554 9.
1519 529 1578 559 pro
1609 520 1769 559 apprime.

1033 567 1091 597 sed
1100 567 1253 597 Davisius
1267 568 1301 594 et
1314 563 1491 593 walkerus
1505 563 1690 593 malebant:
1711 574 1770 603 ap—

1034 611 1153 650 primo.
1177 615 1278 640 recte.
1310 608 1371 637 Est
1394 614 1521 643 autem,
1545 607 1632 645 quod
1656 607 1768 646 paullo

1033 659 1108 695 post
1131 654 1236 683 dixit:
1273 653 1308 682 in
1334 651 1441 691 prima
1465 652 1687 690 susceptione.
1714 651 1768 680 Sic

1033 703 1085 727 est
1109 698 1186 727 ibid.
1212 697 1252 726 iv.
1274 699 1322 726 13.
1357 705 1386 723 ν.
1418 698 1467 725 15.
1491 694 1532 724 cf.
1559 695 1702 724 Gronov:
1726 693 1769 724 ad

1035 743 1150 772 Senec.
1167 741 1206 770 de
1223 740 1291 770 vit.
1307 740 1394 769 beat.
1412 749 1440 768 0.
1458 742 1488 772 7.

1077 785 1270 825 Approbare.
1316 783 1513 812 confirmare
1547 781 1768 820 argumentis.

1034 828 1104 859 Inv.
1122 829 1143 858 i.
1160 831 1213 859 34.
1239 828 1378 857 ductum
1393 836 1411 855 a
1423 825 1679 855 conductoribus
1691 835 1770 865 ope-

1034 875 1109 902 rusn
1136 872 1359 912 publicorum,
1386 870 1442 908 qui
1470 869 1629 899 dicuntur
1654 879 1770 909 appro—

1035 918 1110 947 bare
1133 925 1215 955 opus
1238 924 1350 951 suum,
1367 924 1444 943 011111
1468 917 1519 942 est
1543 912 1672 951 exlege
1692 922 1770 942 cen-

1035 961 1121 990 soria
1136 960 1277 996 factum,
1297 962 1334 988 ut
1350 957 1497 987 ostendit
1514 956 1615 986 Gron.
1633 956 1675 986 ad
1691 957 1768 987 Sen.

1033 1004 1077 1034 N.
1100 1004 1140 1044 Q.
1159 1004 1190 1032 ii.
1211 1004 1259 1033 16.
1288 1002 1459 1042 approbari
1475 1001 1509 1030 in
1525 1010 1623 1030 sensu
1640 1000 1769 1030 Acade-

1036 1048 1122 1077 mico
1139 1052 1189 1076 est
1206 1045 1374 1086 probabile
1390 1044 1505 1074 videri.
1528 1044 1630 1074 Acad.
1651 1044 1693 1074 iv.
1715 1046 1768 1075 3⁶2.

1035 1092 1209 1131 alwrobari
1224 1091 1323 1119 visus.

1077 1135 1270 1174 sisyn-oham
1293 1131 1516 1162 assumtionis.
1534 1130 1604 1160 Inv.
1621 1131 1642 1160 i.
1659 1133 1712 1161 34.
1745 1130 1767 1162 i.

1035 1189 1064 1209 e.
1083 1177 1304 1208 confirmatio.

1078 1223 1254 1263 Appulsns,
1267 1229 1427 1250 accessus.
1443 1219 1523 1249 Nat.
1540 1218 1582 1248 D.
1598 1219 1619 1248 i.
1637 1221 1686 1249 lo.
1711 1227 1770 1257 ap-

1027 1268 1145 1307 pulsus
1167 1265 1255 1295 solis.
1279 1264 1297 1282 ¹*
1312 1269 1434 1293 motus.
1458 1263 1532 1293 Div.
1558 1263 1579 1291 i.
1605 1265 1656 1292 30.
1680 1262 1769 1292 Deo-

1037 1320 1109 1340 rum
1123 1311 1261 1349 appulsu
1274 1309 1449 1338 somniare.
1465 1306 1505 1336 de
1517 1306 1654 1335 somniis
1666 1315 1685 1334 a
1697 1305 1769 1335 Deo

1035 1354 1185 1393 objectis.

1079 1398 1172 1437 Apte.
1196 1396 1252 1426 Or.
1270 1396 1322 1426 62.
1345 1393 1513 1425 sententia
1527 1397 1601 1433 apte
1620 1393 1772 1432 exposita

1037 1446 1138 1480 atquc
1156 1439 1316 1470 absolute.
1334 1440 1373 1468 de
1391 1447 1530 1467 numero
1553 1446 1604 1473 co,
1620 1438 1675 1474 qui
1699 1447 1770 1467 cer·

1037 1486 1131 1515 nitur
1147 1485 1182 1514 in
1196 1483 1372 1513 vincienda
1386 1481 1547 1512 oratione.
1563 1490 1592 1510 v.
1610 1482 1718 1519 aptus.

1079 1530 1194 1569 Aptus.
1211 1532 1326 1567 aptum
1343 1527 1477 1562 dicitur,
1491 1524 1712 1563 quodcunque
1729 1534 1770 1555 ex

1038 1572 1102 1603 alio
1118 1571 1252 1613 pendet.
1273 1571 1373 1601 Tusc.
1388 1580 1417 1599 v.
1433 1571 1485 1600 25.
1509 1578 1616 1598 causae
1635 1567 1707 1598 aliae
1729 1579 1770 1598 ex

1039 1616 1110 1647 aliis
1137 1620 1221 1656 aptoe
1246 1619 1281 1645 et
1311 1623 1414 1644 nexae.
1448 1612 1550 1642 Acad.
1576 1613 1619 1642 iv.
1650 1614 1699 1642 10.
1730 1621 1772 1642 ex

1038 1671 1104 1699 qua
1120 1670 1153 1689 re
1170 1669 1238 1689 una
1253 1659 1322 1688 vita
1336 1658 1443 1687 omnis
1459 1661 1538 1696 apta
1558 1656 1613 1686 sit.
1646 1655 1772 1686 Caecin.

1042 1707 1091 1735 18,
1124 1713 1190 1733 11011
1217 1714 1256 1732 ex
1283 1702 1389 1732 verbis
1414 1705 1528 1741 aptum
1556 1698 1680 1739 pendet
1701 1700 1772 1739 jus.

1037 1748 1137 1778 Tusc.
1154 1758 1183 1776 ν.
1205 1749 1253 1777 12.
1276 1756 1316 1776 ex
1330 1756 1363 1775 se
1379 1746 1450 1785 ipso
1466 1745 1496 1773 ei
1513 1748 1592 1783 apta
1608 1747 1687 1772 sunt
1699 1753 1771 1772 om-

1038 1792 1118 1829 nia3
1151 1791 1191 1820 de
1218 1801 1269 1827 e0‚
1297 1790 1391 1829 cujus
1417 1788 1519 1818 animi
1544 1786 1772 1825 tranquillitas

1041 1845 1107 1865 non
1123 1834 1247 1874 pendet
1268 1844 1287 1863 a
1303 1834 1399 1863 rebus
1417 1831 1575 1867 externis,
1591 1830 1649 1860 sed
1665 1831 1704 1859 ab
1720 1831 1772 1860 in-

1037 1879 1141 1908 ternis
1159 1877 1392 1918 perpetuisque
1409 1876 1514 1906 bonis.
1538 1874 1634 1905 Offie.
1655 1874 1702 1904 iii.
1718 1877 1771 1908 529.

1038 1927 1117 1961 apta
1132 1923 1256 1962 pinnis,
1273 1931 1332 1961 pro
1347 1933 1352 1950 2
1379 1921 1431 1950 eui
1454 1920 1565 1959 pinuae
1582 1923 1666 1957 apta*
1682 1922 1775 1948 sunt.

1037 1965 1213 2008 πτερὸεσσω.
1245 1966 1298 1994 Sic
1314 1963 1431 2003 virgil.
1446 1964 1521 1993 AEn.
1538 1963 1581 1992 xi.
1605 1963 1678 1993 24⁶2.
1709 1971 1774 1991 cae-

1037 2009 1109 2039 lum
1132 2009 1236 2039 stellis
1250 2008 1458 2047 fulgentibus
1481 2011 1605 2047 aptum.
1630 2005 1704 2035 add.
1729 2005 1773 2035 iv.

1037 2055 1113 2084 482.
1145 2053 1198 2082 Sic
1222 2062 1307 2092 saepe
1330 2052 1432 2081 etiam
1448 2051 1638 2081 Lucretius.
1661 2049 1679 2067 ²*
1694 2053 1774 2089 apta

1039 2096 1200 2126 dicuntur
1214 2097 1330 2133 etiam,
1347 2105 1420 2134 quae
1437 2099 1527 2124 recte
1543 2094 1632 2123 inter
1647 2102 1680 2122 se
1691 2093 1773 2132 jun-

1039 2145 1095 2170 cta
1110 2144 1199 2170 sunt.
1217 2140 1274 2170 Or.
1292 2142 1344 2171 52.
1359 2143 1437 2179 apta
1453 2138 1572 2175 oratio,
1588 2141 1639 2167 est
1655 2147 1773 2166 nume—

1039 2193 1124 2221 rosa,
1153 2185 1187 2213 in
1221 2193 1287 2223 qua
1316 2184 1364 2213 ita
1385 2187 1465 2223 apta
1487 2182 1600 2211 omnia
1625 2181 1714 2210 iuter
1737 2189 1771 2210 se

1038 2232 1118 2257 sunt
1133 2228 1244 2265 verba,
1261 2230 1300 2256 ut
1316 2236 1491 2256 numerose
1508 2225 1617 2254 cadat.
1645 2224 1702 2254 Or.
1719 2227 1773 2258 70.

1039 2281 1077 2301 ex
1090 2272 1175 2310 aptis
1191 2270 1361 2301 dissoluta.
1378 2280 1408 2300 v.
1423 2270 1546 2299 Vincta
1561 2268 1678 2298 oratio.
1696 2268 1774 2297 Sco-

1040 2325 1090 2355 pae
1104 2314 1284 2344 dissolutae.
1299 2314 1318 2331 *
1329 2318 1410 2354 apta
1423 2313 1581 2342 videntur
1595 2312 1697 2341 etiam
1714 2321 1774 2351 pro

1039 2358 1196 2398 perfectis
1213 2358 1288 2388 dici.
1311 2359 1392 2388 Nat.
1410 2357 1453 2387 D.
1470 2357 1504 2386 ii.
1525 2359 1574 2386 18.
1598 2355 1775 2385 perfectis-

1040 2402 1160 2431 simam
1182 2401 1325 2432 formam
1347 2402 1476 2432 dixerat
1491 2410 1560 2430 esse
1583 2398 1774 2429 rotundam.

1041 2446 1221 2485 Descripta
1245 2450 1359 2476 autem
1386 2444 1524 2484 sphaerae
1551 2443 1692 2480 ratione,
1716 2442 1774 2472 ad-

1041 2489 1090 2519 dit
1105 2501 1111 2518 :
1136 2490 1210 2529 Quo
1222 2489 1307 2518 nihil
1322 2489 1394 2519 fieri
1410 2492 1520 2528 potest
1536 2488 1654 2526 aptius.

1084 2533 1192 2572 Apud.
1225 2534 1282 2563 Or.
1306 2533 1326 2562 i.
1340 2535 1393 2567 49.
1411 2531 1501 2572 apud
1515 2541 1549 2561 se
1565 2535 1617 2560 est
1632 2530 1700 2560 ruri
1727 2539 1774 2559 sc.

1040 2577 1074 2606 in
1088 2576 1168 2606 villa
1178 2587 1250 2607 sua.

1083 2620 1190 2660 Aqua.
1213 2619 1315 2650 Acad.
1332 2620 1373 2649 iv.
1396 2619 1449 2650 26.
1470 2618 1635 2659 Lysippus
1652 2616 1770 2647 eodem

1041 2667 1130 2701 aere,
1146 2663 1263 2693 eadem
1274 2663 1532 2703 temperatione,
1546 2661 1661 2691 eodem
1680 2660 1775 2698 caelo,

1041 2717 1143 2747 aqua,
1159 2708 1277 2738 ceteris
1295 2707 1449 2737 omnibus
1466 2712 1602 2735 centum
1630 2704 1775 2734 Alexan-

1041 2751 1116 2781 dros
1141 2751 1382 2791 ejusdemmodi
1406 2750 1514 2779 facere
1543 2758 1610 2779 non
1634 2748 1774 2787 posset?

1040 2804 1128 2834 aqua
1144 2799 1258 2824 autem
1279 2795 1314 2824 in
1330 2794 1451 2824 statuis
1463 2798 1497 2823 et
1513 2793 1599 2822 vasis
1614 2802 1691 2821 cum
1709 2791 1776 2820 fer-

1041 2839 1105 2868 reis
1129 2843 1204 2868 tum
1221 2839 1321 2868 aeneis
1338 2837 1438 2867 colori
1461 2836 1612 2872 inservit,
1629 2840 1663 2865 et
1687 2845 1777 2874 aqna

1040 2892 1135 2923 αμα»
1150 2883 1186 2913 111
1201 2882 1263 2913 1100
1281 2892 1403 2922 genere
1419 2884 1568 2921 praestat.
1589 2885 1628 2911 ut
1644 2890 1682 2910 ex
1700 2878 1777 2910 Plu-
