1985 3206
218 125 245 162 8
496 114 822 159 PRAEFATIO
856 112 1177 157 EDITIONIS
1211 113 1447 157 PRIMAE.

222 233 349 275 rebus
379 232 546 288 lapsum
577 245 666 272 esse
697 230 926 280 interdum,
955 229 1028 284 qui
1060 238 1325 286 praeceptore
1356 243 1454 270 usus
1491 229 1546 270 sit
1576 228 1619 272 J.
1647 229 1716 271 Fr.

224 290 464 340 Gronovio,
485 297 527 328 ct
548 302 734 343 quocum
756 302 824 327 me
846 302 924 327 nec
948 287 1121 342 ingenio
1144 287 1337 337 audeam,
1356 301 1434 327 nec
1456 295 1597 338 aetate,
1619 301 1716 342 quae

223 347 299 388 vix
325 346 599 400 juventutem
622 344 820 394 excessit,
844 357 1104 399 comparare.
1167 343 1368 383 Ceterum
1395 343 1508 384 hunc
1531 344 1716 384 indicem

224 403 276 444 ad
311 402 652 452 Ciceronianam,
686 411 814 455 atque
843 400 903 441 ita
932 400 1141 455 optimam
1175 399 1419 441 Latinitatis
1452 409 1494 440 et
1529 401 1716 440 maxime

225 460 510 501 necessariam
544 467 708 513 partem
743 458 1085 513 cognoscendam
1119 458 1536 512 percipiendamque‚
1567 457 1717 497 tironi-

226 517 306 556 bus
338 516 402 556 vel
434 516 621 555 maxime
643 515 912 566 commendo,
942 522 989 553 ut
1019 528 1115 554 cum
1142 528 1226 554 non
1259 514 1409 564 solum,
1432 514 1505 554 ubi
1536 514 1717 563 haerent,

226 573 465 622 consulant,
499 571 569 612 sed
603 572 747 622 etiam,
780 586 877 612 cum
914 571 1051 611 otium
1081 580 1144 611 est
1185 571 1239 611 ab
1268 571 1457 626 ipsorum
1494 579 1717 610 auctorum

226 629 425 678 lectione,
460 630 502 668 in
532 643 615 683 qua
647 638 745 668 sunt
778 628 848 669 hic
881 628 1038 676 omnia,
1070 629 1209 683 ipsum
1243 635 1380 667 totuin
1410 626 1645 682 perlegant,
1674 637 1718 666 et

229 687 287 727 ita
312 695 528 739 tamquam
551 700 635 724 uno
658 695 804 724 tenore
827 684 1153 725 Ciceronianam
1177 684 1430 724 latinitatem
1462 683 1716 739 percipiant.

230 742 379 798 Ipsum
411 752 552 782 autem
576 741 828 782 Ciceronem
860 742 893 781 si
928 750 1041 781 recte
1074 741 1326 796 penitusque
1356 754 1616 795 cognoscere
1647 753 1719 778 ve-

228 800 323 849 lint,
344 798 410 852 cuj
422 814 466 838 us
497 798 629 838 totius
660 798 963 853 cognoscendi,
985 812 1080 853 quae
1113 798 1182 838 hic
1213 798 1451 846 traduntur,
1473 811 1603 852 parva
1625 804 1718 835 tan-

227 867 319 896 tum
356 870 449 910 pars
482 854 691 905 habenda,
725 856 774 894 iis
808 865 957 895 auctor
987 856 1081 904 siin,
1117 863 1165 894 ut
1200 854 1332 908 Lipsii
1363 853 1464 893 illud
1491 852 1718 893 eonsilium

230 921 473 967 sequantur,
495 912 565 965 qui
593 911 843 952 Ciceronem
877 911 1095 951 biennium
1127 910 1274 951 saltem
1298 911 1356 950 ita
1377 909 1605 964 legendum
1627 923 1717 949 esse

229 970 401 1009 dicebat
422 979 463 1008 et
486 968 771 1022 relegendum,
795 978 842 1008 ut
863 968 1023 1008 nullum
1046 969 1158 1008 diem
1181 968 1233 1007 de
1254 967 1451 1006 manibus
1474 974 1672 1021 ponatur.

290 1025 531 1065 Latinitatis
564 1025 746 1064 indicem
778 1024 1016 1079 excipiunt,
1038 1034 1081 1065 et
1112 1024 1305 1065 ultimum
1339 1023 1479 1064 locum
1503 1022 1716 1073 obtinent,

231 1080 376 1122 Groeca
412 1080 639 1123 Ciceronis:
686 1096 867 1135 quorum
911 1081 1094 1122 indicem
1129 1081 1418 1122 Gronovianae
1461 1079 1639 1120 editioni
1674 1089 1718 1121 et

231 1138 474 1179 Graevianae
509 1138 748 1192 subjectum
783 1139 883 1178 dum
917 1139 1105 1187 excutio,
1139 1138 1281 1177 mirari
1321 1137 1421 1176 satis
1458 1151 1544 1176 non
1578 1137 1716 1192 potui,

228 1210 358 1250 quare
379 1195 671 1236 commiserint
700 1195 1045 1235 excellentissimi
1070 1195 1163 1245 viri,
1186 1204 1234 1234 ut
1259 1208 1354 1234 eum
1378 1208 1463 1234 non
1487 1208 1716 1249 recognos-

228 1260 387 1303 cerent,
423 1252 495 1292 sed
535 1251 594 1291 ita
627 1251 924 1306 relinquerent,
955 1252 1016 1291 uti
1057 1252 1097 1291 in
1133 1251 1420 1306 superioribus
1453 1250 1715 1292 editionibus

227 1319 485 1363 repererant.
548 1308 658 1348 Nam
691 1309 818 1348 etiam
851 1309 980 1348 verba
1000 1318 1198 1363 corrupta
1221 1317 1265 1347 et
1293 1322 1316 1348 6
1347 1307 1431 1347 suis
1453 1307 1714 1348 editionibus

229 1365 410 1415 sublata,
433 1366 475 1404 in
496 1379 545 1404 eo
570 1365 849 1420 reperiuntur,
873 1365 1167 1419 praetermissis
1193 1365 1257 1413 iis,
1280 1380 1375 1419 quae
1407 1364 1716 1405 substituerant

228 1422 326 1477 ipsi.
387 1422 478 1462 ix'os
509 1436 681 1476 operam
704 1422 911 1471 dedimus,
935 1430 981 1461 ut
1012 1422 1186 1462 sublatis
1219 1421 1283 1462 liis
1315 1421 1468 1472 verbis,
1500 1421 1638 1477 primo
1659 1437 1714 1463 ex

227 1479 383 1532 quibus
414 1479 675 1528 auctoribus,
698 1493 878 1533 quorum
913 1479 1049 1518 verbis
1081 1494 1177 1519 usus
1208 1488 1273 1518 est
1304 1478 1472 1528 Cicero,
1501 1493 1550 1519 ea
1579 1479 1716 1534 petita

229 1535 328 1585 sint,
364 1535 659 1585 indicaremus,
689 1545 732 1576 et
766 1535 1009 1575 necessariis
1040 1536 1410 1577 observationibus
1441 1535 1535 1576 haec
1558 1535 1714 1577 Graeca

226 1591 544 1632 illustraremus.
1482 1612 1485 1615 ·

287 1649 584 1689 Constitutum
601 1648 731 1689 etiam
753 1658 856 1700 erat,
874 1647 1049 1691 Corradi
1075 1650 1341 1701 (lumem-am,
1363 1650 1552 1691 libellum
1575 1651 1713 1692 omni-

228 1705 322 1756 bus,
355 1706 426 1759 qui
451 1704 703 1745 Ciceronem
732 1704 871 1760 legere
904 1706 1064 1757 volunt,
1097 1708 1241 1748 utilem
1271 1708 1399 1758 lectu,
1429 1723 1553 1763 quein
1575 1708 1618 1750 J.
1643 1708 1712 1749 Fr.

229 1761 475 1803 Gronovius
510 1762 686 1802 Clavem
720 1762 940 1803 Ciceronis
974 1765 1184 1820 appella-re
1226 1765 1403 1815 solebat,
1440 1773 1482 1805 et
1513 1765 1712 1806 Graevius

228 1833 316 1859 suae
339 1818 515 1858 editioni
540 1819 749 1872 subjicere
771 1819 1028 1872 decreverat,
1051 1821 1115 1862 liis
1147 1822 1358 1863 indicibus
1381 1821 1636 1878 adjungere:
1669 1831 1714 1863 et

226 1886 318 1915 erat
349 1875 441 1929 jam
481 1885 578 1915 ante
616 1877 728 1916 hunc
766 1890 923 1916 annum
962 1887 1153 1932 paratum
1187 1888 1230 1920 et.
1258 1888 1497 1920 correctum
1534 1894 1559 1920 a
1587 1879 1712 1920 nobis

226 1932 487 1988 exemplum,
520 1932 776 1987 librarioque
809 1934 1027 1985 traditum,
1059 1937 1170 1990 quod
1209 1937 1325 1991 sequi
1359 1951 1508 1992 operas
1542 1935 1713 1977 voleba-

225 2003 345 2030 mus:
377 2003 510 2043 eaque
540 1989 591 2029 de
616 2004 742 2029 causa
764 1990 806 2029 in
840 1990 987 2032 Indice
1017 1992 1222 2033 historico
1252 1993 1359 2034 nihil
1389 1994 1441 2034 de
1472 1993 1564 2049 ipso
1587 1993 1730 2034 Cice-·

224 2060 341 2096 rone,
366 2044 470 2085 niliil
492 2046 543 2085 de
567 2046 732 2091 Quinto
757 2046 916 2097 Fratre,
938 2049 1043 2089 nihil
1067 2050 1118 2089 de
1140 2049 1353 2101 Terentia,
1384 2050 1576 2105 aliisque,
1599 2050 1712 2091 dixi-

226 2117 335 2152 1nuS‚
357 2102 409 2142 de
431 2103 585 2156 quibus
608 2112 803 2143 accurate
822 2106 1023 2160 exposuit
1046 2106 1273 2159 Corradus,
1295 2121 1349 2148 ex
1372 2122 1457 2162 quo
1479 2108 1531 2148 de
1553 2106 1618 2147 his
1639 2122 1713 2147 co-

224 2159 374 2212 gnosci
410 2159 678 2199 volebamus:
711 2160 782 2200 sed
824 2163 1008 2202 mutavit
1048 2163 1257 2215 librarius,
1294 2173 1341 2205 ut
1373 2164 1436 2214 fit,
1468 2163 1709 2206 consilium.

228 2215 440 2256 Dabimus
464 2224 602 2255 tamen
628 2230 815 2272 operam,
838 2227 885 2258 ut
907 2220 1132 2274 separatim
1154 2231 1197 2261 et
1227 2221 1297 2262 hic
1326 2221 1506 2272 libellus,
1529 2230 1573 2262 et
1595 2220 1713 2261 Peri-

227 2272 340 2312 zonii
364 2272 749 2313 animadversiones
772 2275 979 2328 prodeant
991 2287 1022 2327 0,
1044 2277 1096 2317 ad
1119 2293 1223 2332 quas
1250 2292 1363 2333 saepe
1394 2279 1438 2319 in
1470 2277 1618 2319 Indice
1647 2277 1713 2318 hi-

225 2329 384 2369 storico
407 2329 747 2384 provocavimuS,
769 2342 812 2370 et
842 2331 991 2372 harum
1022 2333 1236 2375 literarum
1267 2335 1468 2376 studiosis
1488 2334 1610 2375 valde
1638 2348 1714 2374 ne-

223 2385 423 2425 cessarias
456 2395 668 2441 putamus.
732 2386 798 2427 lta
822 2388 926 2439 vale,
950 2389 1253 2432 humanissime
1284 2392 1431 2443 lector,
1454 2392 1604 2432 studiis
1635 2406 1713 2432 no-

223 2442 320 2482 stris
361 2442 470 2492 fave,
507 2452 548 2482 et
587 2443 619 2482 si
654 2443 755 2497 quid
789 2460 813 2483 a
850 2445 972 2485 nobis
1010 2457 1234 2502 peccatum
1270 2449 1488 2504 repereris,
1524 2448 1590 2489 vel
1629 2448 1714 2489 hoc

219 2499 393 2538 nomine
426 2499 636 2549 condona,
670 2501 784 2554 quod
818 2501 859 2541 in
901 2502 981 2542 lioc
1019 2505 1226 2558 opusculo
1261 2506 1530 2547 conficiendo
1563 2504 1712 2546 multae

219 2555 360 2605 nobis,
383 2566 470 2596 tum
498 2565 670 2610 propter
693 2557 823 2610 ipsius
847 2558 1002 2598 laboris
1024 2561 1321 2602 difficultatem
1340 2572 1382 2602 et
1406 2562 1597 2613 taedium,
1619 2572 1713 2603 tum

220 2622 394 2666 propter
427 2612 528 2651 alias
563 2628 724 2661 causaS,
759 2614 811 2653 de
843 2616 997 2669 quibus
1031 2617 1098 2658 liic
1137 2619 1276 2659 dicere
1314 2634 1400 2659 non
1431 2629 1496 2659 est
1529 2633 1713 2670 necesse,

217 2668 424 2708 molestiae
448 2669 701 2709 devorandae
725 2669 911 2711 fuerunt.
973 2673 1133 2729 Scripsi
1161 2675 1317 2731 Lipsiae
1342 2677 1384 2716 in
1408 2675 1502 2731 ipso
1522 2686 1713 2717 mercatu

219 2725 376 2765 vernali
400 2726 498 2765 anni
522 2725 682 2766 Christi
709 2740 784 2767 cio
806 2742 913 2769 iocc
932 2743 1175 2772 xxxviiii.

217 2822 582 2897 oe‘bUterrguellibizlliis
606 2833 735 2856 recusus
749 2828 811 2863 est,
829 2825 1032 2859 Corradenus
1047 2828 1165 2871 Lipsiae
1182 2840 1209 2861 a.
1231 2833 1319 2864 1745.
1338 2833 1367 2861 8.
1413 2831 1644 2864 Perizonianus
1660 2830 1716 2862 Ai-

243 2874 275 2896 n
299 2875 417 2904 urg.a.
459 2880 487 2899 ιι
519 2888 526 2898 .
