1985 3206
743 127 890 155 INDEX
912 125 1046 154 LATIN
1053 125 1208 154 lTATIS.

269 214 364 246 Cano.
394 214 490 246 Verr.
507 215 528 245 ἱ.
545 217 598 247 90.
630 215 708 255 Agr.
726 216 759 246 ii.
777 216 829 247 26.
860 215 951 245 intus

1650 113 1732 150 209

995 224 1156 253 capessere
1191 217 1337 253 pastum.
1375 209 1567 241 *invenite
1606 209 1683 240 Div.
1707 209 1730 241 i.

218 268 343 289 canere.
377 259 588 299 proverbium
614 259 646 288 in
671 268 739 296 eos,
757 259 813 298 qui
837 258 953 289 omnia
995 259 1048 288 ΩΟ.
1081 267 1227 296 quaerere
1250 261 1298 294 te,
1318 265 1425 294 neque
1448 253 1546 283 corde
1564 263 1657 293 posse
1675 263 1730 283 ca-

218 301 259 331 ad
275 311 370 332 suam
387 302 571 332 utilitatem
590 302 757 332 referuntz
783 302 886 333 ducta
903 302 953 331 di-
988 311 1125 340 pesa-ere.
1149 312 1166 330 e
1190 300 1302 330 Por-ta.
1333 300 1523 338 *capessere
1546 296 1728 336 rempubli-

215 345 312 375 cendi
331 347 415 376 ratio
432 357 451 376 a
467 351 582 375 statua
594 346 750 384 quadam,
765 346 948 376 citharistae

212 389 358 428 speciem
383 389 576 426 exhibente,
601 390 656 428 qui
681 391 771 420 intus
797 394 946 426 caneret,

214 431 277 462 hoc
301 438 352 462 est
377 443 443 463 non
468 433 585 463 dextra
609 443 708 463 manu
732 439 897 470 uteretur,
914 438 949 463 et

214 476 255 505 ab
279 477 435 506 exteriori
461 484 555 516 parte
575 476 713 506 chordas
731 477 858 517 plectro
874 487 946 517 per-

213 524 357 557 cuteret,
382 520 440 550 sed
465 521 602 550 sinistra
627 526 763 550 tantum
791 521 831 550 ab
860 523 945 550 intc—

212 563 290 592 riori
314 570 409 603 partc.
434 563 575 593 chordas
598 569 764 604 carperet,
781 571 881 604 atquc
900 566 948 594 ita

211 610 320 636 totam
339 608 530 637 cantionem
544 608 729 646 perficeret.
747 608 811 637 vid.
826 609 946 638 Ast-on.

211 650 254 680 ad
277 649 370 680 verr.
395 651 416 680 i.
438 653 491 681 ⁶20.
523 659 556 680 ct
580 650 673 681 Voss.
698 651 740 681 ad
766 651 888 681 Catull.
913 663 945 691 p.

216 696 286 724 144.
329 695 386 724 ubi
426 694 605 734 explicatio
638 694 701 724 loci
735 696 943 725 Ciceroniani

210 737 350 767 affertur
381 748 418 767 ex
449 739 582 768 ineditis
610 737 756 768 Vulcatii
780 739 944 769 Gallicani

209 781 472 821 expositionibus
491 782 525 811 in
540 782 706 812 Verrinas.

259 824 446 862 Cantharis,
464 835 568 865 genus
594 826 712 856 insecti
733 826 889 856 venenati
908 831 942 856 ct

210 869 386 899 mortiferi.
421 869 462 899 ad
492 870 568 899 Div.
596 870 638 900 ix.
666 872 717 900 ⁶21.
754 870 791 900 C.
821 870 940 908 Carbo,

210 920 388 942 accusante
405 913 444 943 L.
462 912 486 941 C
491 923 592 950 rasso,
613 914 831 944 Canthara-'as
851 924 943 943 sum-

208 955 288 985 sisse
305 956 440 987 dicitur.
468 957 569 987 Tusc.
587 967 616 986 ν.
634 960 686 988 40.
719 963 860 987 mortem
880 958 943 987 mi-

210 999 348 1036 nitanti,
373 1010 534 1039 magnum
557 1010 647 1037 vero,
673 1001 770 1038 dixit,
787 1001 940 1039 effecisti,

207 1042 234 1071 si
252 1045 456 1074 cantharidis
472 1045 537 1073 vim
554 1044 712 1074 habuisti.

256 1086 460 1118 Cantlzcrias.
492 1087 570 1117 Nat.
599 1088 641 1118 1).
665 1088 710 1118 iii.
735 1091 766 1119 5.
796 1088 838 1118 ad
862 1089 939 1119 Div.

208 1128 252 1158 ix.
273 1133 321 1160 18.

255 1173 434 1205 Canticum.
464 1174 505 1204 ad
521 1175 597 1205 Div.
614 1175 657 1204 ix.
675 1176 727 1205 99.
756 1175 843 1204 nosti
861 1186 939 1205 can-

205 1217 317 1247 ticum.
366 1217 426 1247 Est
449 1218 541 1248 locus
565 1229 582 1248 e
608 1218 779 1248 eomoedia
793 1224 852 1249 aut
868 1223 938 1249 tra-

205 1260 323 1299 goedia.
348 1261 412 1292 vid.
439 1261 643 1302 Interpretes
671 1262 713 1292 ad
736 1262 769 1293 h.
795 1262 816 1293 l.
845 1269 879 1294 ct
903 1264 937 1294 in

205 1304 342 1334 Cantor.

253 1347 434 1379 Cantilena.
475 1348 514 1378 de
549 1349 730 1379 notissimis
762 1354 796 1380 et
821 1351 935 1381 crebro

203 1393 372 1432 usurpatis
396 1393 618 1432 obsoletisque
642 1394 754 1430 dictis,
773 1395 934 1432 versibus,

203 1437 381 1476 praeceptis
409 1437 467 1466 &a
499 1437 556 1466 Or.
584 1438 605 1467 i.
633 1438 686 1467 93.
725 1439 889 1468 cantilena
916 1450 933 1468 e.

205 1477 347 1517 scholis3
373 1480 412 1509 de
428 1480 573 1519 vulgatis
594 1480 763 1510 rhetorum
788 1491 935 1522 prfflcep-

202 1522 258 1551 tis.
279 1522 348 1553 Att.
362 1524 383 1553 i.
400 1527 447 1558 19.
467 1529 506 1553 ut
521 1524 634 1553 crebro
649 1524 730 1554 mihi
747 1525 934 1556 insusurret

201 1564 421 1604 Epicharmus
435 1566 631 1598 cantilenam
644 1567 735 1598 illam
749 1578 857 1605 suam,
868 1570 932 1608 νῆφε

199 1609 261 1638 διο.
294 1609 364 1640 *de
390 1621 436 1648 re,
458 1621 530 1650 quae
554 1611 645 1641 fama
667 1618 700 1641 et
723 1613 931 1643 sermonibus

201 1651 377 1683 hominum
408 1655 565 1693 jactatur.
596 1655 696 1684 fama.
720 1655 760 1685 ad
787 1656 864 1687 Div.
890 1657 932 1686 xi.

199 1697 252 1726 520.
286 1697 390 1727 Crede
416 1698 511 1734 mihi,
534 1703 642 1728 totam
670 1699 769 1728 istam
797 1701 931 1730 cantile-

197 1749 279 1769 nam
301 1750 341 1770 ex
364 1741 427 1771 hoc
451 1742 608 1781 pendere,
634 1747 671 1772 ut
701 1753 801 1781 quam
830 1743 933 1783 pluri-

200 1791 291 1813 mum
309 1783 392 1815 lucri
407 1785 543 1815 faciant.

247 1827 372 1866 Cautio,
396 1829 594 1859 incantatio.
623 1829 719 1860 Brut.
748 1831 800 1861 60.
832 1830 930 1870 idque

198 1871 366 1902 veneficiis
396 1878 430 1902 et
460 1874 662 1904 cantionibus
689 1874 852 1904 Titinniae
883 1874 929 1904 fa-

200 1920 293 1944 ctum
308 1924 378 1946 esse
396 1916 539 1947 dicebat.

247 1957 377 1998 Cantor,
400 1959 530 1990 histrio.
561 1961 652 1991 Sext.
676 1964 727 1992 55.
759 1965 929 1992 cantorum

198 2002 358 2032 convicia.
379 2003 480 2034 Tusc.
499 2004 545 2034 iii.
567 2008 616 2038 19.
636 2009 780 2034 cantores
796 2005 931 2044 Eupho-

197 2045 310 2076 rionis.
345 2056 410 2085 quo
434 2047 507 2077 loco
535 2049 637 2077 etiam
662 2048 930 2087 interpretantur

198 2086 398 2119 laudatores.
422 2091 486 2121 vid.
511 2091 650 2121 Salmas.
675 2092 715 2121 ad
736 2092 825 2122 Hist.
842 2093 928 2132 Aug.

195 2133 222 2160 t.
240 2131 273 2161 ii.
290 2142 322 2171 p.
337 2135 412 2163 433.
430 2136 503 2165 84⁶2.
533 2134 639 2165 *hinc
655 2134 757 2164 ducta
773 2146 813 2165 ea
828 2137 926 2173 ratio,

198 2183 275 2204 cum
298 2181 462 2207 ccmtorcm
485 2177 625 2215 alicujus
651 2179 696 2208 rei
719 2179 849 2217 dicunt,
871 2182 928 2218 qui

197 2226 272 2247 eam
287 2228 374 2259 saepe
391 2221 617 2260 multumque,
633 2228 670 2251 ut
689 2229 817 2253 actores
833 2223 928 2254 fabu—

195 2259 256 2298 las,
273 2261 439 2294 decantat.
467 2266 524 2295 ()r.
543 2266 564 2295 i.
583 2269 634 2296 55.
658 2265 838 2305 Leguleius
855 2268 926 2306 qui-

195 2304 286 2343 dam,
303 2316 412 2345 praeco
429 2309 614 2346 actionum,
631 2314 744 2340 cantor
766 2309 927 2341 formula-

195 2357 285 2386 rum,
304 2359 425 2391 auceps
441 2352 653 2391 syllabarum.

242 2392 374 2423 Cantus.
407 2395 500 2426 Orat.
529 2399 578 2427 18.
610 2396 669 2426 Est
693 2397 795 2427 etiam
821 2397 854 2426 in
879 2397 927 2427 di-

193 2435 299 2466 cendo
322 2437 457 2476 quidam
482 2443 598 2470 cantus
614 2440 795 2471 obscurior.
828 2442 885 2471 Or.
905 2442 925 2471 i.

191 2479 244 2509 60.
274 2485 391 2511 camus
413 2483 630 2520 remissiores,
655 2484 695 2514 de
725 2485 928 2524 pronuncia—

190 2523 283 2552 tione
301 2523 471 2556 histrionis
488 2527 622 2556 scenici.

240 2566 365 2606 Capaoe.
392 2570 487 2600 Orat.
505 2572 557 2604 99.
589 2570 663 2610 Ipse
679 2570 926 2601 Demosthenes

191 2619 302 2640 —non
328 2621 459 2652 semper
482 2613 602 2653 implet
627 2624 722 2644 aures
744 2625 852 2644 meas:
880 2616 928 2645 ita

191 2658 273 2683 sunt
297 2655 400 2685 avidae
425 2662 459 2686 ct
483 2667 627 2697 capaces.
648 2657 680 2688 h.
698 2668 726 2688 e.
743 2658 863 2696 quibus
880 2659 929 2688 di-

189 2696 297 2727 cendo
321 2698 541 2740 inprimisque
565 2701 802 2740 amplificando
832 2703 929 2732 satis·

156 2762 158 2764 .
190 2740 263 2770 fleri
279 2750 344 2771 non
361 2742 457 2773 facile
476 2749 597 2784 potest.

236 2783 358 2824 Capedo
373 2791 406 2816 et
430 2787 670 2827 C'apeduncula.
694 2787 867 2818 vasculum
887 2799 927 2818 cx

188 2835 228 2856 eo
243 2837 378 2867 genere,
391 2840 456 2869 quo
473 2832 508 2861 in
524 2833 625 2861 sacris
644 2832 838 2862 utebantur.
867 2832 928 2863 Pa-

186 2870 255 2903 rad.
277 2874 304 2901 l.
319 2874 350 2903 2.
374 2873 453 2905 Nat.
469 2874 512 2905 D.
533 2875 580 2904 iii.
602 2878 651 2909 17.

237 2914 421 2956 capessere.
459 2928 590 2958 capere.
622 2918 702 2949 Nat.
731 2918 776 2950 D.
807 2919 840 2949 ii.
873 2921 927 2952 47.

994 354 1090 382 cam;
1115 350 1165 374 est
1182 354 1257 373 cum
1284 342 1439 373 accedere
1457 340 1498 370 ad
1515 340 1680 380 rempubl.
1696 350 1727 370 ν.

992 386 1162 424 accedere,
1194 394 1267 417 tum
1301 386 1474 425 negotium
1504 383 1727 423 quodcunque

992 431 1165 471 publicum
1203 431 1370 469 suscipere
1409 434 1443 459 et
1478 428 1726 457 administrare.

989 475 1062 504 Att.
1080 476 1100 504 i.
1124 478 1170 509 17.
1199 475 1289 504 Sext.
1306 475 1336 504 6.
1362 472 1545 502 auctoritas
1562 480 1725 510 capessen-

989 517 1037 547 (Ιατ1
1054 518 1194 558 rei-publ.
1212 517 1404 556 exemplum
1421 515 1509 555 quod
1533 516 1625 554 sequi
1650 524 1727 555 pos-

989 568 1081 599 sunt,
1100 563 1156 601 qui
1173 563 1206 591 in
1224 560 1395 600 republica
1419 565 1606 595 versantur,
1623 568 1726 598 nego-

987 607 1036 635 tia
1052 606 1186 645 publica
1203 608 1335 644 gerunt.
1367 603 1386 621 ²*
1399 603 1523 633 moveri
1541 602 1581 632 ad
1598 602 1724 639 locum,

988 656 1101 689 petere
1131 649 1254 678 locum.
1289 648 1390 678 Tusc.
1417 647 1439 676 i.
1469 649 1518 676 18.
1554 646 1727 685 superiora

987 703 1161 732 capessere,
1180 691 1392 722 adscendere.
1416 690 1488 720 Att.
1505 700 1536 719 x.
1553 694 1583 723 9.
1615 699 1725 728 capes-

985 747 1055 766 sere
1078 736 1244 766 Melitam.
1275 736 1355 765 Nat.
1380 735 1422 764 D.
1448 734 1482 764 ii.
1511 736 1565 764 45.
1604 742 1722 763 omnes

986 785 1084 810 terrae
1103 785 1212 820 partes
1232 779 1378 809 medium
1397 778 1508 807 locum
1525 781 1723 817 capessentes

988 825 1146 854 nituntur
1161 823 1345 862 aequaliter.
1361 822 1378 839 ²*
1392 821 1477 851 Phil.
1490 832 1520 850 x.
1537 825 1568 854 9.
1584 821 1722 850 initium

986 867 1148 898 libertatis
1165 866 1371 906 capessenda
1390 866 1410 895 i.
1428 875 1457 895 e.
1473 863 1693 894 vindicandae.

1034 911 1138 951 (apio.
1169 920 1316 947 assumo,
1340 909 1422 939 mihi
1449 917 1619 948 comparO,
1643 917 1722 937 con-

984 964 1114 994 sequor.
1139 955 1237 984 Offii.
1254 957 1303 984 18.
1328 952 1536 982 consuetudo
1548 952 1720 990 capienda,

984 999 1072 1036 qnod
1103 998 1250 1028 illustrat
1280 1001 1314 1027 et
1344 996 1494 1026 vindicat
1530 996 1645 1025 Burin.
1677 995 1720 1025 ad

983 1042 1079 1072 Ozid.
1111 1043 1182 1072 Art.
1200 1043 1236 1071 A.
1252 1042 1286 1071 ii.
1304 1041 1378 1071 346.
1409 1039 1492 1070 Phil.
1517 1039 1562 1068 iii.
1583 1041 1632 1069 ll.
1662 1048 1721 1078 pa·

981 1086 1084 1115 trium
1112 1087 1263 1115 animum
1288 1094 1410 1124 capere.
1435 1084 1514 1113 Nat.
1542 1082 1584 1113 D.
1609 1083 1642 1112 ii.
1667 1083 1720 1113 56.

982 1139 1097 1168 castere
1127 1130 1278 1159 Deorum
1313 1127 1552 1167 cognitionem.
1590 1125 1654 1156 Off.
1684 1126 1720 1156 ii.

982 1178 1012 1206 9.
1052 1173 1283 1204 benevolentia
1311 1173 1442 1211 capitur
1477 1170 1623 1200 maxime
1657 1169 1719 1200 διο.

981 1216 1065 1247 Phil.
1097 1228 1126 1246 v.
1163 1220 1228 1247 18.”
1260 1225 1395 1246 sensum
1441 1213 1554 1253 gloriae
1591 1223 1717 1253 capere.

978 1260 1095 1300 Quint.
1121 1264 1172 1291 31.
1206 1270 1320 1300 capere
1343 1258 1616 1288 misericordiam.
1641 1258 1661 1287 i.
1689 1268 1718 1288 e.

981 1304 1141 1334 misereri.
1168 1304 1233 1334 *in
1257 1303 1358 1333 sacris
1382 1312 1495 1342 capere
1518 1305 1567 1331 est
1594 1300 1718 1340 delige-

979 1357 1024 1377 re.
1063 1348 1156 1378 verr.
1189 1348 1223 1377 ii.
1259 1350 1310 1378 51.
1347 1356 1461 1385 capere
1499 1344 1717 1375 sacerdotem.

979 1391 1058 1421 Nat.
1086 1392 1128 1422 D.
1162 1392 1195 1421 ii.
1227 1394 1259 1422 4.
1296 1390 1386 1421 Vitio
1422 1390 1481 1420 sibi
1519 1389 1717 1419 tabernacu-

978 1435 1047 1464 lum
1079 1439 1224 1475 captum.
1262 1434 1331 1464 *in
1362 1444 1396 1463 re
1425 1432 1631 1473 pecuniaria,
1663 1442 1718 1462 ca-

971 1488 1052 1518 pere
1069 1483 1102 1508 et
1126 1480 1209 1509 bene
1233 1482 1267 1508 et
1289 1478 1376 1508 male
1399 1477 1533 1514 dicitur,
1556 1476 1643 1506 male
1667 1479 1719 1506 ta.-

978 1532 1055 1552 men
1072 1523 1226 1552 usitatius
1241 1526 1277 1552 et
1298 1523 1430 1561 saepius.
1447 1520 1487 1550 In
1507 1521 1593 1551 bono
1616 1529 1718 1549 sensu

976 1570 1027 1595 est
1041 1566 1123 1606 Leg.
1140 1567 1174 1596 ii.
1195 1569 1242 1600 19.
1273 1566 1308 1596 in
1324 1565 1413 1595 malo
1429 1568 1542 1594 autem
1566 1563 1658 1593 Verr.
1682 1564 1717 1594 ii.

981 1612 1028 1640 lo.
1053 1611 1100 1640 iii.
1117 1614 1169 1640 30.
1186 1610 1245 1640 &c.
1274 1609 1364 1640 unde
1379 1608 1473 1638 verr.
1489 1608 1536 1637 iii.
1551 1610 1604 1637 40.
1636 1606 1717 1645 adji-

976 1654 1063 1683 citur
1077 1666 1083 1683 :
1110 1664 1169 1694 per
1184 1654 1251 1683 vim
1269 1657 1368 1692 atque
1384 1652 1541 1690 injuriam
1557 1655 1660 1690 caploe
1682 1654 1717 1680 et

975 1698 1161 1728 conciliatae
1188 1697 1354 1737 peeuniae.
1386 1696 1457 1726 I'in.
1484 1706 1514 1725 v.
1539 1696 1590 1726 25.
1615 1699 1715 1733 atque

975 1744 1013 1770 ut
1037 1741 1155 1781 reliqui
1178 1741 1268 1771 fures
1293 1749 1408 1770 earum
1426 1749 1551 1775 rerum,
1569 1747 1650 1777 quas
1666 1748 1715 1768 ee·-

966 1789 1104 1824 pmmt,
1133 1785 1230 1824 signa
1253 1786 1477 1820 commutant,
1505 1783 1566 1812 &a
1595 1781 1715 1812 *deci-

973 1838 1062 1867 pere.
1094 1829 1227 1858 Muren.
1251 1833 1282 1862 9.
1315 1826 1543 1858 Jureconsulti
1572 1830 1634 1863 est,
1660 1836 1714 1855 ca-

974 1882 1062 1909 vere,
1087 1882 1128 1902 ne
1153 1872 1204 1902 sui
1231 1871 1436 1902 consultores
1460 1871 1647 1910 capiantur.
1672 1869 1715 1899 cf.

973 1915 1074 1946 Acad.
1099 1917 1141 1946 iv.
1167 1918 1219 1946 20.
1243 1915 1382 1946 *Pisom
1414 1917 1463 1944 11.
1487 1923 1553 1943 non
1580 1914 1714 1953 capiunt

974 1960 1136 1998 angustiae
1149 1960 1292 2000 pectoris
1304 1959 1355 1989 tui
1370 1962 1498 1988 tantam
1517 1967 1691 1997 personam
1703 1968 1712 1995 ;

973 2004 1062 2041 quod
1086 2003 1199 2043 paullo
1225 2006 1301 2044 post
1326 2003 1584 2042 interpretatur:
1615 2001 1716 2030 susti-

963 2044 1063 2078 nere.
1088 2047 1129 2077 ad
1144 2047 1220 2077 Div.
1236 2047 1270 2076 ii.
1288 2046 1318 2077 6.
1345 2046 1440 2076 nulla
1454 2049 1505 2075 est
1519 2044 1626 2084 gratia
1639 2048 1714 2074 tan-

970 2095 1018 2128 ta,
1036 2101 1136 2130 quam
1160 2100 1228 2120 non
1251 2091 1303 2120 vel
1326 2100 1442 2129 capere
1464 2089 1598 2118 animus
1619 2097 1713 2119 meus

971 2134 1004 2163 in
1030 2134 1236 2174 accipiendo,
1252 2134 1304 2164 vel
1327 2132 1572 2163 remunerando
1596 2141 1714 2161 cumu-

970 2177 1136 2217 landoque
1153 2178 1319 2215 illustrare
1339 2178 1464 2217 possit:
1489 2177 1510 2205 i.
1535 2186 1565 2205 e.
1590 2175 1714 2205 intelli-

971 2231 1049 2259 gere
1064 2226 1100 2252 ct
1116 2226 1204 2251 recte
1217 2222 1382 2252 aestimare
1396 2219 1665 2260 magnitudinem
1679 2229 1713 2248 e-

963 2265 1032 2302 jus.
1042 2266 1094 2296 Sic
1105 2266 1345 2305 interpretatur
1353 2263 1561 2294 Burm.illud
1569 2263 1713 2302 Quintil.

970 2308 1066 2339 Decl.
1083 2311 1158 2343 372.
1183 2318 1249 2339 non
1274 2312 1324 2338 est
1348 2307 1483 2338 humilis
1504 2307 1659 2346 pectoris,
1675 2307 1715 2337 li-

970 2352 1134 2382 bertatem
1160 2352 1329 2392 publicam
1359 2361 1484 2390 capere.
1514 2350 1602 2380 cons.
1633 2349 1713 2380 Sch-

970 2405 1068 2426 warz.
1085 2396 1127 2426 ad
1144 2396 1227 2426 Plin.
1245 2397 1406 2436 panegyr.
1424 2406 1454 2435 p.
1470 2395 1545 2425 286.
1561 2394 1594 2425 b.

1019 2440 1158 2479 Capilal.
1198 2439 1341 2477 facinus,
1371 2441 1425 2469 <vui
1464 2439 1577 2477 capitis
1615 2446 1715 2477 prrna

970 2484 1139 2523 proposita
1162 2488 1223 2513 est.
1247 2483 1350 2522 Legg.
1377 2483 1410 2513 ii.
1434 2486 1464 2513 8.
1489 2485 1572 2512 extr.
1597 2490 1715 2520 quam-

970 2536 1070 2566 quam
1096 2530 1210 2557 nostra
1233 2527 1333 2557 editio
1358 2527 1402 2556 i'oi
1425 2526 1526 2556 habet
1549 2526 1713 2563 capitale:

971 2581 1029 2610 pro
1054 2580 1119 2609 quo
1142 2574 1193 2600 est
1208 2580 1261 2610 ap.
1280 2570 1434 2600 Plautum
1453 2572 1487 2599 et
1502 2569 1584 2599 alios
1601 2567 1716 2610 ἀρχαϊ-

971 2615 1027 2646 κᾶς
1044 2616 1178 2653 capital.
1203 2623 1312 2652 neque
1330 2613 1363 2643 id
1379 2613 1460 2643 adeo
1476 2612 1566 2653 apud
1583 2612 1716 2641 Cicero-

973 2667 1049 2687 nem
1068 2657 1234 2697 displicet,
1251 2667 1351 2696 quem
1368 2656 1534 2693 videmus,
1551 2661 1590 2685 ut
1613 2656 1715 2685 moris

970 2705 1055 2738 crat,
1071 2702 1106 2731 in
1131 2701 1212 2740 legis
1235 2700 1383 2733 formula
1403 2700 1596 2730 archaismis
1613 2698 1716 2739 pluri·

969 2745 1032 2774 bus
1059 2754 1159 2774 usum
1190 2754 1271 2774 esse.
1302 2744 1394 2784 Saepe
1422 2747 1535 2773 autem
1564 2743 1598 2772 in
1624 2742 1716 2772 libris

971 2787 1138 2818 veteribus
1163 2797 1221 2828 pro
1241 2788 1378 2826 antiquo
1395 2788 1517 2827 cagn'tal
1532 2786 1717 2826 repositum

972 2841 1042 2861 esse
1067 2841 1086 2861 a
1111 2831 1251 2861 librariis
1270 2833 1422 2870 capitale,
1438 2830 1566 2860 dudum
1592 2830 1715 2869 passim

972 2885 1147 2911 monuere,
1164 2884 1305 2914 eamque
1327 2884 1440 2905 vocem
1465 2874 1640 2903 restituere
1657 2873 1717 2903 viri

971 2919 1070 2948 docti.
1087 2919 1152 2949 vid.
1170 2918 1272 2948 Gron.
1290 2919 1331 2948 ad
1349 2918 1418 2949 Liv.
1438 2918 1522 2947 xxiv.
1544 2920 1597 2951 37.
1627 2916 1718 2947 Ten·

1016 2971 1033 2992 r
