1985 3206
704 101 864 131 INDEX
892 101 1208 132 HISTORICUS·

216 190 278 226 ligi
301 192 417 228 polest,
446 189 531 228 quod
557 187 691 219 Plinius
720 189 837 224 tradit,
864 188 942 228 quia

218 232 295 260 olim
317 232 540 269 vectigalium
559 232 634 261 solis
651 232 782 270 pascuis
791 230 940 269 suerint,

214 277 388 312 propterea
403 283 568 303 sem-orum
584 283 647 303 esse
661 283 683 303 a
698 274 889 308 censoribus,
906 277 942 302 ut

218 316 328 344 omnia
364 315 538 354 vectigalia
575 317 712 355 reipubl.
743 324 942 355 pascuorum

218 358 347 387 nomine
359 359 392 387 ιίι
408 359 539 393 tabulis,
555 362 585 387 et
599 358 632 387 in
643 358 845 396 pactionibus
865 356 942 387 Cen-

217 409 302 429 sores
321 402 617 439 complecterentur.
663 399 678 428 1
690 400 814 437 beligol
826 400 912 429 enim
927 408 943 429 e

212 443 346 481 pascuis
359 444 520 482 scriptura
535 442 669 477 clicilur,
684 447 714 472 et
731 443 942 478 Alabarclzcs,

218 488 256 514 ut
272 484 359 514 docet
378 484 541 523 (Jujacius,
557 485 611 524 qui
634 485 718 513 hanc
732 494 838 514 vocem
859 484 943 515 Cice-

217 527 289 556 roni
313 527 464 563 reddidit,
493 527 565 557 Obs.
591 526 656 556 viii.
680 529 730 559 37.
759 527 881 556 (licitur
902 527 943 556 ab

219 568 335 606 ἔλαέα,
363 574 602 605 atramentum,
630 572 736 608 estque
759 569 839 598 “cleo
872 578 942 598 ma-

215 613 320 650 gister
353 613 535 651 scripturoe.
583 610 649 640 Sed
674 612 734 641 aliz·
758 610 943 651 pra’serunt

217 654 426 690 Amilcarclia,
442 658 480 683 ut
495 655 529 683 in
548 655 605 683 hoc
625 652 783 684 Ciceronis
803 655 878 690 loco,
894 655 943 683 ita

217 697 252 725 ἰἠ
276 697 362 732 aliis,
388 698 440 727 ubi
456 695 554 734 hujus
568 697 784 733 magistratus
805 696 922 725 mentio
934 707 943 724 :

215 739 251 768 in
265 739 313 769 his
331 748 435 778 nuper
459 737 687 776 Wesselingius
703 737 741 768 V.
770 738 804 769 C'.
820 739 858 768 de
879 738 943 768 Ar-

217 781 382 810 cbontibns
395 780 587 811 Judoeorum
599 791 625 810 c.
638 783 667 810 8.
685 780 809 810 dictum
818 785 944 820 putans

217 823 258 852 ab
269 822 418 862 AEgypti
433 823 540 853 ⁶‘Vomo
554 823 694 853 Arabioe.
711 832 780 862 quoe
793 823 944 862 refellere

218 866 372 903 longioris
385 871 431 896 est
445 866 680 905 disputationis.
706 865 801 895 Libri
815 866 943 905 quidem

217 911 248 938 ee
263 918 314 938 res
326 912 417 938 stant
427 918 487 947 pro
498 908 604 948 priori
619 908 775 947 opinione.

263 950 294 980 C.
309 951 483 987 Albanius,
496 951 567 981 Att.
583 951 650 980 xiii.
665 953 717 980 31.

262 992 338 1024 Sex.
355 993 520 1027 Albedins,
537 992 620 1023 Phil.
636 993 702 1022 xiii.
722 993 769 1022 13.
791 991 942 1030 Senator,

218 1035 377 1065 beneficio
393 1035 543 1066 Antonii.

265 1078 298 1107 C.
314 1077 462 1113 Albinus,
486 1077 526 1107 ad
549 1077 624 1108 Div.
648 1076 715 1106 xiii.
739 1079 768 1108 Β.
791 1077 941 1114 Senator,

219 1118 253 1150 P.
270 1120 372 1150 Sextii
385 1120 497 1150 frater.

261 1162 304 1192 P.
321 1162 554 1199 Albinovanus,
571 1160 653 1192 Har.
673 1161 770 1201 Resp.
787 1164 817 1194 7.
833 1162 944 1201 ponti-

217 1204 269 1234 fex
284 1204 402 1233 minor.

257 1246 492 1282 Albinovanus,
518 1245 579 1284 (M.
603 1245 747 1286 Tullius)
772 1245 886 1276 Vatin.
913 1248 941 1276 1·.

218 1292 389 1318 accusator
404 1289 439 1318 P.
455 1288 558 1318 Sextii
574 1288 613 1318 de
627 1289 672 1318 vi.

240 1331 281 1360 A.
296 1331 447 1367 Albinus,
457 1330 558 1361 Acad.
571 1330 636 1370 Qu.
653 1330 695 1360 iv.
711 1332 763 1360 45.
780 1329 874 1361 Brut.
889 1333 941 1362 91.

216 1372 343 1403 Praetor
357 1374 392 1404 P.
408 1373 558 1412 Scipione
570 1378 602 1402 et
617 1373 664 1403 M.
678 1371 838 1403 Marcello
852 1374 941 1404 Coss.

217 1414 341 1445 Consul
361 1425 436 1446 cum
454 1415 492 1445 L.
509 1414 662 1451 Lucullo,
687 1417 770 1455 ejus,
797 1416 852 1454 qui
878 1416 942 1446 Mi-

214 1456 430 1488 thridaticum
451 1457 575 1488 bellum
597 1458 709 1496 gessit,
732 1467 804 1494 avo,
825 1458 939 1498 (ocu.)

215 1500 344 1540 scripsit
371 1499 544 1530 historiam
575 1500 700 1539 Graece,
730 1499 880 1530 literatus
909 1507 944 1532 et

215 1542 365 1572 disertus
409 1542 486 1582 Ejus
496 1543 593 1580 jocus
607 1542 640 1572 in
657 1542 872 1580 Carneadem,
887 1544 942 1583 qui

215 1584 284 1623 ipso
307 1592 448 1623 praetore
470 1584 584 1615 Romae
607 1585 682 1615 fuit.
728 1584 779 1614 De
806 1585 944 1617 historia

213 1626 325 1656 Albini
343 1637 371 1656 v.
390 1627 502 1667 Polyb.
523 1626 602 1657 Exc.
616 1626 654 1657 de
669 1627 735 1657 Vit.
757 1631 791 1657 et
805 1627 891 1658 virt.
906 1638 940 1668 p.

218 1670 308 1699 1482.
335 1669 386 1700 ed.
413 1669 514 1699 Gron.
538 1669 687 1700 Macrob.
711 1669 780 1700 Sat.
803 1670 824 1700 i.
850 1671 941 1711 praef.

214 1711 268 1750 qui
286 1712 405 1742 sumsit
419 1722 437 1742 e
451 1712 559 1742 Gellio
574 1712 617 1742 xi.
633 1713 665 1742 8.

256 1753 297 1784 Α.
324 1754 474 1792 Albinus,
501 1754 597 1785 Brut.
620 1755 673 1785 35.
698 1758 774 1795 post
797 1754 878 1785 Red.
903 1755 942 1787 ad

215 1795 310 1835 Quir.
326 1796 451 1827 Consul
474 1806 552 1827 cum
565 1796 614 1827 M.
632 1797 779 1828 Antonio
802 1797 942 1829 Oratore

217 1837 361 1880 (nemv.)
380 1838 499 1870 Latine
511 1837 604 1869 dixit.

252 1880 404 1918 Albinus,
418 1881 515 1912 Brut.
527 1883 576 1912 35.
594 1882 727 1919 flamen,
743 1881 893 1914 disertus.

262 1922 296 1954 C'.
319 1924 470 1959 Albinus,
495 1924 584 1954 Sext.
608 1926 638 1955 3.
662 1924 813 1963 Senator,
837 1926 942 1959 filiam

215 1965 251 1996 P.
268 1966 370 1996 Sextii
386 1967 471 2006 patri
487 1966 640 1998 collocat.

254 2008 309 2048 Sp.
334 2009 485 2044 Albinus,
510 2009 606 2040 Brut.
635 2011 687 2040 25.
717 2009 755 2039 it.
779 2011 830 2040 34.
853 2010 942 2051 Lege

212 2049 354 2082 Manilia
368 2056 442 2091 post
461 2051 680 2082 Consulatum
694 2061 866 2093 oppressus
878 2058 941 2091 est,

214 2091 336 2123 multas
350 2094 516 2124 orationes
531 2095 674 2133 reliquit.

255 2134 298 2165 L.
314 2135 441 2172 Albius,
462 2137 552 2166 Sext.
576 2137 625 2167 fil.
650 2136 798 2176 Quirina.
822 2137 940 2177 Quint.

213 2176 244 2207 6.
259 2177 345 2207 idem
357 2178 498 2215 videtur,
512 2180 567 2219 qui
577 2183 782 2209 memoratur
791 2180 829 2210 de
845 2179 940 2212 orae.

212 2218 249 2248 ii.
267 2221 318 2253 70.
345 2219 465 2251 Valens
486 2222 522 2251 in
544 2222 653 2252 numis
676 2221 771 2252 Fam.
795 2222 940 2263 Rom.p.

213 2263 264 2295 59.
282 2271 346 2301 pro
359 2262 499 2302 Quirina
520 2262 650 2304 conjicit
672 2263 820 2295 Carinas.
842 2267 940 2296 male.

210 2312 275 2333 non
290 2304 383 2341 vidit,
408 2305 548 2345 Quirina
562 2308 593 2337 h.
612 2308 633 2336 l.
658 2316 723 2337 esse
743 2317 859 2338 nomen
881 2309 940 2338 tri-

211 2345 281 2383 bus,
304 2347 389 2386 quod
399 2356 490 2387 ’.ε-αρε
508 2349 600 2389 apud
627 2348 809 2380 Ciceronem
824 2349 939 2388 adjici-

210 2392 268 2418 tur
281 2390 463 2420 nominibus
475 2393 627 2430 propriis,
642 2401 705 2422 non
718 2402 905 2431 cognomen.

253 2431 378 2461 Statius
400 2433 514 2463 Alqus
533 2434 743 2474 Oppianicus.
761 2434 894 2466 cluent.
907 2439 938 2467 4.

209 2471 359 2509 Larinas,
380 2485 476 2514 eques
492 2476 587 2506 Rom.
605 2487 624 2506 a
646 2476 801 2507 Cluentio
819 2478 939 2508 venefi-

209 2514 252 2544 cii
267 2522 438 2547 accusatus
454 2522 488 2548 et
503 2519 753 2550 condemnatus.
780 2519 938 2559 Ejusdem

209 2557 355 2588 vitricus.
373 2559 435 2589 vid.
450 2560 484 2589 iu
502 2559 711 2599 Oppianicus.

250 2600 442 2638 Albianum,
453 2602 630 2642 Judicium,
647 2603 734 2634 Caec.
754 2606 802 2635 10.
816 2604 938 2636 dicitur

209 2639 251 2672 ab
264 2641 326 2672 hoc
338 2643 446 2674 Albio.

249 2684 377 2719 Albius,
392 2686 544 2722 Sabinus,
559 2687 630 2718 Atr.
646 2688 714 2717 xiii.
734 2690 781 2719 14.

250 2724 301 2757 M.
325 2728 490 2765 Albutius,
513 2729 607 2761 Offic.
632 2730 665 2760 ii.
691 2732 740 2761 14.
766 2729 834 2761 Sed
852 2735 938 2763 recte

206 2768 362 2800 viderunt
374 2771 438 2800 viri
452 2771 547 2809 docti,
564 2772 737 2811 legendum
748 2787 756 2802 :
779 2773 820 2804 T.
835 2773 938 2805 Albu-

208 2810 291 2842 cius.
335 2812 429 2843 Nam
445 2814 567 2844 dieitur
573 2820 647 2855 post
655 2819 840 2853 praeturam
855 2815 938 2847 Sar-

209 2852 308 2884 dinz‘oe
319 2860 492 2886 accusatus
505 2867 570 2887 esse
590 2867 611 2887 a
623 2857 736 2890 Julio:
765 2858 852 2897 quod
867 2869 938 2889 ma-

206 2894 323 2935 nffeste
336 2898 372 2928 in
387 2897 425 2929 T.
438 2898 612 2930 Albucium
627 2901 784 2931 convenit.
828 2900 939 2932 Pear-

967 2603 1070 2643 fcwet
1095 2604 1131 2635 J.
1155 2603 1213 2634 Fr.

1656 93 1708 136 61

985 188 1054 218 cius
1068 193 1178 219 aulem
1194 188 1231 218 V.
1253 187 1316 219 Cel.
1336 188 1466 229 conjicit
1479 189 1522 218 ibi
1537 189 1711 227 legendum

985 239 1044 270 pro
1061 230 1167 260 Sardis
1184 231 1313 261 Mucius
1328 237 1362 261 et
1376 231 1505 261 Julius:
1529 233 1709 269 eleganter.

1031 272 1070 302 T.
1085 273 1249 307 Albutius,
1266 274 1359 304 Brut.
1375 274 1425 303 35.
1445 272 1584 303 Athenis
1602 275 1711 306 adole-

985 323 1077 344 scens
1105 315 1180 349 fuit,
1204 316 1366 355 perfectus
1390 315 1570 354 Epicureus
1594 318 1711 355 evasit,

985 361 1018 385 et
1034 365 1117 396 pene
1140 358 1273 387 Graecus
1288 357 1363 393 fuit,
1382 357 1549 387 orationes
1565 358 1710 398 reliquit.

986 398 1057 428 Fiu.
1073 399 1092 428 i.
1109 402 1139 429 3.
1157 399 1294 429 Athenis
1309 399 1429 429 Graecis
1445 399 1563 430 litteris
1577 411 1711 440 operam

985 440 1062 478 dat;
1086 441 1241 471 Scaevolae
1264 442 1297 471 in
1319 451 1395 471 eum
1411 442 1519 480 jocus,
1540 443 1634 473 Orat.
1657 446 1712 475 44.

985 482 1071 522 apud
1098 483 1262 513 Lucilium
1295 483 1543 523 reprehenditur
1570 486 1712 517 nimium

984 525 1131 555 studium
1147 526 1180 555 in
1196 526 1413 556 collocatione
1429 526 1614 557 vei-borum.
1630 528 1709 560 Div.

990 569 1036 600 19.
1081 568 1206 598 Praetor
1231 567 1399 599 Sardiniae.
1425 569 1459 598 in
1481 578 1557 599 eum
1582 580 1712 601 aecusa-

985 609 1111 639 tionem
1138 610 1276 650 suscipit
1303 610 1364 640 Cn.
1392 611 1564 650 Pompeius
1593 613 1714 643 Strabo

985 658 1139 689 quaestor,
1150 661 1256 691 neque
1270 652 1298 682 ei
1308 652 1524 693 permittitur.
1536 653 1570 682 in
1582 653 1644 684 Pis.
1659 658 1712 686 38.

985 694 1081 725 Offic.
1097 694 1131 726 ii.
1152 698 1199 725 14.
1215 696 1249 724 in
1265 695 1414 724 Sardinia
1432 695 1500 734 ipse
1514 696 1712 736 triumphat.

986 736 1080 766 Prov.
1105 740 1134 770 7.
1160 747 1177 767 e
1207 737 1356 767 Sardinia
1380 737 1587 777 triumphum
1613 739 1712 778 petit,

986 778 1040 817 qui
1055 779 1085 809 ei
1102 783 1252 818 negatur.
1292 780 1390 810 Brut.
1406 779 1458 811 ⁶26.
1473 780 1512 810 de
1528 790 1595 820 rep.
1614 791 1713 821 pecu-

986 820 1048 850 niis
1064 826 1236 852 accusatur
1250 832 1269 851 a
1282 821 1393 852 Mutio
1408 831 1542 861 augure.
1555 823 1656 854 Tusc.
1677 834 1711 855 v.

985 865 1036 896 37.
1059 863 1197 894 Athenis
1221 873 1314 903 aequo
1337 865 1448 894 animo
1469 864 1546 894 exul
1569 865 1714 905 philoso-

984 905 1119 944 phatur.
1165 906 1373 937 Memoratur
1387 906 1489 937 etiam
1504 906 1543 937 de
1560 908 1655 939 Orat.
1673 909 1710 940 ii.

984 950 1036 981 70.
1052 948 1089 977 it.
1106 948 1150 978 iii.
1164 951 1215 979 43.

1025 990 1165 1027 Alcceus,
1190 991 1229 1020 de
1255 991 1297 1020 N.
1325 991 1369 1021 D.
1396 991 1417 1021 i.
1443 992 1494 1024 27.
1518 991 1717 1026 Delectatur

985 1041 1078 1062 naevo
1092 1034 1125 1063 in
1140 1032 1281 1063 articulo
1297 1034 1398 1073 pueri.
1413 1033 1510 1064 Tusc.
1525 1034 1566 1064 iv.
1584 1038 1635 1066 33.
1653 1037 1716 1068 Vir

984 1075 1092 1111 fortis,
1106 1080 1220 1105 tamen
1236 1075 1275 1105 de
1289 1076 1454 1106 amoribus
1468 1076 1594 1108 scribit.

1026 1117 1229 1154 Alcamenes,
1245 1116 1284 1147 de
1296 1116 1340 1148 N.
1353 1118 1395 1148 D.
1411 1118 1434 1148 i.
1449 1121 1498 1148 30.
1513 1119 1714 1158 statuarius,

985 1161 1078 1197 eujus
1099 1159 1267 1190 Vulcanus
1289 1159 1428 1191 Athenis
1451 1161 1658 1193 laudabatur.
1681 1173 1713 1193 v.

987 1201 1062 1232 Val.
1083 1201 1133 1232 M.
1148 1202 1216 1232 viii.
1236 1204 1285 1232 11.
1307 1203 1390 1233 vixit
1409 1203 1538 1233 Plzidiae
1560 1206 1714 1244 tempori·

986 1245 1053 1274 bus.
1103 1243 1211 1283 Opera
1247 1243 1329 1285 ejus,
1358 1254 1428 1285 quoe
1454 1246 1548 1284 apud
1583 1246 1721 1278 Veteree

985 1291 1294 1323 commemorantur,
1327 1292 1500 1318 enumerat
1526 1287 1653 1320 Jum'us
1677 1291 1716 1320 ‘in

991 1329 1097 1359 Catal.
1123 1328 1249 1360 Pictor.
1267 1333 1297 1358 et
1309 1334 1454 1360 statuar.
1471 1331 1506 1360 in
1525 1332 1642 1370 quibus
1662 1332 1716 1362 in-

978 1372 1100 1410 primis
1124 1372 1238 1402 nobilis
1263 1371 1371 1402 Venus
1397 1372 1589 1403 Hortensis:
1619 1373 1717 1415 cujus

987 1414 1106 1444 mentio
1119 1423 1172 1453 op.
1190 1414 1332 1444 Lucian.
1346 1415 1382 1444 in
1397 1414 1534 1454 Imagg.
1552 1416 1626 1446 init.

1026 1456 1221 1493 Alcibiades,
1237 1457 1294 1487 Or.
1316 1457 1347 1487 ii.
1372 1459 1421 1488 2⁶2.
1437 1458 1559 1498 scripta
1577 1459 1645 1497 ejus
1660 1469 1716 1490 ex—

985 1498 1127 1529 titerunt
1151 1499 1318 1529 Ciceronis
1339 1500 1557 1540 temporibus,
1577 1500 1617 1531 de
1632 1501 1713 1534 Div.

985 1541 1018 1570 ii.
1033 1541 1085 1575 69.
1104 1542 1171 1581 ejus
1186 1542 1366 1578 somnium,
1380 1541 1478 1573 Tuse.
1498 1542 1546 1572 iii.
1568 1545 1619 1574 3⁶2.
1632 1544 1716 1576 flens

985 1583 1154 1615 Socratem
1176 1589 1284 1623 rogat,
1304 1592 1345 1614 ut
1372 1584 1433 1615 sibi
1458 1586 1619 1616 virtutem
1645 1590 1716 1618 tra-

986 1625 1052 1656 dat.

1026 1668 1230 1706 Alcidamas,
1250 1669 1347 1700 Tusc.
1369 1669 1389 1699 i.
1411 1671 1464 1700 48.
1480 1668 1608 1700 Rhetor
1627 1672 1716 1702 anti·

985 1720 1067 1749 quus
1096 1716 1131 1741 et
1159 1711 1291 1748 nobilis,
1325 1711 1455 1752 scripsit
1487 1711 1715 1745 laudationem

985 1754 1112 1784 mortis.
1156 1754 1327 1785 Bentleius
1348 1755 1486 1792 corrigit
1504 1754 1690 1787 Alcidamas
1703 1767 1714 1788 t

985 1796 1070 1834 quod
1088 1800 1174 1826 reete
1189 1798 1309 1836 probat
1330 1796 1509 1833 Bulterlus,
1532 1798 1578 1827 sic
1597 1799 1718 1829 rescri-

987 1837 1124 1869 bendum
1137 1840 1328 1870 existimans
1337 1840 1436 1869 etiam
1447 1848 1500 1878 ap.
1515 1838 1659 1879 Quintil.
1669 1841 1718 1872 iii.

990 1882 1015 1909 l.
1039 1882 1123 1911 adde
1143 1880 1300 1912 L'rsinnm
1313 1886 1344 1912 et
1361 1881 1476 1912 Dam's.
1499 1882 1546 1911 acl
1567 1882 1633 1914 Cic.
1650 1885 1671 1914 l.
1687 1894 1715 1915 c.

1026 1923 1202 1960 Alemoeon,
1214 1924 1311 1955 Tusc.
1324 1924 1369 1954 iii.
1386 1927 1416 1954 5.
1430 1923 1570 1954 furiosus
1585 1925 1635 1956 fit.
1666 1925 1718 1965 Is,

984 1967 1040 2004 qui
1051 1967 1273 2004 parricidium
1277 1966 1378 2007 fecit,
1394 1971 1432 1996 ut
1446 1972 1491 1996 est
1507 1966 1692 2006 infabul‘iS.

1026 2009 1202 2046 Alcmaeon,
1226 2009 1326 2040 Acad.
1351 2009 1384 2039 ii.
1416 2011 1462 2042 17.
1493 2009 1729 2042 Crotoniates.'

983 2049 1029 2080 N.
1055 2051 1099 2082 D.
1124 2052 1143 2081 i.
1168 2054 1214 2081 ll.
1237 2050 1486 2092 Pythagoricus,
1504 2051 1662 2083 sideribus
1681 2059 1717 2085 et

985 2093 1096 2122 animo
1112 2093 1322 2124 divinitatem
1338 2094 1464 2124 tribuit.
1481 2094 1520 2124 de
1534 2104 1568 2124 eo
1582 2099 1614 2125 et
1632 2095 1728 2126 ’.ς-ονξέ

977 2136 1047 2174 plis
1062 2134 1133 2174 ejus
1147 2137 1212 2166 vid.
1227 2136 1367 2175 Menag.
1384 2136 1430 2166 ad
1444 2135 1560 2167 Laert.
1576 2137 1644 2168 viii.
1663 2139 1733 2175 83.ι

1025 2178 1161 2208 Aledius
1175 2188 1199 2208 s.
1215 2179 1375 2215 Alledius,
1390 2178 1462 2209 Att.
1478 2179 1534 2209 xii.
1548 2181 1580 2210 4.
1597 2182 1648 2211 214.
1664 2181 1717 2214 27.

983 2220 1107 2251 amicus
1125 2221 1262 2251 Caesaris
1277 2226 1312 2252 et
1333 2221 1448 2252 Attici.
1493 2221 1562 2252 Alii
1577 2223 1731 2261 putant,

989 2262 1159 2300 Coesarem,
1184 2263 1378 2294 Tunstullus
1401 2262 1469 2303 Ep.
1494 2264 1539 2294 ad
1564 2264 1718 2296 Mdleto-

981 2314 1063 2335 num
1075 2316 1110 2346 p.
1133 2306 1202 2342 160,
1220 2306 1368 2337 Balbum
1390 2304 1551 2346 majorem
1567 2310 1648 2337 tecto
1661 2318 1718 2338 no-

982 2348 1070 2377 minc
1091 2350 1167 2385 (lici,
1182 2353 1221 2379 ut
1242 2359 1282 2378 cz·
1297 2347 1445 2384 Arredio,
1471 2349 1503 2379 Ιι.
1520 2359 1550 2379 e.
1574 2350 1631 2388 qui
1652 2359 1718 2380 nou

980 2387 1121 2431 διοιῤῥῆδην
1144 2392 1300 2430 loquitur,
1327 2391 1532 2421 balbutiendo
1546 2392 1600 2427 ,sit
1627 2391 1718 2422 Alle'-

981 2433 1066 2470 dius,
1081 2439 1119 2465 ul
1137 2443 1200 2473 pro
1216 2433 1323 2464 Hirro
1341 2433 1467 2464 Hillus.
1515 2431 1584 2464 Sed
1600 2443 1731 2471 nomen,

980 2477 1038 2506 hoc
1053 2476 1195 2506 occurrit
1209 2477 1309 2506 etiam
1324 2477 1413 2506 alibi.
1445 2474 1577 2514 Lipsius
1591 2476 1637 2506 ad
1651 2475 1718 2507 Ta-

980 2520 1034 2549 cit.
1051 2519 1090 2549 A.
1119 2519 1139 2549 i.
1158 2521 1206 2548 10.
1225 2519 1290 2557 legi
1304 2520 1376 2548 vult
1397 2517 1546 2555 Medius,
1561 2522 1593 2549 et
1611 2523 1733 2558 putat·

979 2571 1044 2591 esse
1061 2571 1148 2598 eum,
1165 2559 1260 2600 cujus
1279 2561 1323 2590 ibi
1343 2561 1481 2591 mentio.-
1506 2561 1560 2590 cui
1573 2562 1716 2600 opinioni

1251 2602 1451 2634 Gronovius.-
1481 2608 1516 2633 et
1540 2603 1587 2633 sic
1615 2603 1719 2635 habet

979 2647 1028 2677 ed.
1048 2646 1144 2676 Rom.
1160 2652 1194 2676 et
1211 2645 1247 2677 P.
1263 2645 1436 2676 Manutius
1449 2644 1564 2675 edidit.

1022 2689 1062 2720 L.
1086 2689 1220 2725 Alenus,
1242 2688 1289 2725 de,
1304 2688 1384 2718 Nat.
1408 2688 1451 2718 D.
1481 2687 1527 2718 iii.
1551 2689 1602 2718 30.
1624 2687 1723 2719 tabu-

977 2731 1026 2762 las
1048 2731 1195 2772 publicas
1220 2731 1440 2768 transscribit,
1464 2730 1723 2772 chirographum

979 2783 1035 2804 sex
1050 2773 1232 2813 primorum
1246 2773 1410 2803 imitatus.

1021 2817 1111 2851 Aleo,
1128 2815 1166 2845 de
1180 2815 1259 2845 Nat.
1279 2815 1321 2844 D.
1339 2815 1384 2845 iii.
1399 2816 1453 2846 21.
1469 2813 1557 2845 filius
1571 2814 1676 2846 Atrei.

1022 2858 1222 2893 Alerunder,
1239 2857 1280 2887 ad
1296 2857 1376 2888 Her.
1392 2857 1433 2886 iv.
1449 2859 1503 2888 30.
1527 2858 1582 2897 qui
1597 2862 1633 2889 et
1649 2856 1723 2889 Pa-

979 2902 1028 2932 ris
1042 2901 1176 2937 dicitur,
1193 2904 1307 2940 raptor
1322 2898 1469 2930 Helenae.
1726 2911 1732 2916 Δ
