1920 3196
729 108 842 137 mor:
849 110 875 137 X
906 108 1041 136 LATlN
1049 105 1203 136 lTATfS.

212 197 270 236 h,
293 200 333 229 ut
355 197 390 228 in
414 197 522 228 medio
547 207 645 228 cursu
669 207 709 227 ex
742 207 808 227 uno
833 198 867 227 in
899 196 945 226 al-

210 246 322 274 terum
340 251 373 272 se
397 242 549 280 trajicere
574 241 712 282 possint.
742 240 875 271 Μαι-011.
893 242 946 274 27.

212 286 269 324 qui
286 285 366 315 mihi
384 285 517 315 videtur
538 285 713 324 praetorius
738 284 946 314 Candidatus

210 329 246 358 in
264 328 486 365 consularem,
500 329 593 367 quasi
609 329 799 359 ‹lea-ultorum
816 329 848 358 in
867 337 946 366 qua-

212 370 383 411 drigarum
401 372 620 407 curriculum,
638 372 817 402 incurrere.
856 370 947 401 Grae-

212 416 284 445 vius
302 415 415 445 laudat
433 416 570 445 Sueton.
586 415 668 445 Ca¹s.
685 418 738 449 39.
756 420 790 445 ct
807 415 848 445 ibi
864 414 947 444 Tor-

211 464 299 489 rent.
333 459 374 489 cf.
400 458 537 489 Salmas.
561 459 602 489 ad
624 459 756 499 Vopisc.
783 459 894 489 cai-iv..
917 469 946 488 e.

216 503 266 536 19.
291 513 322 543 p.
341 505 415 534 845.
433 512 480 541 sq.

257 545 394 576 Desnm.
434 545 518 576 Phil.
551 546 584 576 ii.
615 547 667 580 99.
707 555 766 575 eur
800 544 830 574 ei
861 544 948 575 bello

211 595 349 629 propter
370 589 586 620 timiditatem
611 589 754 629 defuis-ii.
785 588 824 628 Q.
844 589 894 619 Fr.
914 590 947 619 ii.

213 634 244 663 6.
276 633 354 663 huic
377 634 527 663 convivio
550 634 590 673 Q.
607 632 710 663 frater
732 633 846 672 deluit.
877 632 946 662 Att.

213 676 254 706 iv,
276 679 323 706 11.
357 686 422 707 non
448 686 574 714 vereor,
592 687 632 706 ne
658 676 738 706 mihi
765 684 871 706 serino
895 677 948 706 dc·

211 721 252 750 sit
269 721 324 751 abs
339 726 385 757 te,
402 730 466 759 quo
484 730 685 760 magnopere
701 719 858 750 delector.
889 722 947 750 (ir.

212 763 258 793 iii.
277 766 307 794 4.
335 774 396 794 nce
420 765 454 793 in
472 764 618 794 Antonio
642 765 758 793 ‹lwsset
782 763 835 792 hic
851 773 948 793 orna-

211 812 267 837 tus
285 808 344 839 810.
373 808 413 848 Q.
432 808 482 838 Fr.
500 808 532 837 ii.
549 810 580 838 4.
612 817 646 837 se
664 807 711 837 illi
736 816 801 836 non
819 807 948 847 dqtietu-

212 861 286 881 rum
306 852 500 881 affirmavit:
526 851 558 881 h.
577 861 605 880 e.
629 861 662 881 sc
680 861 757 880 cum
774 856 948 881 accusatu·

214 904 302 931 rum,
322 905 380 934 per
398 896 539 925 ironiam
558 899 745 924 venustam.

259 938 449 977 neem-gere.
480 939 549 968 Att.
575 939 639 968 xiv.
671 942 718 968 ’.0.
751 937 809 967 sed
841 939 948 978 primo

215 991 303 1011 anno
328 990 431 1012 Lxxx.
458 983 665 1011 detersivum:
699 982 719 1011 i.
744 991 772 1011 e.
799 982 948 1021 cepimus

214 1036 253 1055 cx
269 1029 339 1055 tota
354 1036 487 1055 Summa
503 1026 674 1065 octoginta
690 1025 854 1055 sestertia.

259 1069 460 1099 Defermiuo.
489 1069 582 1099 Orat.
600 1069 644 1099 iii.
661 1071 714 1098 44.
745 1068 833 1107 quod
854 1068 948 1106 dicit,

212 1113 332 1152 spiritu
357 1123 422 1143 non
446 1117 516 1143 arte
540 1113 754 1142 determinas:
781 1112 801 1141 i.
825 1122 852 1142 e.
878 1122 949 1142 ora-

212 1157 340 1185 tionem
368 1157 402 1186 in
429 1156 681 1196 pronunciando
709 1165 775 1185 non
808 1165 846 1185 co
876 1155 948 1185 loco

214 1200 344 1236 incidit,
366 1201 419 1230 ubi
446 1201 517 1239 ipsa
539 1200 708 1230 sententia
733 1199 867 1236 desinit,
891 1199 949 1229 sed

212 1243 269 1273 ubi
286 1244 435 1283 spiritus,
453 1244 600 1283 adeoque
622 1253 709 1283 saepe
732 1243 841 1273 alieno
866 1242 948 1273 loco.

214 1286 290 1318 Div.
308 1288 328 1316 i.
354 1290 402 1318 12.
432 1288 546 1317 omnia
569 1288 636 1317 fixa
656 1292 735 1317 tuus
760 1286 947 1325 glomerans

212 1331 409 1361 determinat
425 1341 551 1361 annus:
577 1331 610 1360 h.
628 1341 656 1360 e.
674 1330 744 1360 haec
761 1331 875 1360 omnia
898 1340 948 1360 ra-

211 1379 250 1404 ta
265 1375 344 1404 facit
362 1378 531 1404 extremus
548 1384 656 1404 annus
670 1378 761 1404 tuus.

257 1418 449 1456 Deterrere,
467 1418 668 1456 dissuadere,
681 1417 859 1448 dehortari.
876 1417 948 1448 Att.

214 1461 257 1491 xi.
276 1465 306 1492 8.
339 1472 445 1501 neque
468 1467 503 1491 te
520 1463 674 1499 deterreo,
692 1472 756 1500 quo
780 1461 891 1491 minus
915 1461 949 1491 id

213 1505 376 1544 disputes,
401 1506 589 1545 scribasque
621 1505 662 1535 ad
687 1515 739 1535 me
763 1515 863 1544 quam
888 1515 948 1535 sae-

215 1549 361 1588 pissime.
410 1550 452 1579 Et
479 1550 525 1579 sic
556 1549 628 1579 aliis
659 1549 750 1579 locis.
789 1559 819 1578 v.
843 1549 948 1579 etiam

212 1591 404 1622 Broukhus.
423 1593 463 1623 ad
477 1593 550 1624 Tib.
568 1594 589 1622 i.
607 1595 637 1623 3.
658 1596 706 1623 13.

258 1635 512 1675 Doto-minatio,
529 1637 617 1667 finis.
651 1636 723 1667 Inv.
744 1636 765 1665 i.
785 1637 836 1667 52.
867 1635 948 1666 Nat.

214 1679 256 1710 D.
274 1681 308 1710 ii.
323 1683 375 1711 40.

259 1723 440 1760 Detestari‚
457 1722 639 1762 deprecari,
657 1733 676 1752 a
700 1732 733 1752 sc
750 1726 810 1752 aut
827 1723 867 1752 ab
883 1722 949 1752 alio

215 1775 381 1797 remotum
399 1777 534 1807 cupere,
547 1767 767 1807 deprecando,
781 1766 948 1805 negando,

214 1816 275 1841 aut
291 1811 355 1841 alia
379 1811 520 1841 ratione.
553 1811 652 1841 Catil.
668 1811 689 1840 i.
710 1813 758 1840 ll.
791 1815 829 1840 ut
848 1820 947 1850 prope

209 1854 337 1893 justam
354 1855 470 1895 patriae
492 1855 735 1893 querimoniam
760 1864 779 1883 a
795 1864 848 1883 me
865 1854 949 1883 dete-

212 1902 279 1928 ster
301 1909 339 1928 ac
359 1898 532 1938 deprecer.
561 1898 631 1928 Att.
657 1899 699 1928 ix.
727 1901 775 1928 10.
807 1907 885 1927 cum
909 1902 948 1927 tu

213 1941 255 1971 ad
272 1952 324 1971 me
341 1942 491 1981 quaedam
510 1941 692 1984 ymnos-regan
704 1941 901 1981 scripsisses,
914 1947 949 1971 et

214 1995 276 2025 ego
300 1986 384 2016 mihi
407 1996 426 2015 a
448 1993 483 2015 te
507 1985 658 2024 quaedam
683 1985 864 2024 significari
888 1995 949 2025 pu-

213 2033 352 2067 tassem,
381 2033 419 2059 ut
446 2029 545 2059 Italia
571 2029 744 2066 cederem3
779 2028 950 2059 detestaris

214 2071 277 2102 hoc
295 2073 491 2112 diligenter:
520 2073 540 2102 i.
554 2082 582 2101 e.
599 2080 763 2102 remotam
781 2076 844 2102 ate
861 2072 948 2102 hanc

214 2116 407 2155 opinionem
425 2117 485 2153 vis,
504 2125 604 2154 negas
628 2121 662 2145 te
684 2116 717 2146 id
732 2116 948 2155 significasse.

210 2160 233 2178 θ’
244 2160 320 2190 hine
338 2161 371 2190 in
388 2159 483 2189 malis
500 2160 656 2199 auspiciis
669 2163 703 2189 ct
717 2160 883 2190 ominibus
899 2159 949 2189 di-

213 2204 314 2241 citur,
332 2214 409 2233 cum
425 2213 465 2233 ea
479 2203 634 2241 dicimus,
648 2204 766 2242 quibus
784 2204 873 2234 mala
888 2204 950 2233 im-

213 2247 398 2288 pendentia
419 2247 523 2277 averti
548 2257 642 2286 posse
669 2247 810 2277 credunt
835 2257 949 2287 super-

212 2291 334 2321 stitiosi
360 2291 531 2322 homines:
563 2290 602 2320 de
626 2301 691 2329 quo
716 2291 780 2321 vid.
807 2291 948 2321 Casaub.

215 2335 256 2365 ad
271 2334 441 2375 Theophr.
460 2345 488 2364 c.
509 2335 557 2364 16.
588 2334 701 2364 Vatin.
723 2335 770 2365 16.
800 2335 826 2364 si
842 2335 951 2364 vitant

214 2382 261 2415 te,
277 2378 428 2418 fugiunt,
445 2378 558 2408 audire
574 2382 609 2408 te
630 2378 767 2408 nolunt:
801 2389 879 2408 eum
903 2379 950 2408 vi-

216 2421 351 2460 derunt,
381 2427 555 2461 tamquam
595 2422 781 2461 auspicium
820 2422 949 2452 malum

213 2466 430 2496 detestantur.
468 2466 556 2496 unde
583 2465 664 2495 illud
691 2465 816 2495 dieitur
838 2466 872 2495 in
897 2466 950 2495 Pi-

214 2519 286 2539 sonr.
310 2513 362 2540 40.
394 2519 510 2539 ornnes
534 2509 730 2539 memoriam
754 2509 949 2540 consulatus

215 2553 280 2590 tui,
307 2552 409 2590 facta,
438 2563 558 2590 moreS,
584 2553 705 2583 faciem
738 2553 881 2592 denique
912 2563 950 2583 ac

213 2606 330 2626 vocem
348 2606 367 2626 a
383 2597 553 2637 republica
568 2598 788 2627 detestantur.-
805 2606 852 2626 sc.
864 2601 951 2626 tam-

215 2650 315 2680 quam
335 2639 461 2670 malum
478 2641 665 2680 auspicium
682 2646 716 2670 et
733 2650 844 2670 omen.
869 2640 952 2670 *Ce-

210 2690 326 2714 terum
352 2685 507 2722 quoniam
534 2684 590 2713 illa
614 2684 792 2714 detestatio
813 2685 951 2724 auspicii

214 2731 249 2757 et
265 2727 386 2757 ominis
405 2728 443 2757 fit
459 2727 628 2758 avertendi
651 2727 729 2757 mali
747 2738 860 2765 causa,
877 2738 952 2768 pro-

215 2776 332 2811 pterea
362 2770 485 2801 dieitur
515 2781 574 2812 pro
611 2775 772 2809 avertere,
804 2771 952 2811 adeoque

212 2816 318 2845 etiam
336 2814 375 2845 de
393 2815 455 2845 diis
487 2815 578 2854 ipsis,
594 2824 671 2844 cum
690 2815 732 2844 sit
747 2817 878 2855 proprie
895 2815 954 2844 ho-

214 2859 358 2889 minum.
393 2858 476 2889 Phil.
502 2859 543 2888 iv.
568 2861 598 2888 4.
630 2858 677 2888 O!
711 2858 754 2888 dii
781 2859 954 2889 immorta-

214 2901 275 2940 les,
301 2902 438 2932 avertite
467 2905 501 2932 et
524 2902 735 2936 detestamini
752 2912 864 2942 quaeso
892 2902 954 2933 hoc

1643 94 1725 144 2167

1165 165 1178 180 Ο

989 206 1102 227 omen.

1034 240 1227 276 Detestatio,
1237 237 1396 278 expiatio,
1405 236 1608 277 deprecatio.
1624 238 1727 268 Dom.

991 286 1043 315 55.
1069 293 1146 313 cum
1172 292 1230 322 pro
1246 282 1450 312 detestatione
1472 284 1524 310 tot
1546 280 1727 319 scelerum,

990 337 1092 357 unam
1111 336 1202 356 arani
1220 325 1346 355 nefarie
1359 328 1580 355 consecrarat.

1033 371 1194 402 Deo-aha.
1228 368 1330 399 Tusc.
1356 369 1398 399 iv.
1426 371 1478 398 31.
1516 367 1590 398 haec
1616 367 1726 398 detra-

989 414 1096 444 henda
1112 413 1224 454 opinio
1240 416 1307 442 est:
1337 411 1514 442 eximenda
1537 421 1577 441 ex
1601 413 1725 442 animo.

990 458 1084 488 Prov.
1103 458 1202 487 Cous.
1225 459 1251 486 l.
1283 457 1339 495 qui
1358 466 1397 485 ex
1423 455 1599 496 provinciis
1615 456 1727 486 detra-

990 503 1087 532 Ιιεηᾱὲ
1103 502 1180 531 sint.
1206 503 1236 531 8.
1252 500 1466 530 detrahebam
1481 499 1577 528 illum
1595 509 1633 528 ex
1649 499 1728 528 Gal-

990 544 1052 575 lia:
1078 546 1112 575 h.
1130 555 1159 574 e.
1177 544 1370 580 censebant,
1387 544 1416 573 ei
1433 552 1657 572 successorem
1676 543 1729 572 vel

990 588 1095 619 invito
1119 588 1286 618 dandum:
1314 587 1438 617 dicitur
1461 587 1493 615 in
1512 586 1633 616 malam
1652 596 1727 626 par-

989 637 1072 662 tem.
1104 632 1216 662 Plane.
1233 635 1264 661 4.
1289 635 1339 660 cst
1362 631 1434 660 haer
1458 629 1605 659 conditio
1628 630 1729 669 hujus

990 677 1151 716 principis
1189 675 1444 715 populi—poss(-
1479 674 1645 712 suffragiis
1678 674 1730 704 vel

991 720 1083 757 dare,
1113 718 1164 749 vel
1202 719 1387 755 detrahere,
1425 717 1512 757 quod
1549 717 1629 747 velit
1658 718 1730 748 cui·

991 774 1066 803 que.

1035 807 1240 845 Betorqzsere
1255 804 1466 845 particulam.
1489 803 1590 834 Tusc.
1606 814 1636 834 V.
1655 806 1708 835 ΞΟ.

1035 851 1196 886 Deo-21:1⁷0,
1213 850 1340 879 differo.
1366 849 1434 878 Aa.
1453 849 1494 877 iv.
1515 851 1564 882 17.
1591 848 1730 878 comitia

991 894 1024 923 in
1050 893 1230 923 adventum
1256 892 1396 931 alicujus
1412 892 1595 922 detrudere.
1627 891 1670 922 es.
1686 892 1728 932 Q.

991 937 1043 967 Fr.
1059 938 1091 967 ii.
1113 941 1162 968 13.
1192 937 1211 954 ²⁸⁶
1224 936 1353 975 ableg-o,
1377 936 1531 966 amando.
1561 936 1618 965 Or.
1636 936 1656 965 i.
1673 938 1728 966 28.

991 982 1047 1019 qui
1073 991 1140 1011 non
1163 980 1409 1020 potest—hunc
1434 979 1475 1009 ad
1499 979 1543 1015 id,
1568 979 1657 1018 quod
1679 979 1728 1009 fa-

991 1035 1065 1054 eere
1091 1025 1206 1064 possit,
1231 1024 1470 1054 detrudendum
1503 1028 1597 1062 puto.
1626 1023 1730 1052 ²“ver-

990 1068 1070 1098 bum
1089 1068 1282 1108 praetorium
1302 1068 1335 1097 in
1354 1067 1548 1103 interdicto,
1565 1066 1617 1096 cui
1636 1074 1728 1106 post-

991 1122 1031 1141 ea
1059 1112 1284 1142 substitutum
1317 1111 1470 1149 dejicere.
1519 1110 1645 1140 Caecin.
1678 1113 1726 1144 17.

991 1156 1159 1195 poterisne
1188 1155 1311 1192 dicere,
1340 1155 1508 1194 dejectum
1536 1164 1606 1184 esse
1634 1163 1726 1191 eum,

991 1200 1046 1237 qui
1072 1203 1183 1229 taetus
1207 1208 1274 1229 non
1298 1199 1383 1228 erit?
1417 1198 1528 1238 Quid?
1558 1198 1728 1228 detrusum

991 1243 1102 1272 dices?
1138 1252 1215 1272 nam
1241 1243 1302 1272 hoc
1326 1243 1423 1272 verbo
1447 1245 1547 1271 antea
1568 1246 1727 1281 praetores

990 1287 1026 1316 in
1057 1286 1120 1316 hoe
1148 1286 1327 1316 interdicto
1351 1287 1401 1316 uti
1425 1285 1729 1316 solebant—nemi-

991 1340 1068 1360 nem
1091 1335 1182 1360 statu
1206 1331 1388 1367 detrusum,
1406 1330 1462 1368 qui
1488 1339 1555 1359 non
1580 1329 1729 1360 adhibita

990 1375 1021 1404 vi
1037 1383 1141 1404 manu
1156 1374 1310 1404 demotus
1332 1378 1365 1403 et
1388 1378 1483 1403 actus
1506 1383 1653 1413 praeeeps
1676 1374 1728 1403 in-

989 1417 1174 1457 telligatur.

1034 1461 1211 1499 Decembre,
1237 1470 1296 1502 pro
1326 1461 1437 1491 venire
1462 1471 1539 1501 quo.
1575 1460 1669 1490 Verr.
1694 1471 1724 1490 v.

990 1507 1043 1536 48.
1067 1516 1096 1535 V.
1114 1510 1184 1535 not.

1034 1548 1225 1579 Deversari.
1256 1548 1351 1580 Verr.
1382 1548 1403 1577 i.
1434 1550 1487 1579 95.
1518 1547 1727 1578 Rubrium-

989 1603 1109 1632 parum
1133 1592 1224 1623 laute
1247 1593 1412 1623 deversari
1434 1592 1532 1622 dicit:
1565 1601 1602 1621 er
1623 1592 1728 1632 logire

990 1647 1033 1666 zu
1049 1636 1208 1666 schlecht.

1034 1679 1211 1717 Der-error,
1239 1679 1295 1718 qui
1323 1680 1357 1709 in
1388 1688 1541 1719 caupona
1571 1683 1631 1709 aut
1662 1679 1726 1710 alio

991 1734 1055 1762 qno
1072 1724 1144 1753 loz-o
1161 1725 1362 1754 deversatur.
1395 1722 1466 1752 Inv,
1490 1723 1524 1753 ii.
1543 1726 1574 1753 4.
1604 1733 1724 1763 caupo,

991 1779 1068 1797 cnm
1087 1768 1284 1807 quibusdam
1301 1767 1519 1797 deversoribus
1541 1766 1650 1805 illum,
1668 1769 1724 1807 qui

991 1815 1068 1841 ante
1085 1812 1222 1849 exierat,
1241 1811 1466 1850 consequitur.

1034 1855 1224 1886 Derai-tere.
1262 1855 1356 1885 Verr.
1389 1855 1410 1885 i.
1442 1854 1472 1885 6.
1503 1854 1545 1884 ad
1578 1853 1726 1895 hospites

991 1909 1082 1929 meos
1099 1910 1137 1929 ac
1155 1899 1355 1929 necessarios
1372 1899 1494 1928 deverli
1510 1899 1633 1938 potius.
1672 1899 1727 1929 Sic

989 1948 1173 1982 utrumque
1212 1943 1349 1972 verbum
1381 1952 1398 1971 e
1431 1942 1525 1972 MSS.
1557 1942 1725 1973 scribitur.

991 1987 1081 2017 Male
1098 1986 1199 2025 vulgo
1223 1986 1392 2022 diversari,
1410 1986 1595 2022 diverti‚·ut
1618 1986 1726 2016 diver-

992 2030 1117 2060 sorium
1135 2040 1193 2070 pro
1207 2030 1443 2060 deversorium.
1460 2039 1490 2059 v,
1508 2029 1666 2059 Heinsius
1683 2029 1725 2060 ad

992 2074 1087 2104 Ovid.
1104 2073 1219 2104 Amor.
1242 2075 1274 2104 ii.
1293 2074 1322 2104 6.
1338 2078 1369 2106 9.
1400 2079 1434 2103 et
1458 2077 1620 2113 praeterea
1643 2082 1725 2113 quos

991 2117 1107 2147 laudat
1128 2118 1245 2148 Burni.
1270 2117 1311 2147 ad
1335 2117 1469 2147 Petron.
1498 2121 1547 2149 10.
1578 2117 1655 2147 Scil.
1673 2118 1727 2147 de-

991 2163 1075 2192 verti
1100 2165 1151 2191 est
1175 2161 1285 2200 aliquo
1309 2170 1342 2190 se
1366 2165 1574 2198 convertere,
1598 2161 1632 2191 in
1662 2171 1727 2201 quo

990 2209 1106 2235 tamen
1124 2205 1226 2235 etiam
1244 2205 1422 2244 respicitur
1444 2204 1486 2234 ad
1502 2204 1614 2235 locum
1637 2205 1728 2235 unde

992 2249 1139 2278 veneris:
1172 2249 1230 2279 sed
1252 2249 1371 2278 diverti
1390 2249 1514 2278 dicitur
1529 2248 1568 2278 de
1585 2248 1728 2289 duobus,

992 2293 1047 2331 qui
1064 2293 1225 2322 diversam
1247 2293 1333 2322 viani
1358 2293 1556 2329 instituunt,
1572 2292 1663 2322 unde
1679 2293 1728 2332 ip-

992 2346 1066 2366 sum
1084 2336 1251 2366 diversum
1268 2340 1330 2373 est,
1348 2341 1381 2366 et
1405 2336 1488 2366 illud
1503 2336 1624 2367 diversi
1639 2337 1729 2367 abie-

992 2390 1040 2417 re,
1057 2379 1235 2410 divortium
1253 2380 1312 2409 ἃς.

1037 2424 1206 2461 Ιὶευὶηοὶο,
1222 2424 1262 2454 de
1288 2423 1442 2463 periodis.
1465 2423 1562 2453 Brut.
1578 2427 1632 2458 37.
1655 2433 1729 2454 ver-

991 2466 1035 2497 ba
1061 2468 1358 2507 comprehensione
1384 2468 1559 2497 devincire.
1589 2467 1647 2498 Or.
1672 2470 1726 2499 25.

993 2520 1055 2540 nec
1080 2511 1259 2541 acervatim
1285 2510 1395 2540 multa
1418 2511 1635 2550 frequentans
1660 2521 1729 2543 nna

993 2554 1223 2594 complexione
1235 2555 1401 2585 devinciet.
1415 2566 1444 2584 v.
1457 2555 1603 2585 vincire.
1621 2557 1640 2576 ²*
1652 2555 1730 2585 Ele·

994 2604 1114 2634 ganter
1136 2598 1198 2628 hoc
1222 2599 1359 2628 verbum
1378 2599 1507 2629 dictum
1525 2606 1575 2628 est
1592 2599 1627 2628 in
1643 2599 1726 2629 hoe:

994 2641 1064 2671 Fat.
1089 2646 1119 2675 9.
1151 2643 1207 2681 qui
1230 2642 1453 2672 introducunt
1476 2652 1653 2672 causarum
1678 2653 1730 2673 se-

994 2685 1079 2715 riem
1097 2687 1353 2726 sempiternam,
1367 2687 1388 2716 ii
1403 2690 1552 2716 mentem
1569 2686 1730 2725 hominis,

994 2728 1166 2760 voluntate
1190 2729 1294 2761 libera
1316 2729 1508 2770 spoliatam,
1530 2731 1728 2761 necessitate

994 2772 1053 2802 fati
1078 2773 1273 2804 devinciunt.
1297 2773 1473 2804 *retinere
1497 2774 1532 2803 in
1548 2774 1729 2812 audiendo,

995 2821 1165 2848 attentum
1191 2817 1340 2848 reddere.
1373 2816 1468 2847 Brut.
1487 2820 1538 2848 80.
1556 2818 1621 2847 duo
1636 2827 1728 2848 sum·

996 2869 1049 2889 me
1073 2861 1199 2898 tenuit,
1214 2866 1254 2891 ut
1277 2868 1312 2891 et
1328 2871 1399 2891 rem
1425 2861 1608 2891 illustraret
1625 2862 1727 2892 disse-

996 2903 1114 2944 rendo,
1131 2913 1166 2936 et
1189 2905 1318 2936 animos
1340 2915 1472 2943 eorum,
1488 2906 1544 2944 qui
1561 2905 1728 2944 audirent,
