1920 3196
258 117 344 158 284

260 215 463 254 conjunctus
500 218 567 253 est,
603 213 694 254 quod
729 211 814 245 mihi
851 218 1000 255 quoestor

261 258 340 290 suit.

306 302 473 340 Ebuffirc,
503 301 634 341 jactare
671 299 797 340 aliquid
831 310 998 334 sermone.

260 345 362 377 Tusc.
387 346 435 376 iii.
457 349 507 376 18.
530 346 557 375 si
576 345 716 375 virtutes
733 346 868 376 ebullire
882 346 999 378 volent

260 393 299 420 et
314 390 507 430 sapientias,
524 388 609 419 nihil
625 388 716 418 aliud
732 388 857 420 dicent.
874 389 947 421 Fiu.
962 398 995 421 v.

260 433 316 467 27.
348 433 471 464 dixerit
489 433 552 464 hoc
576 432 754 472 EpicuruS,
772 443 906 474 semper
920 433 997 464 bea-

260 481 337 508 tum
361 486 434 508 esse
451 477 662 517 sapientem3
688 476 777 516 quod
792 476 928 516 quidem
945 488 997 508 so-

261 519 311 551 let
318 521 453 551 ebullire
469 529 724 559 nonnunquam.
750 521 907 552 Davisius
922 520 994 552 lau-

260 563 320 595 dat
335 564 484 595 Turneb.
500 563 583 594 Adv.
601 573 674 594 xxv,
695 567 743 595 14.

306 607 407 646 Ecce,
425 618 502 639 cum
518 607 729 647 simpliciter,
741 611 817 638 tum
833 607 995 648 adjuncto

258 651 336 689 tibi,
352 652 476 682 dieitur
499 652 539 682 de
563 662 597 682 re
620 651 801 691 improvisa
822 655 859 682 et
872 653 994 684 subita.

260 695 330 726 vid.
354 706 384 725 v.
407 706 437 726 c.
459 696 531 726 Att.
554 696 611 725 vii.
641 699 687 729 19.
712 695 781 725 xiii.
810 696 858 726 16.
889 707 942 727 xv.
964 700 996 728 4.

264 739 402 770 cluent.
431 742 485 771 28.
516 740 610 770 Prov.
636 739 737 769 Cons.
759 742 808 771 18.
837 738 933 771 Verr.
966 751 998 772 v.

261 786 316 814 33.
343 784 400 813 Or.
416 783 450 813 ii.
463 785 516 815 22.
534 783 594 814 &c.
618 783 778 824 adjuncto
794 788 933 824 repente
945 790 997 815 est

260 826 357 858 Verr.
376 837 406 857 v.
420 829 472 858 34.

305 871 460 902 Ecdieus.
484 870 526 901 ad
541 870 618 901 Div.
635 871 704 901 xiii.
720 871 773 902 56.
788 870 904 902 Εσιίἰοι
920 872 994 913 My-

259 913 347 946 iasii.
377 915 522 946 Ecdicus
547 915 637 944 idem
663 922 716 945 est
739 915 795 954 qui
820 916 995 956 Syndicus,

260 958 296 990 h.
320 969 350 989 e.
374 960 432 998 qui
457 960 630 989 civitatem
654 958 817 997 defendit,
841 961 996 999 cognitor

261 1003 421 1040 civitatis,
443 1008 483 1033 ut
506 1003 623 1033 Cicero
646 1013 704 1043 pro
728 1003 847 1034 Flacco
870 1005 930 1041 ait,
951 1005 994 1046 (v.

261 1047 298 1078 in
326 1045 506 1085 cognitor,)
535 1047 686 1086 inprimis
710 1051 825 1078 autem
849 1049 994 1079 civitatis

256 1091 421 1133 pecunias
447 1097 543 1120 curat
566 1097 600 1121 et
623 1092 844 1131 persequitur.
869 1092 994 1123 Glossae

262 1140 411 1165 veteres:
442 1132 566 1171 ἔκδικος,
591 1136 755 1175 cognitor.
792 1147 823 1166 v.
850 1135 993 1168 Gronov.

259 1178 303 1209 de
330 1178 414 1208 Sest.
430 1179 472 1208 iv.
488 1186 518 1210 ὅ.
550 1190 581 1219 p.
604 1181 679 1213 277.
707 1189 807 1218 quem
829 1181 896 1219 jam
922 1180 994 1211 lau-

261 1223 355 1254 davit
381 1222 542 1252 Graevius.
576 1223 760 1253 dustiniani
785 1224 915 1255 Novell.
945 1228 993 1256 15.

261 1266 458 1297 inscribitur
487 1267 543 1297 Gr.
567 1266 637 1309 weg)
653 1266 708 1296 τᾶἷν
722 1265 847 1298 ἔκδικῦν.
872 1269 912 1298 de
939 1269 994 1298 de-

260 1310 448 1343 fensoribus
461 1311 605 1341 civitatis
618 1312 730 1340 titulos
744 1326 760 1341 e
774 1312 854 1342 Cod.
866 1312 993 1343 sustin.

259 1358 296 1385 et
318 1354 483 1386 Theodos.
504 1355 645 1386 laudant
659 1355 729 1386 Viri
744 1355 834 1386 docti
849 1356 891 1386 ad
908 1357 992 1387 Plin.

261 1398 324 1439 Ep.
341 1409 371 1428 x.
392 1401 462 1428 111.

305 1443 520 1481 Eelogarim.
549 1442 622 1473 Att.
652 1443 717 1473 xvi.
750 1445 780 1475 2.
812 1447 864 1474 est
887 1453 992 1483 genus

260 1496 447 1523 servorun),
465 1496 530 1525 quo
546 1487 580 1515 in
597 1487 716 1517 studiis
732 1488 929 1525 utebantur,
945 1487 994 1518 di-

262 1531 310 1560 cti
334 1529 395 1560 ἀπὸ
426 1529 481 1560 τῶν
511 1530 654 1569 ἐκλογῦν,
678 1531 711 1562 h.
735 1541 763 1561 e.
788 1541 806 1561 a
838 1532 918 1562 locis
942 1533 992 1562 in-

262 1575 428 1614 signibus,
442 1584 523 1613 quos
540 1584 557 1603 e
574 1575 665 1604 libris
683 1576 918 1615 excerpebant,
934 1580 992 1606 aut

262 1618 442 1650 notabant:
469 1618 550 1655 sive,
568 1623 608 1648 ut
621 1618 653 1648 J.
670 1618 720 1649 Fr.
738 1619 904 1650 Gronovio
922 1620 992 1659 pla-

263 1663 373 1699 cebat,
385 1663 441 1701 qui
455 1661 706 1701 distinguebant
722 1663 822 1693 libros
839 1668 874 1693 et
889 1663 992 1694 inter-

261 1706 473 1747 pungebant‚
487 1710 521 1736 et
538 1707 674 1736 nomina
690 1707 991 1747 interloquentium

262 1751 300 1782 in
316 1749 455 1788 dialogis
470 1750 602 1780 rubrica
617 1751 708 1791 picta
718 1752 992 1791 interponebant,

261 1798 302 1825 ut
317 1804 354 1824 eo
371 1793 500 1823 facilius
516 1793 661 1834 intelligi
677 1794 751 1825 libri
766 1798 912 1835 possent.

308 1838 458 1877 Ecqnae,
475 1848 534 1877 pro
550 1848 666 1878 ecqua.
696 1839 786 1869 Sext.
803 1842 856 1871 30.
886 1848 993 1879 ecquoe

261 1890 337 1912 vox.
367 1882 436 1912 Att.
454 1882 520 1912 viii.
541 1883 590 1913 12.
620 1893 724 1923 ccquae
740 1892 892 1923 persona.

307 1925 468 1963 Eculeus,
485 1926 653 1964 machina,
666 1936 732 1966 qua
747 1927 781 1957 in
799 1927 994 1966 quaestioni-

260 1970 324 2001 bus
352 1970 549 2007 utebantur,
576 1970 616 2000 ad
647 1980 764 2001 verum
793 1975 993 2010 extorquen-

263 2013 364 2044 dum:
391 2013 431 2043 de
447 2024 512 2052 qua
527 2018 578 2044 est
594 2013 700 2053 Megii
717 2014 835 2045 doctus
851 2014 993 2045 libellus.

261 2058 396 2090 Nomen
417 2059 520 2088 traxit
535 2068 554 2087 a
569 2058 790 2090 similitudine
806 2059 893 2099 equi.
917 2058 992 2090 Mil.

261 2104 316 2134 22.
338 2102 451 2132 Deiot.
474 2105 499 2132 l.
516 2106 602 2132 extr.

308 2145 464 2183 Ediccre,
482 2145 605 2176 (licitur
620 2145 815 2185 frequenter
831 2146 870 2176 de
888 2146 994 2186 magi-

261 2190 437 2227 stratibus,
455 2200 532 2219 cum
553 2189 681 2228 aliquid
696 2194 755 2220 aut
770 2190 893 2230 scripto
911 2191 995 2230 pub·

262 2233 326 2264 lice
344 2234 528 2273 proposito,
545 2240 603 2263 aut
618 2244 698 2264 voce
708 2235 832 2272 jubent
844 2240 903 2264 aut
916 2244 995 2265 con-

263 2278 426 2315 stituunt,
444 2278 683 2317 pronunciant,
700 2279 735 2308 in
751 2288 790 2308 eo
806 2288 941 2317 genere,
959 2278 994 2308 in

263 2331 330 2360 quo
354 2324 557 2361 potestatem
579 2321 718 2352 habent.
749 2322 790 2362 Ω.
808 2322 859 2352 Fr.
876 2323 898 2352 i.
918 2326 944 2352 1.
967 2332 995 2353 c.

263 2369 296 2399 9.
319 2370 496 2405 praetorem
512 2365 646 2404 edicere,
659 2375 700 2396 ne
718 2366 778 2396 fiat
793 2366 919 2405 aliquid
935 2367 994 2396 &m

261 2407 335 2440 Att.
358 2409 414 2439 xii.
429 2413 460 2443 7.
489 2409 656 2440 Antonius
679 2410 780 2441 edixit
803 2410 863 2447 ita,
880 2418 920 2440 ut
941 2420 994 2440 me

262 2457 299 2483 et
313 2453 456 2484 Laeliuni
473 2454 652 2493 exciperet.
675 2454 750 2484 Vat.
771 2456 819 2484 14.
842 2455 995 2484 edii-erif-

261 2506 305 2527 nc
330 2501 552 2537 praetor,——ut
578 2497 708 2528 adesses
735 2498 788 2528 die
810 2499 992 2528 tricesimo.

263 2540 307 2571 ad
333 2541 409 2571 Div.
433 2542 477 2571 xi.
494 2541 524 2571 6.
551 2551 629 2571 cum
652 2542 730 2572 trib.
749 2541 794 2581 pl.
809 2542 992 2579 edixissent,

261 2584 395 2615 adesset
405 2588 542 2615 senatus
555 2596 582 2616 a.
596 2585 627 2616 d.
642 2586 711 2615 xiii.
724 2585 886 2616 Kal..Jan.
898 2586 993 2616 Verr.

260 2628 283 2659 i.
300 2631 351 2660 54.
380 2629 502 2659 edicere
523 2629 624 2660 diem.
648 2629 726 2660 ibid.
751 2629 902 2659 nondum
919 2640 994 2669 pro-

259 2673 387 2712 scripta
410 2682 518 2712 neque
540 2673 644 2704 edicta.
659 2673 722 2703 die.
746 2672 765 2691 ²*
777 2673 856 2703 hinc
871 2673 996 2703 dicitur

260 2726 323 2758 pro
346 2718 566 2754 constituere,
586 2721 620 2747 et
642 2717 775 2756 publice
797 2727 994 2757 proponere.

260 2759 358 2790 Verr.
381 2760 427 2790 iii.
445 2764 477 2794 7.
508 2761 670 2791 Censores
693 2760 855 2791 dicuntur
870 2761 993 2800 legem,

260 2813 308 2835 sc.
324 2804 541 2843 vectigalium
558 2804 790 2841 locandorum,
802 2805 941 2835 edicere:
960 2804 993 2835 h.

261 2856 293 2877 e.
308 2847 440 2888 publice
464 2857 662 2888 proponere,
679 2853 717 2878 ut
740 2849 896 2886 cognosci
916 2858 994 2878 con-

261 2891 408 2921 ditiones
420 2891 596 2923 locationis
607 2892 746 2932 possint.
771 2891 866 2922 Offie.
879 2892 926 2922 iii.
941 2894 994 2922 ΞΟ.

259 2932 392 2968 Marius
410 2945 432 2968 a
448 2935 613 2968 subselliis
633 2936 668 2967 in
690 2940 799 2969 rostra
821 2939 927 2976 recta,
945 2936 995 2968 ivl-

783 123 934 158 INDEX
964 126 1262 158 LAflmTArls.

1043 225 1121 256 que,
1157 216 1246 256 quod
1282 217 1509 249 communiter
1547 221 1772 261 compositum

1043 263 1129 298 erat,
1145 259 1235 290 solus
1250 261 1363 293 edi-sit.
1387 260 1467 293 *est
1481 262 1583 295 etiam
1601 264 1771 297 interdum

1042 312 1102 343 pro
1125 303 1269 344 simplici
1293 305 1417 344 dicere,
1442 308 1675 347 pronunciare,
1696 318 1772 349 pro-

1041 346 1141 385 fei-re,
1168 357 1313 379 narrare.
1345 349 1404 380 Or.
1434 353 1486 385 39.
1517 351 1630 382 nullus
1655 352 1725 383 fere
1752 363 1774 384 a.

1040 391 1271 423 Demosthene
1295 393 1386 424 locus
1409 394 1481 424 sine
1505 395 1771 426 conformatione

1040 436 1219 466 sententiaa.
1247 437 1396 468 edicam-‚z
1426 437 1509 469 Lael.
1546 439 1594 469 16.
1625 439 1652 468 si
1679 440 1772 479 prius

1040 479 1180 517 edixcro,
1194 480 1276 519 quid
1299 482 1444 512 maxime
1469 481 1580 522 Scipio
1594 482 1638 512 sit
1652 481 1773 514 solitus

1039 522 1293 563 reprehendere.
1320 524 1406 556 Phil.
1424 525 1446 555 i.
1465 528 1495 556 5.
1519 525 1595 556 misi
1611 534 1672 565 pro
1688 527 1771 557 ami-

1038 566 1120 597 citia
1145 568 1204 607 (sc.
1229 568 1270 598 ad
1295 568 1475 599 Consulem
1492 568 1694 607 Antonium)
1713 570 1770 609 qui

1038 609 1101 640 hoc
1123 611 1270 642 ediceret.
1297 613 1361 643 Sed
1384 612 1517 642 mollius
1543 611 1693 652 profecto
1707 617 1772 651 est,

1038 653 1127 693 quod
1141 658 1217 694 post
1232 655 1407 687 Muretum
1432 661 1467 686 ct
1490 656 1657 686 Faenium
1673 656 1771 688 alios-

1039 707 1102 736 que
1119 708 1136 728 e
1154 698 1234 729 Cod.
1256 699 1365 730 Vatic.
1382 701 1532 740 repcsuit
1547 700 1713 731 Graevius:
1738 701 1770 732 ei

1038 741 1176 772 diceret.
1207 743 1288 783 ch.
1303 744 1337 774 ii.
1358 747 1407 775 10.
1435 748 1476 774 ut
1500 753 1574 782 ego,
1591 745 1642 775 uti
1660 754 1771 784 rogas,

1037 786 1161 825 possim
1186 788 1318 818 edicere.
1365 787 1442 818 Ain'
1460 787 1613 825 tandem,
1628 787 1741 818 Attice
1754 790 1769 819 Ξ

1037 838 1106 860 non
1118 839 1152 860 es
1165 831 1331 868 edicturus
1341 831 1452 861 aliter.
1465 830 1656 868 Turnebus,
1668 832 1770 862 Lam-

1036 872 1148 912 binus,
1175 875 1330 906 Davisius
1356 884 1550 915 reposuere:
1577 875 1699 913 dicere,
1721 875 1769 905 di-

1038 920 1175 957 cturus3
1201 919 1290 958 quod
1305 918 1410 949 etiam
1426 918 1579 957 placebat
1598 919 1712 958 Sigon.
1727 919 1770 950 ad

1038 960 1232 993 Liv.vi.38.
1257 962 1299 993 ad
1311 962 1382 993 liaec
1394 963 1511 992 verba:
1536 963 1769 1002 et,utirogaz‚

1035 1005 1153 1045 primae
1168 1006 1276 1037 tribus
1291 1006 1454 1036 dicerent.
1485 1006 1571 1036 Mihi
1587 1010 1702 1037 autem
1718 1016 1770 1037 se-

1036 1059 1094 1079 cus
1119 1049 1263 1080 videtur.
1307 1050 1420 1088 Ratio,
1438 1060 1503 1089 qua
1521 1050 1676 1080 Davisius
1702 1051 1769 1081 uti-

1035 1097 1104 1130 tur,
1129 1094 1217 1132 quod
1246 1094 1367 1125 edicere
1394 1103 1460 1124 non
1483 1094 1526 1124 sit
1548 1094 1767 1134 privatorum,

1034 1136 1093 1166 sed
1116 1138 1390 1177 magistratuum,
1408 1138 1503 1167 nihili
1528 1141 1589 1167 est.
1629 1138 1770 1168 Ediccre

1034 1184 1085 1211 est
1108 1183 1344 1221 pronunciare,
1368 1181 1457 1221 quo-:l
1480 1182 1520 1211 de
1545 1181 1708 1221 suffragiis
1732 1186 1768 1212 et

1033 1226 1210 1256 sententiis
1235 1226 1392 1266 judicum
1424 1225 1556 1256 dicitur.
1588 1225 1653 1255 vid.
1687 1225 1768 1255 Gro-

1036 1278 1112 1298 nov.
1136 1273 1171 1299 et
1194 1270 1369 1300 Drakenb.
1393 1269 1435 1299 ad
1458 1270 1532 1300 Liv.
1548 1280 1624 1299 xxx.
1639 1273 1669 1301 5.
1693 1269 1769 1300 init.

1037 1313 1128 1343 Cort.
1153 1313 1231 1343 Sall.
1250 1313 1349 1343 Catil.
1367 1316 1421 1344 48.

1078 1356 1245 1389 Ediscere.
1259 1366 1471 1397 cognoscere.
1494 1355 1571 1387 Div.
1585 1357 1673 1391 i.47.
1696 1366 1768 1387 ma·-

1033 1399 1110 1430 lunt
1125 1401 1217 1431 enim
1233 1402 1407 1438 disserere,
1420 1399 1505 1430 nihil
1519 1409 1589 1430 esse
1606 1401 1641 1431 in
1657 1401 1770 1441 auspi-

1033 1444 1106 1482 ciis,
1124 1455 1238 1484 quam,
1256 1445 1336 1485 quid
1351 1446 1408 1483 sit,
1425 1445 1573 1474 ediscere.

1077 1488 1252 1520 Edicicius.
1277 1489 1390 1520 Plane.
1416 1491 1465 1519 15.
1489 1488 1607 1518 editicii
1624 1486 1770 1527 judices.

1034 1531 1076 1562 cf.
1100 1532 1236 1563 Muren.
1254 1535 1307 1564 23.
1331 1537 1424 1570 sunt,
1442 1532 1498 1571 qui
1515 1533 1554 1561 ab
1572 1536 1766 1562 accusatore

1033 1576 1192 1615 eduntur,
1203 1586 1283 1615 non,
1295 1587 1314 1607 a
1325 1580 1467 1617 praetore
1478 1575 1649 1606 ducuntur
1658 1578 1745 1605 sorte
1759 1587 1765 1605 z

1033 1621 1120 1659 quod
1135 1621 1169 1651 in
1187 1631 1253 1660 qua
1269 1630 1370 1651 causa
1390 1620 1519 1650 factum
1535 1621 1591 1658 sit,
1607 1629 1648 1650 ex
1664 1619 1698 1649 11.
1716 1629 1766 1649 cc.

1034 1674 1224 1704 cognosces.
1244 1675 1271 1695 v.
1289 1664 1398 1694 edere.

1077 1708 1200 1740 Editio.
1224 1708 1338 1739 Plane.
1362 1711 1412 1740 15.
1436 1707 1530 1739 editio
1544 1707 1713 1747 judicum.
1736 1715 1767 1738 v,

1034 1752 1143 1782 edere.

1077 1796 1313 1835 Ediwsjudex
1331 1795 1444 1826 Plane.
1463 1798 1513 1830 17.
1536 1795 1594 1825 ubi
1606 1793 1682 1825 libri
1695 1794 1768 1834 qui·

1033 1839 1110 1871 dam
1127 1840 1291 1871 editicius.
1308 1840 1374 1870 vid.
1390 1840 1499 1870 edere.

1076 1884 1199 1915 Edere.
1223 1884 1313 1914 Sext.
1331 1886 1383 1918 (Ξῖ.
1407 1883 1515 1914 seclus
1531 1882 1630 1913 edidit
1645 1882 1680 1912 in
1702 1891 1769 1912 ine.

1032 1927 1114 1967 Leg.
1131 1929 1151 1958 i.
1173 1932 1220 1959 13.
1246 1929 1359 1958 ruinas
1375 1928 1480 1964 edere,
1499 1937 1570 1966 pro,
1587 1926 1708 1963 facore,
1726 1929 1767 1955 ut

1032 1973 1138 2002 ruinae
1158 1973 1253 2002 fiant.
1280 1972 1349 2002 Fin.
1367 1982 1397 2002 v.
1417 1974 1444 2000 1.
1467 1972 1571 2000 vitam
1595 1969 1766 2000 edideram

1034 2016 1056 2046 i.
1080 2026 1109 2045 e.
1135 2018 1286 2046 mortuus
1310 2020 1394 2046 erat.
1416 2015 1514 2045 Brut.
1540 2017 1570 2044 5.
1602 2022 1716 2052 quare,
1741 2012 1769 2042 si

1032 2060 1094 2089 tibi
1120 2060 1333 2090 commodum
1357 2063 1422 2096 cst,
1437 2058 1493 2089 ede
1516 2057 1584 2094 illa,
1606 2066 1680 2096 (με
1705 2066 1771 2086 coe—

1034 2113 1142 2143 pei-as,
1160 2103 1266 2134 Bruto
1282 2109 1317 2134 et
1333 2103 1428 2133 mihi.
1456 2102 1475 2120 ’ἦ
1491 2102 1526 2132 in
1541 2102 1638 2131 rebus
1656 2100 1768 2130 foren-

1034 2148 1124 2178 sibus
1153 2147 1388 2188 multipliciter
1414 2146 1548 2176 dicitur.
1573 2145 1686 2175 Plane.
1717 2146 1768 2175 15.

1033 2192 1141 2221 tribus
1163 2192 1268 2229 edere,
1285 2191 1408 2221 dicitur
1423 2193 1609 2226 accusator,
1626 2197 1705 2218 cum
1732 2197 1771 2218 ex

1034 2235 1106 2274 lege
1135 2235 1174 2265 dc
1200 2235 1377 2273 sodalitiis,
1400 2244 1481 2274 quas
1506 2234 1615 2263 tribus
1640 2231 1770 2272 judices

1034 2289 1104 2309 esse
1130 2279 1224 2317 vclit,
1248 2279 1334 2319 apud
1363 2282 1541 2319 praetorem
1566 2277 1768 2317 profitetur:

1034 2323 1124 2353 unde
1145 2323 1277 2362 judices
1304 2322 1442 2353 editicii.
1465 2321 1582 2361 Quint.
1608 2322 1661 2351 321.
1678 2318 1771 2357 judi-

1035 2367 1125 2408 ciuin
1142 2367 1188 2405 id,
1202 2367 1291 2407 quod
1301 2367 1388 2404 edat,
1399 2366 1548 2406 accipere
1563 2377 1570 2395 z
1588 2364 1609 2394 i.
1622 2374 1651 2394 e.
1665 2362 1772 2402 quod-

1035 2420 1167 2450 cunque
1206 2421 1311 2451 genus
1350 2410 1490 2441 actionis
1526 2408 1694 2444 intendat,
1733 2416 1769 2436 se

1034 2459 1189 2494 paratum
1217 2465 1301 2492 esse,
1329 2454 1528 2484 descendere
1558 2462 1636 2482 cum
1666 2460 1706 2480 eo
1734 2450 1770 2480 in

1033 2503 1219 2536 certamen,
1251 2498 1285 2529 id
1315 2498 1441 2528 (licitur
1470 2497 1562 2527 edere
1585 2495 1770 2535 judicium,

1033 2543 1113 2582 quia
1135 2543 1225 2582 apud
1249 2546 1427 2583 praetorem
1448 2540 1663 2582 pronunciat,
1681 2536 1771 2577 quod

1034 2596 1140 2625 genus
1156 2587 1297 2616 actionis
1313 2586 1500 2622 intendere,
1516 2590 1551 2615 et
1571 2583 1660 2623 quod
1678 2583 1691 2621 j
1699 2581 1772 2612 udi-

1034 2630 1125 2660 cium
1141 2631 1203 2660 sibi
1219 2630 1290 2660 dari
1307 2630 1387 2660 velit
1398 2630 1534 2670 petitor.
1558 2627 1638 2658 ibid.
1650 2628 1702 2657 20.
1713 2626 1770 2665 ju-

1034 2673 1160 2704 dicium
1177 2675 1358 2714 acciperet,
1374 2675 1408 2703 in
1424 2684 1464 2703 ea
1478 2673 1551 2712 ipsa
1565 2671 1678 2708 verba,
1694 2678 1770 2708 quae

1033 2717 1169 2748 Naevius
1194 2719 1315 2748 edehat.
1347 2718 1440 2748 verr.
1457 2717 1504 2746 iii.
1520 2718 1574 2751 29.
1602 2718 1769 2754 quantum

1033 2762 1179 2792 edidisset
1210 2762 1271 2791 sibi
1302 2761 1438 2791 deberi:
1474 2760 1509 2789 h.
1541 2770 1571 2789 e.
1601 2757 1769 2799 professus

1033 2811 1132 2835 esset.
1177 2806 1232 2835 Sic
1260 2810 1365 2835 testes
1394 2805 1446 2835 cdi
1472 2803 1632 2833 dicuutur
1657 2800 1771 2840 ste-pis·

1034 2849 1132 2885 sime,
1168 2859 1246 2880 cum
1278 2853 1454 2879 accusator
1483 2857 1600 2878 eorum
1630 2844 1770 2875 nomina

1034 2893 1213 2933 profitetur
1250 2893 1340 2933 apud
1379 2895 1571 2933 praetorem.
1605 2903 1607 2906 ·
1636 2887 1768 2937 Indices

1035 2937 1138 2969 etiam
1165 2936 1326 2969 dicuntur
1348 2937 1452 2968 edere.
1475 2935 1517 2967 ad
1539 2934 1581 2974 Ω.
1605 2932 1657 2964 Fr.
1680 2932 1715 2962 ix.
1739 2933 1771 2962 3.
