1920 3196
679 129 826 159 mnnx
858 128 1142 158 LATINITATIS
1149 146 1158 157 .

134 222 246 261 pistos
270 218 469 250 siculorum.
493 220 569 249 Sen.
598 229 631 259 p.
654 218 693 249 R.
727 222 775 250 15.
799 223 879 250 tem-

138 268 266 304 pestate
292 264 379 293 civili
405 263 573 303 expulsus.
600 263 731 293 Muren-
752 266 800 297 17.
825 273 878 292 co-

143 308 314 338 mitiorum
331 311 498 346 tempesfus
515 306 694 347 popularis.
717 307 734 325 ’¹‘
748 307 786 336 de
800 316 879 336 ven-

144 351 189 380 tis
204 350 356 380 secundis
374 351 414 380 ad
430 351 506 380 niv.
524 351 585 379 xiv.
601 354 632 380 4.
658 355 876 391 tempestatem

142 395 401 435 praeterniittere
419 395 609 423 noluerunt.

190 437 420 477 Tempestivus,
442 445 662 477 opportunus.
695 436 832 467 Tuscul.
856 437 877 467 i.

141 483 195 511 45.
222 481 328 511 multa
352 482 432 511 mihi
458 481 498 511 aii
524 488 662 510 mortem
689 483 878 520 tempesliva

141 523 233 554 fuere
249 536 258 562 3
299 535 371 563 qum
399 525 527 554 utinam
561 527 743 564 potuissem
775 525 876 554 obire.

141 568 160 585 *ἱ
175 569 363 597 convivium
380 572 614 607 tempmtwum.
641 569 728 598 Mur.
745 569 775 599 6.
794 568 877 598 Cato

146 613 196 641 14.
219 612 317 642 Arch.
335 613 363 642 6.
389 611 474 650 quod
493 619 570 642 ante
588 619 721 652 tenipus
738 612 874 642 solitum

141 655 258 692 initur,
279 656 466 685 com-isium
485 656 524 685 de
542 656 607 693 dic,
625 657 719 694 item,
738 655 826 695 quod
841 656 876 685 in

142 699 285 728 multam
304 707 435 729 noctem
456 700 660 739 producitur.

184 742 384 782 Temperz'us,
409 745 583 773 maturius.
602 743 641 773 ad
663 744 735 773 υἰν.
753 743 795 773 ix.
826 743 875 773 16.

141 788 318 826 temperius
344 788 403 816 fiat
425 796 529 818 coena.
549 797 578 816 v.
596 787 729 817 Manut.
747 787 787 817 ad
803 786 834 816 h.
853 786 874 816 l.

141 831 197 869 qui
237 830 346 867 docet,
382 833 558 870 temperius
596 841 666 861 esse
704 831 875 869 antiquius

141 883 240 912 quain
259 876 431 914 temporius
439 888 450 907 .·
484 875 572 913 quod
589 882 714 904 veteres
732 874 877 904 dixerint

139 923 264 957 tempus
281 920 447 958 temperis,-
466 919 554 948 unde
571 919 671 948 etiam
686 919 820 958 temperi
832 918 876 947 sit

141 962 229 1001 apud
246 961 417 999 Plautum,
440 971 498 1002 pro
516 972 581 1001 quo
597 968 670 1002 post
688 961 815 992 dictum
832 962 876 992 sit

138 1006 284 1044 tempori.

185 1048 369 1088 Templum,
387 1047 479 1078 locus
507 1049 548 1079 ab
579 1049 760 1088 auguribus
787 1052 875 1079 certo

141 1092 210 1122 ritu
226 1097 356 1132 captus,
374 1093 458 1121 utin
475 1102 514 1122 eo
537 1094 715 1132 augurium
745 1098 875 1131 agatur.

138 1136 186 1165 sic
201 1135 269 1165 fere
287 1135 406 1165 definit
421 1135 524 1166 Varro
541 1136 578 1166 L.
592 1136 630 1166 L.
649 1137 689 1166 vi.
712 1147 744 1176 p.
761 1146 804 1166 ui.
822 1137 874 1167 66.

141 1179 194 1213 67.
229 1179 280 1209 De
298 1179 365 1209 ritu
382 1180 549 1219 capiendi,
575 1181 637 1210 vid.
653 1179 766 1210 Livius
789 1181 809 1210 i.
828 1183 876 1211 18.

139 1222 179 1252 de
196 1222 347 1253 formulis
360 1224 478 1261 quibus
495 1224 700 1263 capiebatur,
714 1224 777 1253 vid.
790 1224 877 1254 Bris-

140 1276 212 1296 son.
231 1266 271 1296 de
289 1266 433 1296 Formul.
458 1267 478 1296 1.
502 1268 523 1297 1.
551 1277 616 1297 non
642 1269 730 1297 enim
760 1268 876 1297 iisdem

142 1310 249 1340 verbis
281 1311 532 1350 concipiebatur
559 1321 809 1350 usquequaque,
841 1317 878 1343 ut

138 1354 188 1384 ait
203 1354 306 1384 Varro
324 1354 345 1384 l.
361 1364 388 1384 e.
406 1355 460 1393 qui
479 1358 512 1384 et
537 1355 605 1394 ipse
623 1365 724 1385 unam
748 1355 877 1392 attulit,

140 1397 198 1428 sed
213 1397 310 1427 hodie
329 1398 363 1427 in
381 1398 470 1428 libris
484 1399 661 1437 insigniter
671 1405 877 1439 corruptam,

140 1441 280 1480 ideoque
292 1442 380 1471 varie
398 1452 416 1471 a
432 1442 538 1472 doctis
553 1448 734 1473 tentatam.
756 1453 784 1472 v.
802 1444 877 1473 Sca-

141 1484 227 1524 liger
242 1485 283 1515 ad
299 1485 332 1515 h.
350 1485 371 1515 l.
396 1486 449 1515 Sic
465 1496 545 1525 cape
562 1486 623 1515 hoc
641 1487 777 1516 verbum
796 1486 876 1525 Leg.

144 1528 178 1558 ii.
197 1532 226 1559 8.
251 1539 393 1568 augures
421 1532 542 1569 templa
564 1530 665 1559 effata
680 1538 713 1559 et
739 1531 877 1560 liberata

143 1572 300 1602 habento.
320 1573 407 1603 conf.
423 1574 526 1603 effari.
552 1574 570 1591 ’Κ
587 1575 745 1612 quoniam
763 1580 877 1604 amem

140 1618 299 1656 templum
330 1617 391 1646 hoe
432 1627 599 1656 augurum
631 1624 702 1647 erat
731 1619 875 1658 spatium

143 1659 216 1690 coeli
237 1661 270 1690 in
289 1670 404 1690 omnes
420 1668 544 1701 parteS,
563 1672 734 1701 quousque
752 1663 878 1701 prospi-

140 1703 170 1733 ci
213 1709 356 1744 poterat‚
385 1704 475 1742 hine,
503 1706 654 1745 inprimis
686 1707 804 1745 poetis,
838 1706 877 1735 de

140 1747 224 1778 coelo
251 1747 383 1778 dicitur.
408 1749 521 1779 Somn.
546 1750 633 1788 Scip.
664 1752 694 1780 3.
729 1750 820 1779 Deus
837 1750 876 1787 is,

143 1791 239 1829 cujus
256 1797 307 1821 est
323 1794 479 1832 templum
497 1793 557 1822 hoc
570 1803 680 1830 omne,
695 1793 782 1832 quod
800 1803 879 1823 con-

141 1836 252 1875 spicis.
278 1836 353 1865 Div.
379 1836 400 1865 i.
419 1838 470 1867 ⁶20.
496 1836 569 1866 coeli
596 1837 720 1866 caerula
745 1839 877 1876 templa.

139 1879 160 1897 ¹*
175 1879 295 1909 deinde
310 1880 466 1918 quoniam
480 1879 533 1909 hie
549 1880 640 1910 locus
658 1881 877 1920 inauguratus

140 1927 175 1952 et
198 1931 333 1953 sanctus
357 1929 421 1959 est,
444 1930 621 1964 propterea
645 1925 754 1954 omnis
786 1924 877 1954 locus

139 1967 361 2005 inauguratus
378 1969 535 2006 templum
551 1968 683 1998 dicitur.
709 1968 827 1998 Milon.
849 1972 877 1999 1.

137 2010 304 2051 praesidia,
316 2020 389 2049 quae
401 2021 458 2050 pro
467 2012 621 2041 omnibus
634 2013 759 2051 templis
772 2013 878 2042 cerni-

142 2054 196 2084 tis.
224 2054 276 2083 Sic
295 2054 386 2083 locus
402 2064 460 2094 pro
478 2056 603 2092 rostris,
622 2055 678 2085 ubi
701 2056 877 2085 conciones

140 2097 364 2134 habebantur,
382 2100 536 2138 templum
553 2099 688 2129 dicitur.
719 2098 812 2129 Verr.
831 2101 877 2130 iii.

140 2142 194 2176 96.
219 2142 274 2179 qui
301 2142 449 2180 quotidie
481 2144 639 2182 templum
675 2149 781 2173 tenet.
815 2143 878 2173 Va-

139 2185 204 2215 tin.
227 2188 276 2215 10.
307 2185 341 2214 in
358 2187 485 2223 rostris,
503 2187 536 2216 in
561 2186 630 2223 illo,
659 2187 809 2226 inquam,
826 2188 877 2217 iu-

141 2235 307 2268 augurato
323 2231 438 2269 templo
464 2240 500 2259 ac
527 2229 609 2260 loco.
637 2230 678 2260 cf.
703 2232 791 2261 Sext.
824 2235 877 2262 35.

142 2273 225 2302 item
243 2273 345 2302 curia.
369 2274 468 2303 Dom.
493 2276 544 2304 51.
570 2274 596 2303 si
623 2274 735 2304 sedem
758 2275 876 2313 ipsam,

139 2325 178 2345 ac
204 2317 361 2355 templum
391 2316 515 2356 publici
549 2318 685 2348 Consilii
717 2318 877 2357 religione

140 2360 326 2389 concordiae
342 2359 553 2391 devinxisset.
573 2361 614 2391 cf.
629 2371 658 2392 c.
675 2365 727 2393 53.
746 2373 774 2391 v.
790 2363 875 2402 inpr.

139 2402 274 2433 Manut.
291 2403 332 2433 ad
344 2403 432 2434 Sext.
447 2406 498 2438 2¹9.
521 2405 541 2423 *ἓ
553 2405 639 2435 Sunt
654 2406 756 2435 etiam
772 2406 879 2436 Ache-

138 2447 229 2476 rusia
259 2450 391 2486 templa,
418 2448 518 2479 Tusc.
544 2449 565 2478 i.
592 2451 644 2480 21.
669 2459 714 2479 sc.
738 2450 817 2488 quia
832 2451 877 2480 ibi

140 2489 238 2520 Pluto
252 2491 393 2521 habitat.

188 2532 346 2574 Tempori.
364 2539 506 2565 mature.
530 2536 620 2566 Sext.
637 2539 688 2570 37.
719 2546 778 2566 cur
806 2541 878 2567 tam

142 2579 277 2616 tempori
292 2578 497 2609 exclamarit.
514 2579 602 2609 conf.
617 2580 812 2619 temperius.

189 2620 340 2660 Tempus,
357 2622 531 2662 eleganter
555 2628 590 2653 et
614 2624 730 2653 erebro
755 2624 879 2655 dicitur

141 2663 182 2694 de
198 2668 289 2695 statu
306 2667 479 2705 cujusque,
499 2670 534 2697 et
555 2667 759 2704 conditione,
777 2678 878 2707 quam

141 2712 234 2738 certo
249 2713 401 2750 tempore
419 2711 623 2747 obtinemus,
649 2716 709 2740 aut
733 2711 879 2741 obtinui-

141 2761 231 2789 mus,
257 2756 316 2782 aut
342 2753 581 2790 obtinebimus,
612 2758 646 2783 et
677 2754 811 2792 quidem
844 2756 878 2785 in

140 2799 320 2835 utramque
351 2801 493 2837 partem.
527 2797 569 2827 ad
592 2796 632 2836 Ω.
651 2797 701 2827 Fr.
720 2798 741 2828 i.
762 2801 788 2828 l.
804 2808 831 2828 e.
849 2802 878 2829 5.

141 2848 241 2877 quem
284 2839 370 2870 forte
412 2840 664 2880 (provincialem
690 2841 875 2881 hominem)

140 2884 290 2922 cognosti
318 2884 539 2914 amantiorem
561 2885 626 2922 tui,
644 2894 743 2923 quam
761 2889 880 2926 tempo-

138 2926 210 2960 ris.-
234 2925 268 2958 h.
284 2936 314 2959 e.
329 2927 502 2967 Pratum,
527 2928 555 2960 si
579 2938 679 2968 quem
707 2928 798 2960 vides
828 2931 879 2961 tui

1584 117 1671 156 453

924 223 1096 248 amantem
1112 215 1216 247 videri
1240 214 1337 253 velle,
1361 214 1461 254 idque
1476 218 1538 245 tua
1560 223 1664 246 causa

923 262 1048 301 potius,
1068 271 1167 300 quam
1196 261 1274 299 quia
1297 260 1370 299 jani
1395 269 1428 288 es
1457 259 1593 289 Praetor.
1617 258 1662 289 ad

922 305 997 335 Div.
1013 316 1044 335 x.
1066 308 1091 334 1.
1106 314 1178 343 quae
1195 305 1221 333 si
1238 304 1276 333 ad
1287 308 1384 333 tuum
1401 307 1526 342 tempus
1537 301 1661 342 perdu-

921 349 1027 378 citur:
1054 349 1085 378 h.
1113 359 1142 377 e.
1169 347 1210 377 ad
1232 347 1452 376 Consulatum
1478 352 1590 376 tuum.
1621 346 1658 377 in

923 392 1034 422 Caecil.
1066 394 1096 423 2.
1132 397 1258 430 tempns
1282 390 1542 420 necessariorum
1568 399 1660 419 meo·

920 446 1008 472 runi,
1026 436 1064 465 (le
1077 435 1196 464 Siculis
1210 444 1332 473 magna
1345 432 1590 473 multiplicique
1607 433 1660 462 in—

913 481 1003 518 juria
1020 480 1158 516 affectis,
1178 482 1211 507 et
1225 478 1363 507 Verrem
1389 486 1544 506 accusare
1561 477 1661 506 insti·

919 524 1104 552 tuentibus.
1130 522 1228 552 Arch.
1247 522 1277 551 6.
1295 521 1335 551 ab
1353 520 1477 550 nullius
1496 529 1659 559 umquam

920 577 972 596 nie
990 571 1140 605 tempore,
1165 570 1223 595 aut
1246 564 1434 601 commodo,
1462 568 1522 594 aut
1548 564 1658 596 otium

920 620 1030 640 meum
1049 610 1211 639 abstraxit
1229 610 1287 638 ἅς.
1305 608 1345 638 de
1363 609 1424 638 reis
1442 620 1448 637 ε
1474 617 1538 646 quo
1555 617 1657 638 sensu

919 661 969 683 est
996 655 1177 693 saepissime
1220 652 1309 692 apud
1337 652 1555 689 Ciceroneui3
1595 660 1655 690 pro

919 707 984 736 quo
1001 699 1101 727 etiam
1125 697 1206 726 dicit
1230 695 1437 736 periculum3
1463 695 1502 725 dc
1518 705 1583 733 quo
1599 704 1656 724 su-

919 751 988 781 pra.
1005 740 1121 770 Manil.
1140 743 1166 770 l.
1182 750 1280 770 omne
1295 749 1406 769 meum
1420 744 1553 778 tempus
1570 738 1655 768 ami-

919 795 1032 815 corum
1056 785 1248 824 temporibus
1269 782 1569 813 transmittendum
1596 791 1657 822 pu-

919 829 1138 862 tavi.-—[neus
1154 828 1245 857 labor
1260 828 1294 856 in
1309 827 1512 867 privatorum
1523 827 1657 866 pericu·

919 873 958 902 ἰὼ·
973 879 1061 902 caste
1090 873 1285 911 integreque
1307 877 1467 900 versatus.
1493 870 1586 899 Verr.
1606 869 1656 899 iii.

920 917 972 946 61.
997 916 1188 955 Utrumque
1200 917 1378 954 jungitur:
1397 924 1436 943 ex
1450 918 1589 954 tempore
1598 923 1658 952 pe-

919 961 1016 990 riculi
1043 961 1091 989 tui
1120 960 1338 989 constitutum
1358 959 1495 988 crimen.
1519 957 1561 987 ad
1577 957 1657 989 Div.

920 1005 940 1033 i.
957 1008 987 1037 9.
1011 1004 1126 1042 scripsi
1148 1008 1214 1033 tres
1239 1003 1338 1032 libros
1356 1002 1502 1031 versibus
1519 1001 1558 1030 de
1574 1005 1656 1031 tem-

913 1049 1046 1088 poribus
1064 1048 1143 1077 meis
1159 1059 1164 1076 :
1192 1047 1223 1076 h.
1241 1056 1269 1076 e.
1286 1046 1326 1076 de
1342 1052 1482 1085 utraque
1505 1045 1656 1084 fortuna,

920 1091 1095 1121 consulatu
1127 1098 1161 1121 et
1188 1090 1298 1120 exilio.
1344 1090 1388 1120 Et
1419 1089 1555 1119 exilium
1584 1089 1660 1127 qui·

921 1135 994 1165 dem
1027 1145 1125 1165 suum
1152 1138 1329 1173 totumque
1357 1133 1452 1163 illum
1480 1142 1594 1162 casum
1623 1136 1659 1163 et

920 1178 1105 1219 periculum
1125 1189 1144 1208 a
1161 1178 1277 1208 Clodio
1303 1187 1390 1217 saepe
1405 1182 1538 1216 tempus
1556 1185 1656 1206 suum

919 1222 1076 1262 postulat.
1093 1233 1123 1252 v,
1137 1232 1165 1251 c.
1184 1223 1274 1252 Sext.
1287 1224 1338 1252 58.
1362 1221 1497 1260 tempori
1510 1229 1584 1249 meo
1601 1219 1660 1249 de-

919 1267 1058 1297 fuerunt
1075 1267 1134 1296 &c.
1162 1266 1203 1295 ad
1228 1266 1303 1296 Div.
1321 1265 1363 1294 vi.
1381 1266 1411 1295 6.
1436 1273 1559 1303 magna
1577 1268 1660 1294 tem-

914 1320 1035 1350 porum
1062 1316 1251 1340 nostrorum
1280 1309 1433 1339 varietas.
1451 1308 1528 1338 ibid.
1546 1308 1659 1338 rerum

922 1355 983 1384 hoc
1003 1359 1124 1384 natura
1148 1358 1182 1383 et
1199 1358 1379 1392 temporum
1408 1352 1555 1382 civilium
1574 1352 1661 1381 ratio

922 1408 989 1427 non
1020 1399 1179 1438 patietur.
1210 1407 1331 1436 nempe
1361 1401 1505 1436 tempora
1536 1395 1660 1433 civilia,

921 1449 1001 1471 sunt
1017 1449 1124 1471 status
1149 1447 1184 1471 et
1210 1440 1440 1471 conversiones
1467 1440 1657 1470 civitatum.

921 1485 985 1515 Sed
1012 1486 1046 1515 in
1073 1485 1266 1515 universum
1299 1489 1440 1514 teneant
1468 1484 1592 1513 tirones
1624 1483 1662 1513 in

921 1529 1111 1567 hujusmodi
1136 1528 1228 1565 locis,
1250 1528 1307 1558 ubi
1335 1538 1374 1557 ex
1398 1527 1521 1557 vicinia
1546 1527 1665 1558 verbo·

921 1583 995 1603 rum
1013 1578 1047 1602 et
1063 1577 1222 1602 contextu
1240 1571 1453 1610 intelligitur,
1469 1580 1660 1601 sermonem

921 1627 990 1647 esse
1009 1617 1048 1646 de
1062 1622 1153 1646 statu
1167 1617 1217 1655 cuj
1224 1616 1339 1646 usdam
1358 1616 1418 1652 rei,
1429 1620 1487 1644 aut
1504 1615 1663 1652 hominis,

920 1666 955 1690 et
979 1661 1184 1697 conditione,
1211 1661 1361 1699 temporis
1391 1659 1542 1696 verbum,
1571 1658 1662 1698 quod.

921 1711 971 1735 est
988 1705 1117 1743 generis
1146 1714 1282 1741 nomen,
1301 1702 1592 1742 interpretandum
1610 1712 1661 1732 es-

921 1758 969 1785 se,
997 1750 1031 1778 in
1063 1754 1175 1778 nostro
1203 1748 1336 1787 quidem
1368 1756 1534 1783 sermone,
1559 1746 1661 1776 verbo

920 1792 1065 1830 formae3
1100 1792 1188 1831 quod
1220 1792 1283 1821 nisi
1310 1791 1418 1821 facere
1445 1791 1563 1831 possis,
1592 1799 1663 1820 non

920 1837 1000 1866 satis
1016 1842 1049 1866 te
1066 1836 1134 1866 vim
1152 1836 1240 1865 verbi
1259 1845 1375 1875 capere
1392 1835 1486 1864 scias.
1503 1834 1522 1852 ²*
1537 1833 1593 1864 sed
1612 1834 1665 1864 di-

921 1880 1009 1909 eitur
1025 1881 1127 1909 etiam
1141 1879 1181 1909 de
1190 1887 1354 1919 tempore,
1365 1889 1431 1917 quo
1447 1877 1527 1917 quid
1543 1883 1660 1908 actum

921 1929 984 1961 est,
1002 1929 1061 1953 aut
1078 1924 1203 1962 agitur,
1221 1928 1279 1953 aut
1296 1922 1461 1962 agendum
1481 1927 1544 1959 est,
1565 1926 1601 1952 et
1618 1921 1659 1951 de

921 1978 968 2003 re,
987 1977 1060 2006 quae
1083 1973 1236 2007 tempore
1261 1966 1405 2006 quodam
1435 1971 1512 1996 acta
1536 1970 1599 2002 est,
1616 1964 1659 1995 ad

920 2011 996 2041 Div.
1023 2012 1043 2041 i.
1075 2014 1105 2045 7.
1130 2016 1255 2050 tempus
1285 2010 1523 2040 Caninianum.
1556 2010 1660 2040 Dom.

921 2058 972 2085 51.
997 2060 1123 2094 tempus
1149 2055 1232 2085 illud
1258 2059 1330 2084 erat
1354 2053 1578 2092 tranquillum
1596 2053 1660 2084 &c-

920 2105 1018 2129 tuum
1058 2108 1156 2138 porro
1195 2104 1320 2138 tempus
1347 2098 1503 2127 libertate
1544 2096 1660 2137 populi

920 2142 1017 2173 Rom.
1032 2152 1201 2182 oppressa,
1218 2144 1360 2172 Senatus
1383 2141 1585 2171 auctoritate
1602 2140 1660 2170 de-

921 2186 988 2216 leta
1002 2199 1008 2216 :
1028 2197 1100 2226 pro,
1117 2197 1181 2224 quo
1197 2192 1235 2215 tu
1251 2192 1403 2225 tempore
1418 2185 1551 2224 signum
1571 2184 1659 2214 Con-

921 2230 1039 2260 cordiae
1064 2230 1216 2259 dedicare
1234 2229 1375 2259 volebas.
1398 2228 1510 2267 Ligar.
1527 2230 1559 2258 ⁶2.
1585 2228 1658 2258 haec

922 2274 987 2304 duo
996 2279 1140 2313 tempora
1153 2279 1269 2303 carent
1279 2273 1418 2303 erimine
1432 2273 1492 2302 &cn
1507 2272 1526 2290 ’ἦ
1538 2282 1659 2311 oppor-

920 2319 1046 2347 tunitas
1063 2318 1233 2357 temporis.
1257 2317 1355 2347 Rosc.
1371 2317 1482 2346 Amer.
1502 2319 1551 2346 10.
1575 2320 1659 2346 tem-

914 2372 994 2401 pore
1011 2371 1159 2402 pugnare
1175 2374 1180 2391 :
1206 2361 1294 2391 unde
1312 2371 1370 2400 pro
1383 2365 1522 2400 tempore
1537 2368 1658 2399 oppor-

920 2409 1003 2435 tuno
1020 2405 1152 2435 dicitur.
1167 2404 1207 2434 ad
1216 2406 1280 2444 Qu.
1291 2404 1340 2434 Fr.
1351 2405 1372 2434 i.
1387 2405 1416 2434 ΕΞ.
1430 2407 1496 2434 (3.3.
1509 2404 1567 2434 sed
1579 2408 1662 2433 tem-

914 2459 993 2489 pore
1008 2450 1078 2488 ipso
1094 2449 1133 2478 de
1150 2448 1309 2488 epistolis.
1343 2448 1361 2466 ²*
1378 2448 1423 2478 ad
1443 2451 1569 2487 tempus
1594 2451 1660 2486 est,

921 2493 1009 2531 quod
1026 2493 1078 2530 fit,
1096 2493 1175 2531 quia
1196 2498 1330 2531 tempus
1357 2491 1515 2531 postulat.
1542 2490 1656 2521 Plane.

921 2540 974 2567 30.
1001 2546 1041 2566 ne
1054 2536 1202 2577 proferre
1219 2535 1330 2565 videar
1344 2536 1390 2565 ml
1404 2540 1538 2575 tempas.
1557 2535 1598 2564 cf.
1616 2533 1659 2565 ad

921 2581 997 2610 Div.
1015 2591 1045 2610 x.
1062 2584 1092 2614 9.
1117 2579 1197 2609 Coel.
1219 2579 1250 2610 6.
1285 2579 1338 2609 Sic
1361 2579 1429 2609 fere
1456 2578 1659 2618 capiendum

921 2630 971 2654 est
987 2625 1088 2654 etiam
1106 2624 1201 2654 Offic.
1217 2623 1239 2653 i.
1257 2626 1287 2653 8.
1311 2626 1394 2653 extr.
1411 2626 1430 2643 ἢ
1448 2622 1566 2653 eodem
1583 2631 1661 2652 sen-

921 2677 959 2698 su
977 2667 1102 2697 dicitur
1117 2668 1218 2697 etiam
1245 2677 1286 2697 ez·
1311 2672 1460 2707 tempore.
1494 2665 1586 2695 Verr.
1609 2665 1659 2696 iii.

921 2714 974 2742 530.
988 2721 1029 2741 es?
1043 2717 1182 2751 tempore
1199 2710 1422 2740 nascebantur
1438 2710 1558 2740 edicta.
1576 2709 1658 2740 ibid.

921 2759 974 2789 71.
999 2754 1082 2784 nihil
1102 2766 1142 2786 e.c
1167 2759 1308 2793 tempore
1334 2754 1426 2784 dicit.
1455 2754 1497 2784 cf.
1529 2756 1582 2787 75.
1605 2754 1659 2784 61.

922 2798 1030 2828 Flaec.
1051 2801 1098 2829 15.
1114 2798 1220 2829 solere
1248 2808 1323 2827 suos
1347 2799 1433 2827 cives
1462 2802 1660 2835 ceterosque

923 2842 1054 2872 Graecos
1071 2852 1111 2872 ex
1130 2847 1281 2881 tempore,
1300 2841 1387 2880 quod
1401 2851 1483 2881 opus
1498 2841 1556 2877 sit,
1572 2840 1663 2871 obsi-

923 2895 1026 2925 gnare
1041 2898 1047 2915 :
1065 2886 1153 2924 quod
1166 2885 1288 2916 ibidem
1302 2886 1403 2915 etiam
1416 2885 1560 2914 dicitur:
1579 2888 1661 2914 tem-

916 2931 1008 2973 poris
1033 2939 1143 2963 causa.
1188 2930 1242 2961 Sic
1264 2934 1300 2961 et
1319 2933 1371 2961 est
1395 2928 1479 2961 Rab.
1502 2928 1592 2960 Post.
1610 2929 1662 2960 13.

972 2980 996 3004 e
1013 2982 1034 3014 g
1060 2976 1079 3005 3
