1920 3196
259 100 344 137 432

261 205 403 236 quorum
429 204 563 225 cansam
589 200 801 235 receperunt,
819 202 858 226 ut
881 197 919 227 iis
940 207 1007 227 non

260 241 305 269 sit
323 240 561 274 net-essarium.
574 240 726 277 quamvis
745 240 923 269 manifesta
938 250 1008 270 sce-

261 282 331 313 lera
346 283 535 313 defendere.
561 281 633 313 Mil.
656 286 702 313 13.
727 285 832 313 soluta
851 290 1006 322 praetura.

260 326 332 356 Att.
352 327 384 356 ii.
414 329 460 358 18.
494 337 569 356 cum
596 326 705 356 videas
730 327 938 356 voluntatem
963 329 1007 356 ci-

258 371 372 400 vitatis
417 373 571 405 solutam,
617 371 776 400 virtutem
818 370 1006 409 alligatam.

258 413 367 453 “Agin
385 414 429 443 iii.
449 416 478 444 ἱ).
508 415 614 443 solnm
637 414 773 453 praedia,
791 421 1008 453 opponuntur

260 457 425 496 obligatis.
469 460 485 478 ⁴*
502 456 613 486 Plane.
639 461 691 487 30.
720 460 845 487 solutus
868 458 1007 497 opponi-

259 506 318 531 tur
329 502 371 536 ei,
383 501 438 539 qui
452 501 605 530 maximis
617 502 853 530 beneficiorum
867 500 1006 530 vinculis

259 545 439 575 obstrictus
456 550 517 574 est.
550 544 689 574 *Deion
711 547 738 574 1.
768 547 891 574 solutus
906 554 1006 584 oppo-

261 589 353 617 nitur
389 589 410 624 i,
429 589 485 627 qui
501 591 550 617 est
566 588 599 617 in
617 587 770 626 equuleo.
804 588 822 606 θ’
836 588 1006 624 remissus,

260 631 443 670 negligens.
471 631 678 661 Catil.ii.12.
705 641 780 661 mea
791 631 910 661 lenitas
923 633 1006 661 solzc-

257 677 320 705 tior
330 676 398 705 visa
406 680 468 705 est.
480 676 497 693 ²*
507 674 623 704 facilis.
638 675 677 704 ad
689 675 764 705 Div.
775 676 816 705 vi.
825 679 854 709 7.
864 677 1006 704 solutum

259 719 472 748 existimatur
485 729 567 755 csse,
582 718 677 748 alteri
692 718 901 748 maledicere.
920 722 937 738 ἢ
951 718 1004 747 sle-

259 761 423 799 bilitatus‚
438 763 489 792 cui
508 762 600 792 nervi
617 763 738 792 exsecti
757 765 846 792 sunt.
871 761 949 801 Agr.
970 762 1002 791 ii.

258 809 311 837 33.
329 807 405 836 urbs
421 808 536 836 soluta.
568 805 635 835 *de
660 806 850 836 hominibus
874 806 1004 841 facetis,

260 850 316 888 qui
342 849 442 880 libere
468 850 578 879 rident
602 850 726 879 omnia.
766 850 866 879 Doni.
893 852 943 883 39.
977 850 1005 879 O

260 894 349 923 rem!
383 904 482 933 quam
513 894 608 923 soluti
638 893 788 922 homines
813 892 919 922 ridere
938 903 1004 923 non

258 936 425 967 desinant.
455 937 668 967 *absolutus
710 936 781 967 Mil.
813 940 844 966 4.
881 936 1004 966 scelere

256 981 388 1011 solutas.
417 981 559 1010 *orator
580 983 702 1011 solutus
728 985 779 1010 est
803 980 924 1020 primo,
949 980 1005 1019 qui

258 1024 390 1055 facilem
421 1030 455 1055 et
486 1024 662 1054 volubilem
703 1023 853 1063 linguam
893 1024 1004 1054 habet.

259 1069 353 1099 Brut.
371 1072 423 1102 47.
452 1071 575 1098 solutus
599 1069 631 1098 in
649 1067 854 1107 explicandis
870 1073 1005 1097 senten-

257 1112 324 1142 tiis.
357 1112 434 1142 ibid.
459 1113 564 1141 verbis
588 1113 698 1142 solutis
725 1112 815 1141 satis.
848 1110 926 1140 ibid.
951 1114 1004 1142 48.

258 1157 470 1186 salacissimus
482 1157 515 1185 in
529 1155 681 1185 dicendo,
707 1155 839 1190 deinde,
854 1155 888 1184 in
901 1155 1004 1184 actio-

259 1209 300 1229 ne
325 1200 502 1229 remissior.
533 1200 625 1229 Brut.
648 1200 699 1229 6⁶2.
732 1203 802 1228 tam
826 1200 948 1228 solutus
971 1206 1004 1228 et

259 1242 368 1273 mollis
400 1244 434 1272 iu
462 1248 557 1283 gestu
585 1244 643 1272 ἃς.
675 1243 790 1278 tertio,
819 1243 874 1280 qui
907 1243 1006 1272 verba

257 1292 335 1326 apte
353 1286 527 1323 collocare,
546 1287 634 1325 quod
651 1287 774 1315 vincire
793 1286 929 1322 dicitur,
948 1296 1004 1314 ne-

258 1331 331 1361 scit.
361 1331 417 1361 Or.
436 1333 488 1362 5⁶2.
515 1331 618 1360 verbis
635 1331 745 1360 solutis
768 1339 924 1359 numeros
941 1330 1005 1369 pri-

259 1383 332 1405 mus
349 1375 513 1419 adjunxit.
538 1374 580 1404 cf.
597 1374 689 1403 Brut.
707 1377 759 1408 79.
778 1374 837 1402 ἃς.

302 1418 438 1449 Sonare.
464 1418 534 1448 Fin.
552 1419 585 1448 ii.
606 1421 654 1449 15.
679 1418 770 1447 inani
788 1426 864 1446 voce
880 1427 1004 1447 sonare.

256 1462 356 1494 Arch.
371 1465 417 1492 10.
430 1465 511 1492 extr.
528 1466 635 1501 potitae
647 1462 769 1501 pingue¹
783 1460 942 1499 quiddam
957 1471 1004 1490 so-

254 1511 379 1536 nantes.
405 1505 476 1536 Fin.
493 1506 525 1535 ii.
538 1507 567 1536 2.
593 1505 671 1544 quid
682 1510 768 1535 sonet
780 1514 840 1533 vox
855 1505 1005 1544 volupta-

255 1551 310 1580 tis.
339 1550 434 1580 Brut.
461 1553 514 1584 74.
545 1550 681 1579 sonabat
711 1548 915 1578 contrarium
943 1548 1004 1578 Ca-

256 1593 343 1631 tulo,
361 1594 554 1633 subagreste
571 1593 730 1633 quiddam
749 1593 808 1622 &a

301 1636 458 1668 Sorzivius.
492 1637 556 1675 adj.
585 1636 625 1666 ad
642 1637 718 1667 Div.
735 1637 776 1665 vi.
793 1636 823 1666 6.
856 1635 1004 1674 tripudia

253 1683 395 1711 sonive'o:
426 1685 518 1718 sunt,
543 1691 620 1710 cum
653 1681 718 1709 offa
748 1679 873 1709 excidit
904 1678 1002 1718 pullis

253 1725 482 1765 pascentibus,
495 1730 529 1754 et
546 1725 579 1754 in
599 1729 725 1754 terram
743 1723 865 1753 cadens
882 1733 1002 1753 sonum

257 1769 351 1799 facit.

299 1811 479 1852 Sophisma.
513 1811 613 1842 Acad.
642 1812 684 1841 iv.
711 1812 762 1841 ⁶24.
793 1811 1002 1850 sophismata,

253 1856 300 1886 sic
332 1857 421 1886 enim
454 1855 666 1896 appellantur
699 1854 833 1884 fallaces
867 1853 1002 1884 conclu-

255 1899 429 1930 siunculae.

297 1943 468 1983 Sopltz'stes.
493 1943 593 1973 Acad.
612 1943 653 1973 iv.
671 1944 725 1973 23.
751 1942 806 1980 qui
824 1941 890 1971 sit?

298 1987 443 2018 Sor-bere.
482 1987 524 2017 ad
549 1987 589 2026 Q.
619 1987 669 2016 Fr.
698 1987 744 2016 iii.
772 1990 802 2019 9.
836 1985 899 2015 ista
927 1985 1004 2015 odia

253 2040 321 2061 non
345 2031 453 2061 solum
476 2032 592 2066 sorbeo,
610 2030 668 2060 sed
691 2030 794 2059 etiam
819 2038 1002 2068 cont-equo·

253 2074 338 2105 Phil.
364 2076 406 2105 xi.
425 2078 454 2105 5.
486 2075 567 2113 quid
589 2084 668 2104 eum
693 2083 759 2103 non
782 2073 907 2102 sorbere
931 2074 1002 2102 ani-

252 2120 330 2149 mo?
357 2119 437 2157 quid
453 2128 520 2148 non
536 2118 669 2148 haurire
689 2117 917 2155 cogitatione?
947 2127 1003 2146 cu-

245 2163 302 2201 jus
319 2163 517 2202 sanguinem
538 2172 605 2191 non
622 2161 732 2191 bibere
746 2160 912 2190 censetis?

299 2206 428 2244 Sordes,
441 2206 591 2242 avaritia,
605 2211 751 2244 quaestus
763 2205 883 2243 turpis.
909 2203 950 2232 ad
962 2204 1001 2243 Q.

252 2249 303 2280 Fr.
317 2251 338 2280 i.
356 2253 381 2280 1.
394 2261 422 2280 c.
432 2254 462 2281 3.
482 2249 558 2279 nolo
571 2255 604 2279 te
617 2248 880 2286 uniuscujusque
896 2248 1003 2277 sordes

250 2295 406 2324 serutari.
435 2294 538 2324 Attic.
564 2294 606 2323 iv.
633 2293 680 2322 16.
705 2291 861 2330 judicum
885 2291 1002 2321 sordes.

251 2337 359 2368 Flacc.
376 2341 407 2368 3.
439 2337 566 2367 nullam
590 2337 715 2366 sordem
738 2336 772 2365 in
794 2345 827 2364 re
845 2334 1001 2364 familiari

249 2381 389 2422 proferri
407 2391 513 2421 posse.
545 2381 679 2411 Muren.
695 2379 748 2410 36.
773 2378 916 2418 populus
935 2388 1000 2408 non

250 2430 343 2455 amat
373 2425 523 2465 profusas
550 2424 679 2465 epulas,
705 2423 813 2453 sordes
839 2429 874 2452 et
903 2421 1002 2452 inhu-

251 2469 448 2499 manitatem
466 2469 574 2498 multo
591 2469 714 2498 minus.
739 2466 876 2496 *omnis
894 2466 1001 2505 turpi-

249 2513 332 2543 tudo
360 2513 464 2543 animi
492 2517 527 2542 et
555 2513 630 2542 vitae
654 2516 687 2540 et
720 2510 863 2549 generis.
904 2509 1001 2539 Brut.

251 2557 303 2587 62.
330 2557 436 2587 sordes
452 2556 596 2586 fortunae
614 2559 649 2584 et
665 2556 752 2584 vitae.
784 2553 860 2583 vat.
881 2555 907 2582 l.
932 2562 1001 2582 sor-

250 2600 304 2630 des
333 2601 537 2631 domesticae.
573 2599 650 2629 ibid.
685 2601 715 2629 5.
754 2596 1001 2627 adolescentiae.

251 2645 328 2673 Sen.
347 2654 378 2684 p.
397 2644 437 2674 R.
454 2647 484 2674 4.
515 2652 608 2673 mens
624 2641 759 2682 oppleta
772 2641 926 2670 sardibus.
960 2640 1002 2669 ad

250 2687 328 2718 Div.
354 2688 419 2718 viii.
452 2690 501 2718 14.
538 2696 616 2716 nam
643 2685 748 2716 sordes
777 2684 888 2714 eluere
917 2683 1001 2713 vult.

251 2731 323 2762 *de
340 2732 458 2762 infima
472 2730 579 2771 plebe.
608 2730 680 2760 Att.
698 2730 719 2758 i.
740 2728 790 2758 16.
822 2727 912 2768 apud
935 2737 1001 2757 sor-

251 2775 323 2806 dem
351 2775 440 2806 urbis
471 2778 506 2805 et
528 2774 648 2804 fecem.
686 2772 822 2803 ²*sordent
849 2775 929 2801 sunt
952 2775 1002 2800 et-

250 2819 317 2849 iam
341 2819 376 2849 in
400 2818 507 2848 luctu.
538 2817 579 2848 ad
602 2818 679 2848 Div.
694 2816 758 2847 xiv.
776 2817 807 2847 2.
834 2815 948 2851 jacere
967 2814 1000 2844 in

250 2862 396 2893 lacrimis
413 2865 446 2892 et
461 2862 615 2893 sordibus.

297 2908 503 2945 Sordidatus,
528 2904 690 2936 sordidus.
723 2903 788 2934 Pis.
813 2904 866 2937 27.
897 2902 1000 2933 sordi-

796 108 939 136 INDEX
973 107 1268 137 LATINITATIS.

1052 196 1122 226 daei
1137 196 1219 225 servi
1237 195 1441 226 ministrant.
1473 196 1491 213 *ἓ
1505 196 1544 225 cle
1563 205 1629 226 reo.
1661 195 1725 226 Pis.
1741 196 1796 227 41.

1053 249 1114 269 nec
1132 240 1243 268 minus
1268 239 1412 277 libenter
1436 244 1643 269 metuentem
1670 238 1800 276 videbo,

1053 293 1093 312 ne
1122 292 1195 312 reus
1222 283 1294 320 fias,
1319 293 1418 321 quam
1447 293 1560 312 reum:
1599 293 1660 312 nec
1686 284 1799 312 minu·

1052 325 1190 356 laetabor
1207 336 1281 356 cum
1300 329 1333 355 te
1349 335 1480 366 semper
1497 327 1681 364 sordidum,
1697 335 1796 365 quam

1051 371 1076 399 si
1095 369 1276 410 paullisper
1289 369 1491 400 sordidatum
1508 370 1665 399 viderem.

1096 412 1264 443 Sordidus.
1297 413 1354 443 Or.
1388 413 1434 442 iii.
1467 416 1518 443 3⁶2.
1546 414 1704 444 sordidior
1734 422 1799 450 ars,

1051 456 1174 486 dicitur
1203 456 1242 486 de
1270 462 1340 486 arte
1368 456 1538 486 sellularia
1567 463 1601 487 et
1632 456 1797 487 illiberali.

1054 500 1199 539 *turpis
1227 500 1265 529 ad
1291 501 1366 530 Div.
1383 500 1438 530 xii.
1461 503 1486 529 l.
1519 506 1557 529 ut
1582 500 1664 529 mihi
1689 500 1802 530 videa-

1051 553 1126 572 mur
1143 553 1242 573 omne
1260 543 1332 581 jam
1350 549 1484 583 tempus
1502 544 1541 573 ab
1560 543 1616 573 illo
1635 543 1800 576 duntaxat

1049 587 1259 617 sordidissimo
1296 587 1445 626 periculo
1483 588 1548 617 tuti
1584 585 1710 617 suturit
1750 596 1796 617 sc.

1050 630 1137 669 quod
1155 640 1173 659 a
1195 630 1265 659 fece
1291 630 1405 670 populi
1430 631 1641 668 imminebat,
1660 640 1733 669 quae
1757 630 1800 660 ad

1051 674 1185 703 bustum
1205 674 1345 703 Caesaris
1363 675 1640 713 congregabatur.
1670 675 1737 705 Att.
1755 674 1798 704 ix.

1049 722 1079 751 9.
1119 718 1271 747 omnium
1300 718 1514 757 turpissimus
1548 724 1581 748 et
1618 718 1798 748 sordidissi-

1052 770 1136 790 mus.

1094 803 1226 835 Sorttes.

1051 847 1156 877 Graec.

1094 890 1180 921 Sors.
1211 890 1288 922 Div.
1305 891 1339 921 ii.
1354 894 1407 921 33.
1438 895 1549 927 sortes,
1574 901 1647 930 quae
1671 891 1800 921 ducun-

1048 940 1117 971 tur,
1138 944 1204 964 non
1230 944 1304 973 (111ae
1328 935 1569 964 vaticinatione
1593 934 1798 972 funduntur,

1048 988 1121 1017 quoe
1148 979 1285 1008 oracula
1311 979 1421 1008 verius
1446 978 1598 1008 dicimus.
1636 977 1677 1008 cf.
1702 979 1723 1008 i.
1752 981 1800 1009 18.

1048 1022 1065 1040 ’κ
1080 1031 1203 1052 munus
1220 1022 1444 1061 quodcunque
1466 1025 1552 1052 sorte
1578 1021 1743 1059 delatum,
1761 1027 1799 1052 ut

1048 1066 1240 1106 provinciae,
1274 1067 1299 1095 si
1340 1076 1395 1096 eas
1434 1066 1650 1104 magistratus
1690 1066 1799 1096 sortiti

1048 1115 1144 1145 sumt,
1162 1113 1353 1148 quaesturae,
1379 1118 1502 1139 munus
1529 1109 1712 1139 scribarum
1738 1111 1798 1139 &c.

1049 1153 1163 1182 Plane.
1189 1155 1241 1187 ⁶27.
1281 1163 1468 1191 numquam
1497 1163 1535 1182 ex
1565 1153 1647 1182 urbe
1679 1152 1801 1190 abfuit,

1049 1197 1113 1226 nisi
1135 1201 1228 1227 sorte.
1262 1196 1304 1226 cf.
1320 1196 1397 1227 Act.
1415 1197 1436 1225 i.
1451 1196 1545 1226 Verr.
1563 1199 1594 1227 8.
1626 1196 1661 1226 in
1687 1195 1798 1226 Caecil.

1053 1243 1100 1271 14.
1143 1240 1242 1270 Catil.
1275 1241 1316 1269 iv.
1348 1243 1379 1274 7.
1420 1239 1461 1269 ad
1493 1237 1568 1270 Div.
1596 1240 1631 1270 ii.
1663 1243 1711 1274 19.
1741 1241 1802 1269 ἃς.

1048 1284 1172 1314 *sm-tes
1196 1293 1328 1322 aequare
1354 1288 1406 1313 est
1430 1293 1488 1323 pro
1514 1283 1646 1313 Cornel.
1662 1288 1697 1313 et
1720 1283 1799 1313 Div.

1049 1329 1068 1357 i.
1092 1331 1139 1357 18.
1171 1327 1295 1358 Eadem
1321 1327 1428 1356 forma
1451 1332 1503 1357 est
1527 1327 1616 1366 apud
1641 1327 1798 1357 Plautum

1049 1372 1159 1401 Casin.
1190 1372 1223 1401 ii.
1248 1372 1278 1401 6.
1319 1371 1374 1400 ubi
1399 1371 1433 1400 in
1465 1371 1641 1401 sortitione
1667 1370 1797 1400 Stalino

1049 1416 1129 1445 dicit
1160 1415 1274 1444 uxori:
1314 1424 1398 1444 uxor
1431 1424 1547 1453 aequa:
1586 1415 1648 1444 int.
1680 1419 1799 1444 sortes:

1048 1460 1102 1497 qui
1131 1459 1222 1488 locus
1246 1462 1297 1488 est
1320 1458 1496 1488 classicus:
1529 1458 1570 1488 ad
1594 1467 1693 1497 quem
1718 1458 1800 1488 adeo

1048 1503 1179 1532 videndi
1211 1503 1423 1541 interpretes.
1471 1502 1616 1532 Pronum
1653 1505 1717 1538 est,
1749 1502 1800 1531 in-

1048 1546 1212 1585 telligere,
1230 1555 1324 1586 pares
1340 1545 1463 1582 facere,
1479 1550 1519 1575 ut
1544 1545 1627 1575 nihil
1652 1546 1798 1582 intersit,

1049 1600 1109 1620 nec
1126 1590 1218 1620 fraus
1235 1590 1305 1619 fieri
1324 1589 1427 1629 possit
1451 1589 1486 1618 in
1510 1589 1701 1619 educendo:
1735 1589 1799 1619 Sed

1049 1634 1211 1663 Patricius
1244 1633 1284 1663 ad
1317 1632 1527 1663 Cornelianae
1554 1632 1674 1672 fragm.
1702 1636 1801 1672 putat

1048 1687 1132 1714 esse,
1151 1677 1314 1707 movenda
1336 1686 1422 1706 urna
1445 1675 1650 1706 confundere
1676 1685 1714 1705 ac
1738 1676 1802 1706 mi-

1047 1731 1148 1751 scere.
1196 1720 1234 1750 Id
1263 1720 1430 1760 quomodo
1461 1720 1532 1749 fieri
1558 1720 1717 1759 potuerit,
1741 1719 1798 1750 ubi

1047 1775 1133 1794 urna
1150 1765 1250 1805 plena
1271 1768 1358 1794 esset
1381 1773 1488 1802 aquae,
1504 1768 1543 1793 ut
1568 1764 1602 1793 in
1625 1763 1800 1793 sortitione

1048 1809 1216 1845 Plautina,
1245 1813 1278 1838 et
1305 1817 1406 1847 quare
1435 1807 1470 1837 id
1498 1807 1642 1844 dicatur,
1671 1816 1800 1847 oequare

1047 1857 1160 1889 sortes,
1188 1861 1254 1881 non
1281 1852 1362 1882 satis
1392 1851 1500 1881 video.
1547 1851 1635 1881 Nam
1667 1850 1798 1881 Stalino

1041 1897 1140 1934 jubet
1170 1900 1274 1925 sortes
1312 1905 1444 1934 aequare
1477 1895 1550 1933 jam
1589 1894 1734 1933 dejectas
1764 1894 1798 1924 in

1049 1950 1166 1969 urnam
1192 1949 1270 1969 cum
1295 1949 1390 1978 aqua.
1437 1938 1513 1968 Non
1537 1938 1618 1968 satis
1642 1942 1726 1978 puto
1749 1938 1800 1968 in-

1047 1983 1167 2023 telligi,
1199 1988 1238 2012 ut
1272 1992 1362 2012 nunc
1394 1987 1458 2019 est,
1491 1981 1571 2021 quid
1606 1983 1662 2019 sit,
1694 1986 1799 2011 sortes

1047 2037 1191 2066 aequare.

1091 2071 1285 2109 Sortitegus,
1303 2069 1358 2108 qui
1382 2079 1441 2109 per
1460 2073 1565 2099 sortes
1582 2067 1698 2098 futura
1713 2078 1799 2109 prae-

1047 2114 1140 2145 dicit.
1169 2115 1242 2144 Div.
1263 2115 1283 2143 i.
1305 2116 1356 2144 58.

1091 2158 1233 2189 Sor-titio.
1269 2156 1382 2186 Plane.
1411 2157 1463 2186 22.
1493 2157 1614 2186 sortitio
1645 2154 1798 2191 aedilitia,

1047 2203 1098 2237 fit,
1123 2212 1200 2231 cum
1232 2201 1467 2240 competitores
1499 2198 1669 2229 aedilitatis
1700 2208 1796 2239 pares

1047 2245 1213 2284 suffragiis
1237 2250 1329 2274 sunt.
1360 2244 1400 2274 de
1416 2253 1456 2272 ea
1470 2243 1536 2273 vid.
1554 2242 1741 2273 Gesnerum
1757 2242 1798 2273 V.

1047 2289 1117 2319 Cel.
1135 2289 1176 2319 ad
1198 2289 1292 2318 Varr.
1313 2288 1354 2318 R.
1371 2288 1411 2317 R.
1427 2287 1474 2316 iii.
1490 2286 1554 2316 ult.
1585 2285 1669 2316 Phil.
1692 2286 1725 2317 ii.
1742 2288 1796 2317 33.

1044 2334 1165 2363 sortitio
1193 2332 1433 2372 praerogativae.
1473 2330 1539 2360 vid.
1564 2329 1797 2370 praerogativa.

1046 2377 1088 2406 ad
1102 2378 1142 2417 Q.
1161 2376 1211 2406 Fr.
1229 2376 1264 2405 ii.
1287 2378 1313 2405 1.
1337 2375 1458 2405 sortitio
1467 2373 1635 2413 judicum.
1660 2372 1797 2404 Cluent.

1044 2422 1097 2451 46.
1123 2425 1159 2450 ut
1175 2420 1339 2450 sortitione
1354 2419 1389 2449 in
1408 2417 1569 2457 quosdam
1587 2416 1798 2447 animadver-

1045 2469 1189 2494 teretur.

1091 2508 1221 2543 Sortito,
1241 2516 1299 2546 per
1313 2505 1537 2536 sortitionem.
1570 2504 1618 2535 ad·
1629 2504 1707 2534 Div.
1725 2503 1798 2534 viii.

1046 2555 1076 2582 8.
1111 2561 1167 2581 eos
1194 2552 1305 2580 sortito
1332 2550 1366 2579 in
1395 2549 1581 2589 provincias
1607 2548 1697 2578 mitti
1725 2547 1796 2588 pla·

1045 2605 1130 2625 cere.
1161 2594 1256 2624 Verr.
1273 2595 1307 2624 ii.
1324 2595 1376 2624 51.
1408 2591 1460 2622 lex
1476 2591 1567 2622 Jovis
1585 2591 1793 2622 sacerdotem

1043 2641 1152 2669 sortito
1167 2637 1361 2677 capijubet.

1090 2682 1243 2712 Sortitus.
1277 2681 1376 2711 Dom.
1398 2683 1446 2714 19.
1476 2679 1570 2718 quid,
1586 2678 1614 2709 si
1630 2679 1733 2709 etiam
1752 2678 1794 2709 de

1272 803 1374 834 Acad.
1406 804 1449 833 iv.
1486 804 1535 834 16.
1569 806 1621 838 ⁶29.
1663 814 1693 835 ν.
1726 804 1800 835 lnd.

1045 2726 1195 2766 pluribus
1227 2725 1324 2754 rebus
1363 2733 1431 2754 uno
1469 2724 1587 2753 sortitu
1625 2722 1791 2753 retulisti?

1043 2770 1132 2810 Quid
1156 2771 1190 2799 in
1214 2769 1387 2808 rogatione
1414 2766 1552 2796 ferenda
1582 2766 1713 2796 sortitio
1735 2767 1792 2805 sit,

1045 2823 1144 2843 nemo
1168 2814 1393 2852 interpretum
1418 2810 1673 2840 demonstravit.
1720 2808 1794 2841 Ma·

1044 2858 1159 2887 nutius
1177 2856 1259 2886 adeo
1274 2858 1469 2896 suspectum
1487 2853 1589 2884 habet
1607 2853 1647 2884 de
1671 2852 1794 2883 mendo

1045 2900 1171 2938 locum,
1201 2904 1237 2930 et
1273 2898 1504 2940 reponendum
1546 2901 1663 2929 censet
1698 2898 1794 2928 scitu.
