1920 3196
721 148 868 177 INDEX
901 145 1200 175 LATlNl'rA'rls.

184 236 258 268 Ait.
284 237 339 268 xii.
357 240 409 268 40.
432 237 500 267 xiii.
529 239 582 268 25.
626 236 716 268 Nam
749 237 920 266 auctiones

171 281 324 320 'privatae
342 281 408 311 sere
427 282 467 311 ad
484 281 632 310 tabulam
657 281 835 320 argentarii
864 281 921 310 tie-

185 324 280 361 bnnt‚
299 332 334 354 ut
352 327 458 364 pretia
477 335 586 354 terum
604 325 638 354 in
654 324 920 363 argentariorum

183 368 314 397 tabulas
343 368 455 398 referri
488 376 634 408 possent.
663 368 748 398 conf.
777 368 920 407 Quintil.

183 411 228 440 xi.
257 414 287 441 ²2.
335 413 388 440 Sic
424 417 709 441 commemoratur
743 411 856 441 Vatin.
887 416 918 445 9.

178 455 298 484 tabula
318 454 458 491 Valeria,
473 456 512 485 :ul
531 465 630 494 quam
642 456 755 485 sedere
767 454 920 485 solebant

182 498 308 527 tribuni
326 498 412 538 pleb.
430 507 468 528 ut
486 499 647 536 viderent,
664 500 741 537 qnid
759 500 792 528 in
810 500 920 528 conci-

168 545 245 570 'onc
269 550 437 579 agere-tur,
465 549 501 572 ut
528 550 640 572 essent
670 548 862 583 pascentes,
893 544 918 573 si

181 585 254 622 quis
273 595 386 615 eoi-nni
405 586 527 615 auxilio
551 586 727 625 indigeret.
754 586 871 626 Quint.
888 587 918 617 6.

180 637 256 658 suos
285 630 486 659 necessarios
504 636 672 669 corrogat,
689 635 728 660 ut
755 629 797 659 ad
824 631 918 659 taim-

178 673 247 701 Iam
277 673 424 702 Sextiam
453 673 514 703 sibi
539 673 660 703 adsint.
688 675 827 703 veni-unt
852 674 919 703 fre-

179 720 340 754 quentes:
366 717 566 746 testificatur
584 718 658 754 iste,
679 718 714 747 P.
737 717 915 756 Quintium

179 768 248 788 non
273 761 419 790 stitisse:
453 761 513 790 int.
543 761 782 791 vadimonium.
827 760 915 790 Nam

177 803 367 833 vadimonia
386 804 481 841 obiri,
505 805 700 845 syngraphae
725 805 808 841 fleri,
837 804 916 834 alia-

176 856 241 885 que
258 848 432 884 ejusmodi,
449 847 488 877 ad
501 849 649 878 tabulam
667 848 845 887 argentarii
858 848 916 878 ali-

180 890 274 928 cujus
294 891 458 928 solebant,
476 892 563 930 quod
585 893 619 922 in
645 893 683 921 iis
709 892 804 921 rebus
820 893 916 922 testi-

177 933 239 963 bus
257 945 351 974 opus,
377 945 458 973 quos
475 936 519 965 ibi
541 936 638 965 facile
656 937 801 976 recipere
822 942 915 975 pote-

178 985 266 1007 rant.

224 1020 455 1057 Tabularinm,
485 1021 577 1052 locus
615 1022 648 1052 in
688 1033 752 1061 quo
790 1022 914 1053 tabulae

176 1064 318 1103 publicae
334 1071 519 1095 servantur.
538 1066 647 1096 Rabir.
661 1066 756 1096 Perd.
771 1069 801 1096 3.
813 1066 913 1097 Arch.

174 1110 206 1138 4.
223 1108 278 1138 ubi
299 1118 327 1138 v,
345 1109 559 1139 Passeratius.

219 1150 350 1181 Tacere.
374 1152 466 1182 Verr.
493 1153 514 1182 i.
538 1157 568 1187 9.
593 1152 716 1182 dicitur
732 1152 771 1182 de
788 1163 838 1190 eo,
857 1155 912 1192 qui

176 1205 311 1224 causam
331 1205 396 1225 non
414 1200 575 1236 perpetua
592 1197 740 1226 oratione
758 1198 839 1235 agit,
855 1198 913 1227 sed

174 1239 235 1275 ita,
264 1244 300 1268 ut
318 1238 433 1269 Cicero
448 1240 530 1270 fecit
547 1241 581 1270 in
606 1241 714 1280 prima
729 1241 858 1270 actione
876 1242 911 1271 in

174 1282 325 1312 Verrem.

221 1325 353 1363 Tactus,
379 1326 418 1357 de
441 1327 615 1358 sideribus.
639 1327 717 1357 Nat.
745 1328 787 1358 D.
807 1329 840 1358 ii.
862 1331 910 1359 15.

167 1370 199 1399 is
215 1369 292 1399 solis
304 1374 409 1402 tactus
431 1378 494 1409 est,
512 1377 551 1401 ut
569 1381 634 1401 non
659 1371 840 1410 tepefaciat
856 1382 907 1402 so-

173 1413 257 1450 lum,
281 1414 337 1443 sed
360 1416 462 1445 etiam
489 1415 673 1445 comburat.
696 1416 772 1445 Div.
796 1416 829 1445 ii.
855 1417 908 1446 46.

172 1456 247 1497 plus
263 1464 429 1488 terrarum
453 1459 549 1495 situs,
568 1468 667 1497 quam
692 1458 780 1488 lunae
800 1464 910 1490 tactus

172 1500 214 1530 ad
229 1501 433 1531 nascendum
451 1501 569 1532 valere.
593 1502 804 1541 Quamquam
823 1503 908 1533 Gru-

160 1548 234 1574 ter.
252 1551 286 1574 et
307 1545 420 1575 Davis.
448 1546 506 1575 δερ.
523 1546 589 1575 ‘hic
617 1546 741 1576 habent
769 1551 906 1577 tractus.

173 1588 222 1617 Ea
237 1598 297 1618 vox
325 1589 413 1627 quod
438 1589 568 1619 nullum
594 1589 807 1620 commodum
832 1600 908 1620 sen-

170 1641 246 1661 sum
271 1631 421 1669 haberet,
448 1633 500 1663 Jo.
528 1633 690 1670 Clericus,
713 1634 808 1672 cujus
831 1644 906 1664 sen-

169 1676 311 1704 tentiam
327 1677 444 1715 probat
458 1678 627 1714 Davisius,
641 1676 772 1716 legebat
784 1683 906 1715 status,

168 1728 211 1748 ex
239 1729 265 1748 c.
283 1722 336 1749 44.
363 1729 428 1750 non
455 1721 619 1751 absurde:
645 1721 702 1750 sed
726 1731 792 1750 non
822 1731 905 1761 opus

170 1767 236 1799 est,
264 1773 283 1792 a
310 1763 413 1793 Codd.
444 1763 538 1794 MSS.
567 1764 734 1801 recedere,
762 1775 904 1803 quorum

169 1806 267 1836 multi
292 1806 415 1836 habent
438 1811 558 1844 tuctus,
584 1808 718 1846 quidam
749 1814 843 1838 actus
871 1814 906 1838 et

168 1856 320 1888 tractus;
346 1861 420 1889 quae
437 1861 531 1881 voces
549 1852 659 1881 minus
676 1852 800 1881 abeunt
817 1863 836 1882 a
853 1857 905 1882 ta-

166 1898 249 1930 ctus,
267 1903 366 1932 quam
384 1905 403 1924 a
425 1899 544 1925 status.
593 1895 713 1925 Tactus
729 1896 903 1925 commode

166 1936 323 1977 explicari
342 1943 451 1977 potest
468 1950 477 1976 ς
514 1944 563 1968 est
580 1939 671 1968 enini
690 1939 736 1968 vis
760 1939 849 1969 lunae
868 1940 903 1970 in

167 1990 218 2011 res
244 1986 430 2019 terrestres,
448 1992 521 2021 quae
544 1983 573 2012 ei
591 1982 763 2020 tribuitur,
782 1983 900 2022 vulgo:

164 2024 311 2054 influxus
328 2025 427 2055 lnnae.
452 2026 505 2055 Sic
523 2026 582 2056 soli
599 2030 724 2056 tactum
739 2027 841 2056 tribui
857 2028 903 2057 vi-

166 2067 289 2105 dimus,
318 2068 500 2107 eodemque
538 2079 638 2099 sensu
665 2074 840 2100 contactus
869 2074 903 2100 et

166 2114 322 2150 contagio
337 2112 506 2142 dicuntur.
536 2113 596 2151 Ap.
615 2112 744 2143 vitruv.
762 2114 804 2143 ix.
821 2118 851 2148 9.
866 2115 901 2144 in

164 2154 256 2185 libris
283 2160 334 2185 est
359 2159 488 2185 tractus
514 2157 608 2186 eoeli:
634 2166 695 2196 pro
723 2167 788 2195 quo
812 2161 901 2187 recte

165 2199 350 2238 repositum
367 2204 418 2229 est
433 2206 544 2229 tactus
562 2199 633 2229 coeli
654 2213 660 2230 z
694 2201 713 2230 i.
731 2210 760 2230 e.
777 2202 900 2240 pressio

163 2243 259 2272 aeris.
304 2243 401 2283 Apud
426 2243 542 2281 Virgil.
567 2243 638 2273 coeli
665 2248 794 2274 tractus
823 2245 898 2275 AEn.

161 2286 209 2316 iii.
231 2289 300 2317 138.
316 2287 354 2316 de
371 2291 458 2324 aere,
476 2287 584 2326 quoad
598 2288 715 2326 spiritu
731 2287 897 2318 trahitur:

161 2329 220 2360 ubi
245 2335 360 2360 tamen
380 2330 482 2361 codd.
511 2330 634 2360 habent
665 2335 791 2361 taetus.-
815 2331 899 2362 Bur-

163 2382 375 2412 mannusque
390 2375 560 2413 optionem
589 2374 746 2413 relinquit
771 2374 898 2405 lectori.

161 2416 233 2456 Ego
246 2422 280 2446 et
297 2417 339 2447 ibi
356 2422 461 2448 taetus
471 2417 689 2457 praetulerim,
702 2419 781 2456 quia
796 2419 898 2448 etiarn

162 2459 202 2490 de
228 2461 398 2493 arboribus
425 2468 460 2491 et
486 2462 654 2500 segetibus
682 2471 803 2492 sermo.
833 2462 898 2492 vid.

157 2508 298 2534 tractus.

207 2547 337 2586 Tagooe,
353 2547 419 2584 fur,
441 2549 482 2578 ab
513 2549 652 2587 antiquo
676 2552 801 2587 tagere.
826 2550 896 2579 Att.

160 2591 202 2620 vi.
220 2594 250 2621 3.
275 2596 326 2621 est
342 2592 432 2621 enim
452 2592 544 2629 levis,
560 2591 768 2628 libidinosus,
781 2597 896 2631 tagax.

159 2633 247 2664 hanc
269 2645 383 2664 vocem
410 2635 502 2666 dedit
517 2645 534 2664 e
552 2635 631 2665 eod.
651 2636 720 2665 MS.
739 2636 896 2673 (Lujacius

158 2677 307 2708 demum.
332 2677 448 2718 Itaque
479 2688 546 2709 non
573 2684 623 2708 est
653 2679 688 2708 in
718 2679 896 2710 Nizoliano

156 2721 325 2752 thesauro.

204 2764 355 2802 Talaria,
373 2765 475 2796 calcei
492 2765 585 2803 alati,
603 2767 659 2805 qui
677 2765 845 2796 Mercurio
862 2771 897 2796 et

155 2807 330 2846 Minervae,
347 2809 427 2839 Nat.
444 2810 485 2840 D.
504 2810 549 2839 iii.
565 2811 617 2840 23.
629 2810 840 2847 tribuuntur,
855 2810 897 2840 ad

154 2852 408 2891 significandam
422 2852 641 2883 celeritatem.
652 2853 732 2882 hinc
744 2852 815 2883 Att.
830 2854 895 2884 xiv.

153 2897 207 2926 21.
232 2898 358 2926 talama
375 2896 565 2926 videamus:
593 2896 624 2926 h.
657 2906 685 2925 e.
712 2896 897 2935 fugiamus.

152 2937 236 2972 Habe
258 2939 411 2981 intellige
441 2950 494 2982 ap.
529 2939 625 2972 Ovid.
651 2939 737 2972 Met.
761 2951 792 2971 x.
819 2943 895 2976 591.

1611 135 1703 173 1451

968 236 1022 265 nbi
1042 236 1127 265 male
1155 234 1197 265 N.
1223 232 1383 265 Heinsius
1410 226 1537 263 v'estem
1559 231 1705 263 talarem

969 279 1138 318 intellig-it.
1674 296 1678 301 .

1012 323 1156 358 Talai-is,
1188 321 1230 351 ad
1255 321 1341 351 talos
1373 320 1575 360 dependens.
1601 318 1702 350 Catil.

964 365 998 395 ii.
1020 370 1066 396 10.
1090 365 1165 396 coll.
1188 365 1281 395 verr.
1299 375 1327 394 v.
1350 367 1398 394 13.
1420 364 1546 393 tunicae
1563 365 1701 400 talares,

963 416 1043 440 sunt
1061 410 1211 439 mollium
1230 408 1416 438 hominum.
1434 417 1463 436 ν.
1475 406 1560 437 Gell.
1577 407 1629 436 vii.
1652 408 1700 437 12.

962 458 997 483 et
1018 453 1157 484 Salmas.
1184 452 1225 482 ad
1249 451 1338 482 Hist.
1357 452 1442 490 Aug*-
1459 455 1485 481 t.
1511 450 1545 480 ii.
1570 460 1603 490 p.
1623 451 1698 480 556.

962 506 976 526 s
1002 519 1009 526 .

980 508 1179 570 qTaIch-ins.
1214 538 1286 569 Att.
1322 539 1344 569 i.
1379 539 1427 568 16.
1461 537 1517 567 ubi
1545 537 1610 567 vid.
1637 537 1701 567 Ca-

961 585 1053 614 saub.
1077 584 1140 614 off.
1158 584 1179 613 i.
1196 585 1249 613 42.
1267 582 1371 623 epith.
1389 581 1472 619 ludi,
1488 582 1521 611 in
1539 591 1605 620 quo
1621 581 1698 625 talis

963 631 1115 657 utuntur.

1005 671 1117 701 Talus.
1148 670 1204 700 Gr.
1237 669 1425 711 ᾰςξάγαλος,
1451 668 1633 698 ossiculum
1661 668 1698 698 in

958 715 1139 753 suffragine
1156 713 1279 754 pedum
1310 714 1532 753 posteriorum
1559 713 1593 742 in
1625 713 1699 741 ani-

960 759 1102 788 malibus
1120 757 1314 797 quibusdam
1335 756 1482 793 bisulcis,
1498 766 1537 785 ex
1555 766 1619 795 quo
1645 755 1698 785 lu-

958 801 991 831 di
1015 803 1280 832 instrumentum
1307 801 1359 837 fit,
1375 800 1464 830 unde
1481 809 1604 829 nomen
1632 799 1695 829 du-

958 846 1017 875 xit.
1035 846 1091 875 sed
1105 846 1266 875 beatiores
1284 854 1324 874 ex
1340 844 1452 881 ebore,
1466 853 1560 879 auro,
1576 852 1698 882 argen-

958 894 993 918 to
1024 885 1202 919 habebant.
1226 888 1321 919 Ovid.
1347 888 1386 917 A.
1409 888 1448 917 A.
1473 887 1507 916 ii.
1524 889 1600 917 903.
1617 889 1694 918 905.

959 932 1118 964 Ceterum
1149 933 1299 962 tironum
1327 941 1425 961 causa
1453 930 1508 960 hic
1538 930 1720 969 breviter,·

957 986 1030 1014 quae
1049 977 1088 1006 de
1103 976 1179 1006 talis
1205 977 1289 1006 scire
1316 985 1398 1015 opus
1419 980 1483 1012 est,
1500 974 1695 1004 referemus.

959 1019 1033 1050 Tati
1048 1020 1206 1050 differunt
1222 1030 1241 1050 a
1255 1019 1401 1056 tesseris,
1419 1028 1492 1057 quae
1517 1027 1574 1048 sex
1591 1017 1698 1048 latera

956 1063 1093 1101 habent,
1120 1074 1198 1093 cum
1230 1064 1264 1093 in
1288 1063 1364 1093 talis
1390 1063 1458 1092 sint
1483 1066 1640 1101 quatuor,
1660 1066 1697 1092 et

955 1107 1090 1146 quidem
1120 1108 1156 1136 in
1190 1106 1450 1146 longitudinem,
1486 1105 1694 1144 reliquorum

956 1150 1099 1181 duorum
1128 1152 1161 1181 in
1185 1150 1399 1180 latitudinem
1431 1150 1575 1179 laterum
1607 1150 1693 1179 ratio

955 1195 1050 1224 nulla
1067 1195 1212 1225 ducitur.
1226 1195 1395 1224 Punctum
1408 1199 1458 1223 est
1475 1194 1510 1223 in
1526 1202 1594 1222 uno
1611 1192 1695 1223 late-

955 1247 988 1267 re
1005 1248 1127 1268 unum:
1155 1238 1242 1268 latus
1264 1238 1453 1277 oppositum
1478 1247 1535 1266 sex
1567 1240 1694 1276 puncta.

954 1280 1066 1319 habet,
1083 1281 1172 1312 unde
1184 1282 1277 1312 senio
1290 1281 1424 1318 dicitur,
1442 1280 1570 1319 reliqua
1586 1280 1693 1311 latera

952 1326 1060 1356 tribus
1078 1330 1111 1355 et
1129 1332 1273 1365 quatuor
1290 1325 1422 1365 punctis
1434 1329 1606 1354 notantur.
1624 1324 1694 1354 Lu-

952 1369 1045 1399 ditur
1070 1369 1146 1400 talis
1178 1376 1322 1408 quatuor
1344 1369 1420 1399 Div.
1444 1369 1465 1397 i.
1487 1371 1535 1398 13.
1559 1368 1692 1398 tesseris

952 1419 1065 1443 autem
1082 1414 1198 1443 tribus.
1245 1413 1495 1443 concutiuntur
1507 1412 1540 1440 in
1558 1410 1690 1450 fritillo,

952 1462 986 1486 ct
1002 1457 1078 1486 inde
1096 1467 1153 1497 per
1170 1466 1310 1498 pyrgum
1327 1466 1385 1486 seu
1411 1455 1609 1485 turriculam
1629 1456 1694 1496 (et-

951 1501 1016 1530 iam
1044 1501 1192 1541 phimus,
1209 1511 1286 1530 orca
1309 1498 1445 1537 dicitur)
1473 1500 1507 1529 in
1538 1499 1691 1530 tabulam

951 1545 1137 1574 mittuntur
1154 1545 1311 1574 lusoriam
1336 1554 1362 1574 s.
1388 1543 1554 1573 talariam.
1593 1543 1692 1583 Opti-

952 1597 1025 1618 mus
1050 1589 1164 1626 jactus
1192 1593 1244 1618 est
1272 1588 1447 1624 venerius,
1466 1596 1542 1616 cum
1571 1596 1690 1616 omnes

950 1632 1010 1661 tali
1034 1631 1122 1662 latus
1150 1632 1241 1662 aliud
1271 1631 1474 1668 ostendunt3
1510 1631 1689 1670 pessimus,

950 1685 1026 1705 cum
1044 1686 1159 1706 omnes
1177 1676 1279 1713 idem,
1297 1676 1352 1714 qui
1372 1674 1471 1704 Canis
1489 1674 1623 1704 dicitur.
1648 1673 1688 1706 In

949 1719 1239 1758 reliquisjactibus
1249 1728 1409 1749 numerus
1420 1722 1623 1758 punctorum
1634 1728 1691 1761 va—

949 1762 1006 1792 let.
1043 1763 1216 1799 Ceterum,
1244 1770 1281 1793 ut
1307 1763 1341 1793 in
1365 1763 1485 1792 nostris
1512 1761 1598 1791 ludis
1622 1762 1688 1800 est,

948 1815 1014 1836 non
1033 1808 1165 1837 easdem
1191 1807 1280 1846 leges
1296 1806 1453 1836 videntur
1477 1815 1593 1835 omnes
1619 1815 1689 1840 ser-

947 1859 1052 1886 vasse,
1079 1851 1137 1881 sed
1164 1850 1203 1880 de
1221 1851 1342 1890 quibus
1369 1854 1570 1879 convenerat
1596 1849 1687 1880 inter

947 1893 1112 1925 ludentes.
1138 1894 1223 1924 Cum
1245 1894 1336 1924 talus
1359 1893 1491 1923 caderet
1507 1893 1540 1922 in
1570 1899 1686 1932 caput,

946 1936 1009 1966 hoc
1026 1944 1089 1974 est,
1112 1939 1146 1968 in
1163 1938 1264 1975 latus,
1291 1937 1379 1976 quod
1393 1941 1466 1966 erat
1482 1937 1516 1966 in
1532 1936 1687 1967 latitudi-

947 1990 1037 2018 nem,
1055 1985 1089 2010 et
1105 1982 1204 2011 nullis
1227 1982 1360 2021 punctis
1383 1985 1553 2016 notatum,
1569 1981 1685 2019 jactus

946 2025 1146 2064 repetendus
1160 2032 1242 2055 erat.
1260 2024 1299 2054 In
1314 2025 1375 2054 hoc
1385 2025 1482 2063 jactu
1498 2024 1620 2054 dicitur
1634 2029 1687 2054 ta-

945 2067 996 2097 lus
1014 2074 1124 2099 rectus
1146 2068 1275 2105 cadere,
1292 2075 1402 2098 rectus
1422 2068 1587 2098 assistere.
1612 2067 1684 2098 Fin.

945 2111 990 2140 iii.
1008 2113 1056 2142 16.
1081 2113 1135 2151 qui
1150 2113 1189 2142 de
1203 2112 1264 2142 hoc
1275 2112 1352 2142 ludo
1363 2112 1581 2151 scripserunt,
1595 2121 1685 2141 corn-

945 2164 1129 2185 memora1·e
1147 2155 1229 2185 nihil
1250 2157 1385 2191 attinet,
1403 2165 1480 2184 cum
1504 2154 1687 2188 laudentur

944 2208 963 2228 a
980 2199 1109 2236 multis,
1130 2205 1165 2229 ut
1183 2200 1330 2229 Fabricio
1353 2198 1511 2237 Bibliogr.
1542 2199 1684 2238 Antiqu.

943 2253 975 2282 p.
993 2243 1067 2273 640.
1093 2243 1215 2273 Pitisco
1232 2243 1273 2272 ad
1298 2244 1436 2273 Sueton.
1461 2242 1546 2280 Aug.
1563 2245 1614 2275 71.
1647 2246 1683 2273 et

943 2286 978 2316 in
1003 2286 1115 2316 Lexic.
1138 2287 1171 2316 in
1199 2287 1298 2316 talus.
1326 2291 1461 2326 propter
1483 2286 1681 2317 brevitatem

943 2330 1228 2359 commendandus
1254 2330 1440 2360 Casaubon.
1471 2329 1512 2358 ad
1540 2329 1680 2360 Sueton.

943 2373 1006 2403 loc.
1032 2374 1089 2403 cit.
1113 2373 1196 2403 adde
1220 2379 1254 2404 et
1284 2374 1402 2404 Heins.
1433 2372 1474 2402 ad
1498 2373 1593 2403 Ovid.
1618 2373 1682 2405 loe.

942 2417 1000 2446 cit.

987 2460 1085 2497 Tam,
1102 2471 1179 2491 cum
1203 2459 1416 2500 superlativo,
1449 2460 1534 2490 Phil.
1560 2461 1618 2490 xii.
1647 2463 1681 2492 5.

941 2504 1058 2533 vestris
1074 2509 1143 2534 tam
1172 2504 1374 2543 gravissimis
1395 2508 1534 2542 tamque
1562 2504 1680 2535 multis

934 2547 1083 2586 judiciis.
1102 2549 1143 2577 ad
1160 2558 1260 2586 quem
1277 2547 1388 2577 locum
1406 2547 1554 2576 Graevius
1565 2547 1680 2578 laudat

941 2600 958 2620 e
977 2591 1058 2620 Coel.
1083 2593 1115 2622 2.
1140 2592 1212 2621 init.
1241 2597 1311 2621 tam
1334 2591 1491 2620 maxime.
1518 2591 1576 2620 sed
1607 2597 1679 2622 tum

941 2643 1007 2664 non
1032 2640 1082 2664 est
1100 2635 1134 2665 in
1161 2635 1374 2671 Gruteriana,
1403 2643 1463 2663 nec
1480 2635 1514 2663 in
1531 2634 1679 2665 Graevia-

941 2687 1004 2707 na:
1031 2678 1181 2708 deletum
1203 2679 1326 2718 quippe
1350 2689 1369 2707 a
1383 2677 1489 2707 doctis
1512 2679 1602 2715 viris,
1619 2680 1677 2717 qui

940 2720 1030 2751 hunc
1055 2722 1191 2751 modum
1216 2721 1371 2760 loquendi
1398 2731 1464 2750 non
1490 2731 1677 2761 concoquit·-

939 2764 1032 2794 bant.
1072 2765 1233 2795 Defendit
1247 2771 1363 2795 tamen
1380 2764 1482 2794 Aldus
1501 2765 1677 2797 Manutius

940 2809 981 2838 ad
1007 2818 1085 2838 eum
1110 2808 1232 2839 locum.
1255 2809 1390 2838 Vossius
1412 2807 1551 2847 Analog.
1575 2819 1603 2838 c.
1625 2813 1674 2844 17.

940 2851 980 2881 ad
996 2862 1095 2890 quem
1113 2851 1264 2882 Graevius
1282 2861 1340 2881 nos
1364 2851 1569 2888 amandavit,
1588 2855 1677 2884 anti·-

939 2905 1043 2933 quum
1057 2905 1129 2924 esse
1143 2896 1282 2925 modum
1293 2894 1455 2934 -luqucndi
1473 2899 1562 2924 recte
1579 2896 1676 2934 dicit,

940 2948 1004 2977 quo
1021 2938 1244 2977 superlativus
1269 2949 1329 2979 pro
1353 2939 1495 2979 positivo
1518 2944 1676 2980 ponatur,

984 2989 1006 3013 o
1024 2991 1047 3022 g
1069 2983 1089 3013 2
