1920 3196
637 100 786 133 1NDEx
813 103 949 132 LATIN
956 103 1112 133 [TA'rls.

161 191 255 226 Sum.
285 202 350 225 ene
372 203 450 224 cum
465 193 536 224 viro
551 192 710 223 dicuntur
725 201 855 222 uxores.

116 235 233 276 Quint.
265 240 318 268 94.
363 236 474 268 Roscii
506 246 597 267 soror
624 241 670 266 est
708 246 784 266 cum
825 235 860 265 P.

117 281 268 320 Quintio.
307 281 406 311 *Ate
430 280 475 311 xi.
498 283 529 311 4.
569 281 595 310 si
623 280 723 310 modo
740 279 863 320 fleturi

118 333 248 362 sumus,
265 334 310 354 sc.
323 323 418 361 salvi,
433 324 507 354 vivi.
530 323 598 353 *de
614 324 721 364 pretio
738 333 865 359 rerum,

118 368 231 404 vendi,
259 368 409 398 venalem
435 376 516 398 esse.
547 366 640 397 Vei-r.
665 368 711 397 iii.
736 370 788 401 75.
819 371 864 397 est

116 411 249 441 modius
274 419 327 442 Hs.
352 411 492 441 (luobus.
533 420 562 440 ν.
587 410 687 441 Gron.
712 411 796 440 Sest.
821 410 864 440 iv.

124 457 151 484 l.
181 453 306 485 *thtis
330 464 394 485 esse
417 455 576 484 dicuntur
602 464 666 492 res,
691 464 772 493 quas
796 463 868 483 cor-

118 497 248 537 porales
279 503 412 536 vocant,
444 508 505 528 mm
535 508 597 528 esse
632 497 866 538 incorporales.

117 539 233 580 Topic.
250 544 281 572 5.
310 541 393 573 Esse
417 551 456 572 ea
479 542 565 579 «lico,
583 552 656 581 quae
681 542 772 571 cerni
793 545 867 570 tan-

118 585 192 623 give
209 592 361 624 possunt,
379 589 418 616 ut
439 585 595 622 fundum,
613 585 698 615 aedes
717 586 776 615 &c.
806 595 868 614 mm

119 638 184 658 esse
207 639 319 659 rursus
343 639 382 659 ea
406 629 493 667 dico,
515 639 588 668 qum
613 630 706 668 tangi
731 629 869 671 demon-

122 673 260 702 strarive
285 682 351 702 non
375 679 528 712 possunt,
546 674 635 703 cerni
660 677 775 702 tamen
799 672 869 701 ani-

119 724 175 746 mo
193 721 294 755 atque
311 716 456 755 intelligi
473 723 625 757 possunt,
643 724 682 746 ut
706 717 732 745 si
750 725 868 746 usuca-

119 759 268 799 pionem,
285 761 310 790 si
334 760 492 797 tutelam,
509 761 536 790 si
561 765 696 800 gentem
717 759 866 789 definias.

120 802 186 833 vid.
206 804 304 834 Caius
330 803 482 834 lustitut.
504 805 537 834 ii.
559 807 585 834 l.
617 805 634 822 ²*
648 803 744 834 Rosc.
760 804 799 832 A.
815 806 869 833 40.

120 847 308 884 maleficiis,
348 858 421 886 quae
460 848 494 878 in
534 847 590 877 illo
628 850 760 877 constat
795 857 869 877 esse.

120 890 216 921 Brut.
235 892 288 921 62.
312 892 366 921 cui
383 892 492 922 Titius
510 902 632 921 nomen
649 896 719 933 estu

167 933 317 971 Sumere,
342 935 375 964 in
400 945 434 964 re
459 936 654 975 pecuniaria
679 938 731 964 est
757 944 869 964 versu-

123 987 195 1007 ram
223 978 342 1008 facere.
379 978 450 1008 Att.
479 979 546 1008 xiii.
574 980 604 1009 6.
643 988 743 1018 quam
770 988 870 1017 pecu-

124 1022 214 1056 niam
232 1026 324 1051 tutor
342 1026 504 1053 sumserat
527 1023 561 1052 in
585 1022 721 1052 Achaia.
753 1022 870 1051 *eme-

123 1073 171 1101 re,
188 1064 390 1104 comparare.
414 1066 455 1095 ad
472 1066 548 1096 Div.
562 1067 614 1096 vii.
628 1068 681 1097 ⁶23.
704 1066 790 1095 tanti
808 1066 870 1095 ista

124 1113 269 1147 quatuor
299 1115 356 1138 aut
383 1111 530 1148 quinque
561 1111 715 1140 sumsisti.
763 1109 869 1138 Graeci

123 1152 249 1191 pariter
270 1153 316 1182 sic
341 1152 459 1182 dicunt
483 1152 516 1183 ‘rb
538 1153 706 1192 λαιμέοίνειν.
739 1152 870 1182 *susci-

123 1204 201 1235 pere
218 1195 330 1225 Vat'in.
354 1198 402 1226 ll.
425 1207 553 1227 sumere
569 1197 774 1226 inimicitias.
798 1196 870 1226 Att.

125 1248 154 1268 v.
176 1242 203 1269 l.
235 1250 274 1269 ex
298 1241 426 1269 ratione
449 1245 559 1271 sumta
583 1241 730 1270 offensio.
759 1240 871 1280 *prae-

125 1282 234 1313 missae
261 1282 442 1323 syllogismi
473 1284 634 1314 dicuntur
660 1284 759 1314 sumi.
798 1283 870 1314 Fin.

124 1326 173 1356 iii.
190 1329 221 1357 Β.
254 1327 343 1365 quod
358 1328 565 1358 efficiebatur
582 1338 622 1357 ex
639 1327 781 1364 duobus,
797 1337 871 1366 quae

124 1375 222 1400 erant
254 1375 375 1401 sumta.
413 1371 514 1401 Acad.
546 1371 587 1401 iv.
620 1373 672 1402 521.
710 1371 737 1401 si
769 1381 788 1400 a
818 1381 872 1401 me

123 1423 279 1452 sumsero,
305 1420 351 1450 et,
374 1425 448 1453 quae
470 1420 506 1444 ‘tu
536 1415 618 1444 mihi
642 1415 712 1451 das,
738 1425 874 1454 accepe-

126 1467 183 1495 ro3
209 1467 318 1488 meam
335 1459 538 1488 sententiam
557 1468 667 1488 veram
679 1458 843 1498 judicem.

172 1500 323 1532 Summa.
362 1502 473 1532 Rabir.
502 1503 591 1532 Post.
617 1505 648 1533 4.
679 1512 811 1532 summa
834 1502 873 1533 li-

125 1544 232 1575 tiumt
257 1545 297 1575 de
321 1546 542 1576 aestimatione
567 1546 647 1584 litis,
668 1546 707 1576 ‹le
731 1556 797 1585 qua
819 1556 874 1576 su-

126 1598 197 1629 pra.
226 1589 391 1619 *TuseuL
409 1590 455 1620 iii.
474 1592 525 1620 ⁶23.
557 1589 628 1619 haec
644 1591 750 1620 oratio
767 1590 806 1620 de
823 1591 874 1630 ip-

127 1641 166 1664 sa
193 1642 324 1663 summa
354 1633 433 1663 mali
463 1632 548 1663 nihil
577 1634 735 1663 detrahit.
774 1633 874 1664 *Ate

127 1686 181 1707 κν.
211 1679 237 1707 1.
271 1677 312 1706 ad
333 1687 519 1707 summam:
544 1677 576 1707 h.
598 1688 626 1707 e.
651 1683 689 1707 ut
707 1677 794 1708 brevi
820 1687 872 1707 me

127 1719 314 1761 expediam.
346 1730 375 1750 v.
393 1724 462 1751 not.
484 1720 590 1751 Graev.
619 1721 691 1758 *id‚
716 1732 781 1761 quo
803 1724 876 1751 tota

126 1773 180 1794 res
195 1764 294 1801 redit,
311 1774 375 1803 quo
398 1768 471 1794 tota
493 1765 699 1803 continetur,
717 1766 876 1804 quemad-

129 1808 266 1838 modum
284 1808 318 1837 in
336 1809 520 1839 rationibus
541 1818 672 1838 summa
687 1809 802 1839 omnia
818 1818 876 1839 no-

130 1852 223 1882 mina
237 1853 401 1882 continet.
425 1852 466 1882 ad
482 1852 558 1882 Div.
572 1863 604 1882 x.
619 1854 671 1883 25.
690 1854 784 1891 cujus
802 1862 877 1882 sen-

129 1896 247 1925 tentiae
264 1895 335 1925 haec
351 1902 403 1925 est
424 1906 566 1926 summa.
598 1896 677 1926 ibid.
694 1897 737 1927 vi.
756 1900 786 1930 7.
821 1907 877 1926 cu-

122 1939 180 1979 jus
202 1948 334 1969 summa
356 1944 407 1969 est
431 1940 593 1977 criminis,
617 1939 705 1979 quod
729 1947 877 1970 armatus

129 1982 317 2013 adversario
346 1982 514 2014 maledixi.
552 1983 623 2013 Att.
646 1994 676 2014 X.
702 1987 732 2015 5.
767 1994 876 2014 sermo

129 2027 271 2057 eandem
288 2027 356 2056 fere
374 2026 491 2057 habuit
503 2036 681 2058 summam.
707 2026 878 2057 *Summa

130 2069 322 2110 reipublieae
338 2075 389 2100 est
405 2080 470 2107 res,
487 2081 507 2101 a
522 2081 588 2109 qua
610 2071 698 2101 salus
714 2072 877 2101 universae

130 2113 323 2154 reipublicae
347 2114 482 2154 pendet.
516 2114 609 2144 Verr.
634 2115 668 2145 ii.
695 2118 744 2145 10.
776 2116 881 2155 perti-

131 2162 192 2187 net
206 2157 268 2187 hoc
292 2157 332 2187 ad
355 2168 520 2188 summam
543 2159 751 2199 reipublicae„
776 2159 877 2189 Catil.

131 2201 179 2232 iii.
197 2202 228 2231 6.
258 2201 410 2232 consului
427 2207 596 2240 senatum,
615 2202 654 2232 de
670 2212 801 2232 summa
818 2204 881 2233 rei-

132 2245 274 2285 puhlicae
291 2245 370 2284 quid
395 2246 465 2276 fieri
489 2246 646 2285 placeret.
692 2247 807 2276 Sermo
831 2251 882 2277 est

132 2289 173 2319 de
204 2289 434 2328 conjuratione
473 2289 682 2326 Cauliniana,
714 2295 749 2320 et
783 2291 880 2320 sociis

133 2332 291 2373 Catilinae
315 2332 504 2372 puniendis.
549 2333 699 2364 Graevius
723 2334 766 2363 ibi
787 2343 882 2373 repo-

133 2377 220 2408 suit:
246 2376 287 2406 de
301 2386 433 2406 summa
451 2376 630 2417 republica.
663 2377 731 2407 sed*
744 2382 779 2407 et
798 2377 881 2408 illud

133 2425 265 2451 rectum
295 2429 378 2457 esse,
406 2420 523 2450 multis
554 2420 716 2461 exemplis
747 2421 884 2451 demon—

133 2465 231 2494 strari
247 2468 371 2504 potest,
388 2469 424 2494 et
438 2464 535 2494 hodie
560 2469 694 2494 constat
717 2465 804 2495 inter
826 2466 884 2495 do-

134 2512 218 2538 ctos.
247 2507 319 2538 Inv.
336 2508 357 2537 i.
378 2508 425 2538 16.
456 2518 497 2537 ea
519 2518 592 2547 quae
613 2508 735 2538 dicturi
758 2509 882 2539 erimus

133 2551 221 2581 —ad
234 2561 399 2582 summam
415 2551 607 2591 reipublicae
632 2553 811 2592 pertinere.
841 2552 884 2582 ad

135 2594 213 2626 Div.
241 2596 310 2625 xiii.
338 2595 391 2626 68.
432 2605 494 2634 ego
526 2595 568 2624 ad
598 2600 644 2632 te,
671 2595 711 2625 (le
739 2596 881 2636 reipubl.

133 2648 268 2670 summa
292 2638 373 2677 quid
403 2639 560 2676 sentiam,
587 2649 653 2668 non
685 2649 772 2679 saepe
804 2640 883 2669 scri-

134 2681 226 2720 bam,
250 2685 386 2722 propter
408 2682 596 2722 periculum
620 2682 785 2722 ejusmodi
809 2683 884 2713 lite-

135 2735 260 2757 rarum.
292 2726 351 2756 &c.
400 2725 482 2756 Haec
498 2736 629 2765 quoque
647 2727 731 2756 ratio
748 2726 883 2765 elegans

134 2774 187 2801 est
225 2769 337 2800 Plane.
367 2770 419 2800 ⁶22.
467 2770 690 2807 denunciasti,
727 2770 805 2809 quid
843 2771 883 2801 de

133 2823 266 2846 summa
282 2813 475 2853 reipublicae.
495 2814 653 2843 sentires:
679 2823 753 2853 pro,
768 2817 883 2845 utrum

135 2857 305 2898 popularis
320 2866 421 2894 esses»,
438 2867 481 2887 an
505 2857 724 2896 optimatibus
747 2857 885 2888 faveres.

136 2900 178 2932 nd
190 2899 285 2934 Brut.
297 2901 396 2943 epist.
407 2904 530 2943 poster.
541 2903 571 2932 5.
588 2900 744 2934 voluntas
758 2910 834 2933 mea
845 2902 886 2933 de

1567 93 1652 134 44⁵

899 202 1032 223 summa
1061 193 1143 232 reip.
1169 200 1302 232 semper
1327 191 1444 223 eadem
1470 192 1548 232 fuit,
1577 202 1653 234 qun

900 240 969 266 tua.
1016 236 1103 267 Item
1127 245 1258 266 summa
1282 237 1362 277 reip.
1379 237 1503 267 dieitur
1517 247 1577 278 pro
1600 248 1653 268 re-

901 280 1036 320 publica.
1074 280 1227 310 universa
1264 280 1364 310 Dom.
1400 283 1427 311 l.
1475 281 1564 320 quod
1593 291 1652 313 vos

902 324 1080 354 Pontifices
1105 323 1240 353 eosdem
1265 329 1298 353 et
1322 323 1538 363 religionibus
1562 325 1654 356 Deo·

902 377 975 397 rum
1008 366 1249 397 immortalium
1282 372 1317 397 et
1344 378 1480 398 summae
1509 368 1653 409 reipubl.

902 420 1043 450 praeesse
1073 410 1272 448 voluerunt3
1306 416 1345 440 ut
1375 412 1574 451 amplissimi
1605 413 1654 443 ci-

903 462 960 484 ves
978 464 1081 493 remp.
1099 454 1181 483 bene
1206 454 1365 493 gerendo,
1384 456 1560 494 pontifices
1577 456 1654 486 reli-

904 498 1020 537 giones
1056 498 1226 538 sapienter
1261 498 1528 538 interpretando,
1566 509 1655 530 rem-

904 541 995 582 publ.
1027 546 1275 571 conservarent.
1322 542 1501 574 *Summa
1538 552 1652 574 rerum

906 585 1028 615 dicitur
1056 585 1095 614 de
1125 594 1258 615 summo
1288 585 1428 625 imperio
1458 587 1492 617 iu
1524 586 1654 627 republ.

906 629 1001 659 Rosc.
1018 629 1056 659 A.
1075 630 1126 659 32.
1157 628 1237 658 dum
1257 629 1283 658 is
1307 629 1341 658 in
1365 629 1437 660 aliis
1461 630 1557 661 rebus
1581 634 1654 661 erat

905 678 1102 712 occupatus,
1129 674 1184 711 qui
1212 682 1377 703 summam
1408 683 1520 704 rerum
1547 674 1654 704 admi-

905 717 1078 746 nistrabat.
1103 715 1260 746 *stemma
1277 716 1493 756 philosophiae
1511 723 1562 748 est
1578 718 1655 748 uni-

905 769 999 790 versa
1023 759 1243 800 philosophia,
1261 764 1331 798 aut,
1349 760 1436 800 quod
1458 766 1510 791 est
1530 762 1564 791 in
1582 761 1656 802 phi-

905 803 1054 843 losophia
1081 804 1300 844 praecipuum.
1331 804 1403 834 Fin.
1429 804 1463 834 ii.
1488 808 1539 839 527.
1572 816 1655 845 quo-

906 848 997 877 niam
1035 847 1143 877 omnis
1181 857 1311 877 summa
1356 847 1575 888 philosophiae
1611 848 1655 879 ad

906 891 1001 921 beate
1028 891 1209 921 vivendum
1237 890 1393 928 refertur,
1420 892 1518 931 idque
1547 889 1655 923 unum

905 940 1102 974 expetentes
1126 934 1277 965 homines
1301 945 1335 965 se
1359 935 1399 965 ad
1423 936 1486 966 hoc
1502 937 1655 968 studium

906 978 1134 1009 contulerunt.
1163 979 1246 1008 *Sic
1268 989 1398 1010 summa
1422 980 1567 1011 hominis
1591 984 1655 1018 est,

907 1022 995 1060 quod
1026 1023 1060 1052 in
1092 1022 1226 1052 homine
1258 1023 1485 1063 principatum
1512 1025 1656 1055 obtinet.

907 1066 978 1096 Fin.
1004 1076 1034 1096 v.
1066 1069 1115 1096 14.
1155 1067 1189 1096 in
1220 1066 1355 1096 homine
1383 1072 1497 1098 autem
1523 1078 1656 1099 summa

905 1111 1013 1139 omnis
1038 1110 1142 1140 animi
1166 1113 1228 1148 est,
1247 1117 1281 1140 et
1304 1112 1337 1140 in
1362 1112 1488 1149 animo,
1505 1112 1657 1143 rationis.

907 1152 994 1183 Item
1012 1154 1081 1184 fin.
1099 1154 1133 1184 ii.
1149 1156 1201 1184 31.
1233 1163 1438 1193 quamquam
1459 1165 1498 1185 ea
1514 1155 1656 1195 epistola.

907 1207 983 1227 cum
1000 1207 1129 1228 summa
1145 1198 1216 1234 ejus
1240 1197 1427 1238 philosophi
1446 1198 1539 1229 nullo
1557 1199 1656 1230 modo

905 1242 1131 1280 congruebat:
1165 1241 1198 1271 h.
1225 1251 1254 1272 e.
1286 1252 1363 1272 cum
1391 1243 1561 1282 praecipua
1583 1243 1656 1283 ejus

907 1285 1089 1322 sententia,
1114 1294 1188 1323 quae
1218 1289 1252 1315 et
1281 1286 1316 1315 in
1346 1286 1418 1326 ipsa
1446 1286 1658 1327 philosophia

909 1329 1063 1358 universa
1078 1329 1306 1369 principatum
1322 1334 1431 1367 tenet,
1444 1340 1564 1370 nempe
1578 1341 1657 1362 cum

908 1373 1079 1403 sententia
1094 1373 1163 1410 ejus
1180 1373 1220 1402 de
1244 1383 1377 1403 summo
1401 1374 1498 1404 bono.
1527 1374 1659 1405 *Sum-

910 1427 965 1446 ma
995 1416 1133 1446 rationis
1164 1416 1221 1447 Or.
1256 1417 1290 1447 ii.
1324 1420 1371 1448 18.
1407 1424 1458 1448 est
1487 1418 1659 1450 conclusio

908 1460 1184 1490 ratiocinationis.
1221 1461 1289 1501 *Q
1308 1461 1359 1491 Fr.
1379 1461 1425 1492 iii.
1444 1464 1474 1492 5.
1507 1462 1541 1492 in
1565 1463 1659 1493 omni

908 1514 1049 1541 summm,
1072 1509 1112 1534 ut
1136 1513 1264 1542 mones,
1288 1504 1383 1535 valde
1408 1515 1461 1535 me
1486 1506 1526 1536 ad
1549 1507 1659 1537 otium

909 1557 1093 1588 pacemque
1118 1554 1293 1578 converto:
1326 1549 1359 1579 h.
1383 1559 1412 1579 e.
1440 1550 1475 1579 in
1503 1551 1595 1580 omni
1622 1560 1658 1581 re

909 1591 973 1621 hoc
996 1601 1160 1622 summum
1193 1592 1291 1630 duco,
1315 1593 1378 1623 hoc
1404 1593 1558 1633 inprimis
1583 1603 1659 1634 age,

910 1640 950 1666 ut
967 1645 1019 1665 me
1037 1635 1078 1665 ad
1094 1645 1210 1675 pacem
1229 1641 1434 1666 convertam.

957 1679 1170 1709 Smnmanus.
1202 1680 1273 1710 Att.
1291 1691 1321 1711 x.
1342 1685 1369 1712 l.
1400 1681 1464 1711 nisi
1485 1680 1569 1711 forte
1594 1681 1660 1712 iste

913 1721 1116 1753 Summanus
1131 1725 1161 1753 ei
1176 1728 1289 1763 potest
1304 1725 1514 1765 persuadere.
1543 1726 1660 1756 Sermo

913 1772 964 1797 est
981 1766 1020 1796 de
1040 1767 1180 1797 Caesare.
1221 1767 1284 1797 Sed
1301 1769 1356 1798 alii
1373 1768 1499 1799 hahent
1512 1779 1662 1800 summa·

914 1811 994 1841 rius.
1019 1810 1073 1840 alii
1090 1810 1379 1850 aliterlegendum
1392 1817 1549 1843 censent:
1572 1817 1662 1844 tam*-

915 1864 1029 1893 quam,
1048 1855 1279 1894 nummarius3
1305 1857 1383 1895 quia
1406 1857 1440 1886 in
1457 1856 1574 1887 eadem
1590 1858 1663 1897 epi-

915 1898 1002 1928 stola
1016 1898 1129 1938 paullo
1153 1904 1232 1928 ante
1257 1905 1367 1930 emtus
1392 1900 1587 1940 pacificator
1610 1900 1662 1931 di-

916 1942 1014 1971 citur.
1058 1943 1111 1971 Sic
1130 1943 1415 1982 numariijudices
1432 1944 1563 1974 suntin
1581 1943 1662 1974 Clu-

916 1986 1054 2015 entiana
1074 1985 1107 2016 h.
1123 1996 1152 2016 e.
1167 1987 1312 2026 pecunia
1334 1988 1416 2017 emti
1440 1994 1475 2017 et
1498 1989 1661 2029 corrupti.

915 2030 967 2060 De
986 2029 1168 2060 Summano
1183 2030 1278 2069 Jove,
1297 2041 1325 2062 v.
1344 2031 1418 2062 Ind.
1437 2031 1527 2062 Hist.

960 2072 1107 2104 Summe.
1144 2074 1262 2113 Quint.
1295 2078 1344 2109 19.
1374 2085 1502 2105 summe
1528 2079 1664 2107 constat

915 2117 1076 2147 officium.
1092 2117 1136 2147 ib.
1147 2120 1198 2148 ⁶21.
1215 2128 1341 2149 summe
1353 2120 1601 2160 concupiscere.
1617 2119 1663 2152 ib.

915 2162 967 2192 24.
990 2170 1116 2191 summe
1131 2166 1256 2200 petere.

962 2204 1152 2235 Summis-sio
1175 2205 1348 2236 orationis.
1381 2206 1437 2236 Or.
1455 2208 1507 2238 ⁶25.
1538 2209 1591 2237 est
1612 2209 1663 2237 te·

919 2249 1040 2278 nuitas.
1070 2252 1109 2278 ut
1133 2252 1168 2279 et
1193 2250 1370 2280 summisse
1399 2250 1509 2281 dicere
1536 2254 1588 2282 est
1613 2254 1664 2282 te·

920 2292 1044 2322 nuiter.

966 2335 1136 2367 Summus.
1162 2336 1262 2367 Arch.
1289 2339 1319 2368 8.
1348 2339 1471 2368 summi
1495 2336 1664 2377 homines,

921 2378 962 2408 de
979 2380 1130 2410 eruditis.
1160 2383 1179 2401 *ἓ
1192 2381 1307 2411 omnia
1328 2391 1460 2412 summa
1475 2381 1598 2422 facere,
1614 2387 1666 2414 est

921 2422 1030 2453 facere
1048 2428 1212 2462 quantum
1230 2425 1344 2465 possiS.
1369 2425 1439 2456 Att.
1453 2436 1504 2456 xv.
1527 2429 1576 2456 13.
1594 2435 1666 2458 sese

921 2466 961 2496 de
994 2468 1212 2498 attributione
1241 2470 1356 2499 omnia
1380 2479 1512 2500 summa
1536 2469 1667 2500 secisse.

922 2510 978 2540 Or.
1007 2511 1040 2540 ii.
1068 2513 1121 2542 2²0.
1162 2512 1213 2541 sin
1241 2512 1420 2551 videbitur,
1447 2523 1526 2543 cum
1552 2514 1668 2544 omnia

921 2564 1050 2584 summa
1085 2555 1216 2593 fecerit,
1246 2560 1363 2586 tamen
1402 2557 1444 2586 ad
1481 2557 1668 2588 mediocres

922 2603 1069 2628 oratores
1087 2608 1158 2628 esse
1174 2604 1353 2630 venturus:
1377 2600 1435 2630 ubi
1452 2600 1577 2630 frustra
1592 2600 1665 2634 Jac.

923 2640 1067 2671 Gronov.
1084 2646 1118 2672 et
1135 2642 1290 2673 Pearcius
1308 2644 1498 2674 rescribunt
1514 2654 1666 2677 summe:

923 2694 1000 2715 cum
1023 2685 1201 2725 vulgatum
1222 2687 1364 2717 eandem
1388 2688 1455 2717 vim
1481 2688 1616 2727 habeat,
1634 2693 1671 2723 et

922 2729 1111 2768 elegantius
1143 2731 1197 2760 sit.
1251 2730 1383 2770 Nempe
1414 2731 1570 2761 Pearcius
1600 2742 1669 2764 non

924 2774 1077 2812 capiebat
1106 2773 1206 2811 hujus
1234 2773 1390 2805 formulae
1422 2775 1502 2813 vim,
1535 2776 1591 2814 qui
1622 2777 1670 2808 ita

924 2816 1224 2856 interpretabatur,
1237 2822 1277 2847 ut
1287 2828 1418 2848 summa
1432 2819 1547 2848 omnia
1560 2818 1670 2851 facere

925 2864 1026 2897 esset,
1043 2869 1114 2890 esse
1138 2861 1325 2900 perfectum
1350 2863 1385 2892 in
1402 2862 1441 2892 iis
1459 2862 1570 2899 rebus,
1588 2872 1671 2903 quas

925 2904 1000 2943 quis
1017 2904 1230 2945 aggreditur:
1255 2905 1344 2947 quod
1360 2910 1412 2937 est
1434 2905 1569 2938 falsum.
1614 2907 1672 2940 Li·
