1920 3196
233 177 429 216 frequenter
446 173 518 211 fiat,
533 176 573 203 ut
585 172 703 203 Cicero
720 174 810 203 recte
834 172 989 214 praecipit

237 221 295 251 Or.
319 221 372 249 44.
409 227 486 247 nam
517 219 606 247 esset
631 226 709 246 cum
736 216 889 247 infinitus
912 220 987 247 tum

235 262 373 305 puerilis
397 261 500 291 labor.
545 259 610 290 Sed
635 259 677 290 ad
694 259 865 290 vincienda
887 260 988 290 verba

235 308 340 338 etiam
371 305 434 335 hoc
464 304 626 345 pertinet,
650 313 727 333 cum
750 303 800 333 ita
822 302 988 333 collocan-

236 356 306 389 tur,
321 355 360 380 ut
378 357 555 379 numerose
579 347 733 377 volvatur
752 350 787 376 et
803 347 900 377 cadat
915 357 989 377 ora-

234 395 307 433 tio3
333 393 421 433 quod
445 401 550 431 genus
574 391 733 421 orationis
756 394 874 431 aptum
891 400 988 420 vocau

237 443 308 475 tur,
326 437 379 467 cui
403 436 551 466 solutum
576 438 611 464 et
627 434 780 464 diffluens
797 435 989 474 opponitur.

239 483 350 521 Atque
375 480 414 510 de
432 480 492 509 boe
517 478 691 519 posteriori
708 487 843 517 genere,
860 477 986 507 vincire

238 526 341 557 verba
362 529 414 554 est
437 522 526 563 apud
551 522 747 552 Ciceronem
771 520 794 551 l.
811 531 840 551 c.
856 521 910 560 qni
936 528 988 551 est

238 569 331 600 locus
362 567 401 597 de
431 567 494 597 hoc
524 575 646 605 genere
678 565 987 604 praestantissimus.

239 615 312 654 agit
334 612 425 641 enim
450 610 489 640 de
513 609 576 639 hoc
599 608 760 639 orationis
785 617 906 647 genere
924 618 944 638 a
958 618 986 638 c.

241 661 294 689 50.
318 664 423 694 usque
447 653 489 684 ad
511 656 564 688 71.
597 652 660 682 Sed
683 652 861 682 sententiae
885 652 986 682 etiam

239 701 446 735 vinciuntur,
470 706 571 736 quam
599 696 780 735 Dionysius
807 701 904 725 vocat
930 694 987 724 κῶ-

241 751 300 776 λων
315 741 458 785 ἅρμογῆν,
475 746 510 771 et
531 738 661 782 ἓευτέςαν
676 740 727 772 τῆς
744 738 912 772 mesenum
929 739 990 769 ἑπι-

241 787 336 827 ςῆμης
359 783 482 827 θεωρίαν
503 784 596 820 facit,
613 785 647 813 in
671 784 853 823 primisque
877 792 991 812 neces-

241 831 368 862 sarium
391 838 462 859 esse
486 828 580 865 dicit,
596 827 637 857 τὰ
660 827 746 856 κῶλα
768 824 892 868 ἅρμὸσαι
915 826 989 868 πρὶς

242 874 385 910 hanam,
402 871 438 905 ὦς
461 869 552 902 οἰκεῖαι
575 868 728 910 φαίνεσθαι
744 869 795 899 καὶ
811 868 896 908 φίλα.
921 870 941 900 l.
961 880 989 900 c.

243 919 332 949 Sect.
350 920 380 949 7.
408 915 446 946 Id
462 920 575 945 autem
593 915 632 944 fit
649 913 791 943 artificio
807 912 988 952 periodico,

244 972 310 1002 quo
327 960 436 1001 plures
453 958 629 989 sententiae
648 967 716 988 una
737 956 875 997 periodo
898 966 988 987 com—

241 1004 501 1046 prehenduntur
528 1003 589 1039 ita,
619 1005 659 1031 ut
687 1010 848 1041 suspensa
876 1000 920 1030 sit
949 1000 989 1030 ab

243 1049 342 1080 initio
357 1047 427 1087 ejus
445 1056 548 1085 usque
566 1045 606 1075 ad
627 1045 729 1075 finem
753 1044 870 1081 oratio,
889 1048 989 1083 atque

243 1094 292 1124 ita
306 1103 324 1123 e
340 1091 490 1132 pluribus
506 1088 796 1120 enunciationibus
817 1098 990 1127 propemo-

244 1137 326 1167 dum
343 1145 412 1166 nna
428 1135 498 1165 fiat.
545 1132 745 1173 Exemplum
762 1132 806 1161 sit
822 1132 882 1161 hoc
897 1132 990 1161 Vei-r.

244 1181 266 1211 i.
283 1184 336 1211 41.
366 1184 508 1215 tutores,
525 1177 703 1217 pecuniam
727 1175 861 1216 praetori
884 1176 910 1205 si
929 1185 990 1215 pu-

245 1224 335 1266 pillae
359 1222 495 1253 nomine
519 1221 651 1258 darent,
675 1220 861 1260 praesertim
892 1228 991 1258 gran-

245 1267 336 1306 dem,
351 1265 635 1306 quemadmodum
659 1264 694 1295 in
711 1264 876 1293 rationem
892 1262 989 1293 indu-

245 1316 375 1348 cerent,
411 1308 693 1349 quemadmodum
731 1307 802 1337 sine
841 1306 990 1346 periculo

245 1355 324 1386 dare
355 1359 504 1395 possent,
536 1361 603 1383 non
639 1351 808 1382 videbant.
857 1350 897 1380 In
928 1350 990 1381 hac

246 1403 362 1430 autem
393 1397 611 1427 collocatione
637 1395 898 1431 sententiarum,
927 1404 993 1433 qua

243 1444 449 1479 vinciuntur,
466 1441 652 1481 respiciunt
668 1438 780 1469 Latini
796 1438 992 1479 plerumque

245 1487 288 1518 ad
311 1495 421 1517 rerum
447 1489 618 1521 naturam,
643 1486 681 1513 ut
709 1493 782 1522 quae
814 1486 934 1512 natura
958 1487 992 1512 et

245 1531 451 1571 cogitatione
477 1529 586 1570 priora
611 1527 692 1564 sint,
718 1536 757 1556 ea
785 1527 889 1556 etiam
920 1525 992 1556 loco

245 1576 357 1616 priora
379 1574 477 1610 fiant,
499 1577 674 1610 tamquam
698 1575 738 1601 ut
761 1580 874 1607 causa,
894 1570 992 1607 ratio,

246 1618 396 1649 conditio
412 1617 536 1657 priores
551 1616 621 1645 sint
637 1614 760 1644 effectu
777 1615 836 1644 διο.
864 1613 914 1644 Ex
930 1613 992 1643 hac

247 1665 360 1693 autem
385 1661 514 1691 ratione
537 1658 787 1689 vinciendarum
809 1658 994 1688 sententia-

248 1716 324 1737 rum
348 1705 401 1735 vel
418 1704 562 1735 maxime
579 1703 692 1733 existit
707 1711 869 1733 numerus
885 1706 994 1731 orato-

248 1751 328 1781 rius.
352 1749 408 1779 sed
422 1748 494 1778 haec
510 1757 569 1787 pro
584 1746 684 1786 hujus
701 1746 765 1776 loci
782 1746 909 1776 ratione
927 1745 995 1774 suf-

248 1794 376 1824 ficiant.
423 1791 524 1822 Plura
551 1791 608 1830 qui
638 1790 740 1828 volet,
771 1789 870 1820 adeat
900 1788 993 1819 illam

247 1837 474 1880 prolusionem
492 1840 654 1865 nostram.

295 1881 447 1917 Vinctus,
471 1887 681 1909 numerosus.
711 1876 769 1907 Or.
790 1879 842 1910 57.
875 1879 995 1916 poema

247 1929 299 1956 est
323 1925 422 1954 nimis
445 1924 606 1960 vinctum,
629 1925 669 1952 ut
695 1920 735 1950 (le
759 1920 925 1950 industria
946 1919 996 1949 fa-

249 1973 341 2000 ctum
367 1970 543 2009 appareat:
574 1975 683 1997 sermo
706 1963 798 2004 vulgi
821 1969 873 1994 est
896 1964 994 1993 nimis

246 2012 441 2044 dissolutus.
472 2010 572 2041 *non
602 2009 698 2046 liber,
729 2007 921 2047 impeditus.
954 2007 995 2036 ad

247 2057 326 2088 Div.
342 2057 384 2086 vi.
403 2059 434 2089 7.
463 2057 516 2084 tot
538 2053 635 2083 malis
659 2061 738 2082 cum
760 2053 905 2082 vinctum
920 2055 996 2081 tum

244 2100 405 2137 fractum,
421 2098 572 2129 studium
588 2095 764 2127 scribendi.

293 2143 490 2181 Vinculum,
513 2151 574 2182 per
602 2139 835 2180 metaphoram
863 2139 998 2177 elegan-

246 2192 300 2219 ter
323 2187 447 2217 dicitur
470 2186 578 2216 omnis
602 2193 714 2221 causa,
735 2187 873 2223 propter
896 2191 996 2221 quam

247 2231 372 2271 aliquid
389 2228 579 2260 faciendum
599 2232 660 2258 aut
681 2225 910 2257 omittendum
934 2228 997 2263 est,

246 2280 386 2316 propter
410 2283 511 2314 quam
542 2272 662 2312 aliquis
693 2269 878 2308 amandus3
913 2269 996 2299 item

247 2329 313 2357 res,
344 2327 411 2358 qua
447 2316 573 2356 aliquid
611 2319 843 2350 conservatur,
878 2312 998 2343 funda-

248 2367 418 2399 mentum,
433 2361 507 2391 fons
525 2361 585 2390 &c.
616 2359 658 2389 ad
673 2358 749 2388 Div.
765 2368 818 2389 xv.
839 2359 890 2387 11.
921 2361 997 2387 tum

246 2405 379 2438 accedit
400 2405 570 2435 vinculum
593 2403 799 2434 maximum:
825 2401 857 2431 h.
875 2411 906 2430 e.
928 2410 1000 2430 ma-

247 2451 341 2481 xima
356 2458 456 2480 causa
470 2451 607 2488 propter
626 2455 727 2486 quam
750 2449 784 2474 te
808 2454 920 2474 amare
944 2443 1000 2473 de·

245 2494 320 2525 beo.
365 2493 485 2531 Itaque
510 2491 626 2521 Cicero
650 2489 773 2520 alicubi
795 2488 895 2518 dicit:
920 2497 999 2517 cum

248 2547 289 2578 ςο
313 2536 395 2567 mihi
419 2545 535 2565 omnes
560 2543 683 2571 causae,
702 2532 820 2572 Quint.
839 2535 889 2563 15.
919 2541 996 2561 cum

250 2581 330 2612 alibi
361 2579 470 2609 dicat:
505 2577 620 2609 omnia
649 2577 793 2606 vincula.
831 2575 942 2614 Ligar.
967 2578 999 2608 7.

249 2633 413 2664 magnum
428 2623 610 2658 vinculum,
627 2619 715 2659 quod
737 2618 855 2650 iisdem
879 2617 999 2648 studiis

249 2677 382 2709 semper
393 2667 445 2697 usi
461 2674 588 2696 sumus.
614 2664 750 2694 Muren.
765 2666 817 2694 31.
836 2662 947 2701 aliquo
964 2666 998 2692 te

250 2722 328 2743 cum
345 2711 409 2741 hoc
431 2711 559 2740 vinculo
574 2708 656 2747 reip.
672 2717 743 2737 esse
760 2706 997 2745 conjunctum:

248 2756 283 2787 h.
311 2766 341 2786 e.
369 2763 471 2784 causa
499 2753 540 2783 ab
571 2752 644 2792 ipsa
673 2761 742 2791 rep.
773 2749 1000 2791 suppeditata.

250 2800 324 2831 Pin.
341 2799 387 2829 iii.
406 2799 459 2828 90.
488 2800 522 2827 et
537 2794 703 2836 quomodo
718 2794 894 2825 hominum
912 2793 1001 2823 inter

250 2842 404 2875 homines
420 2841 509 2882 juris
529 2848 601 2872 esse
615 2840 749 2871 vincula
763 2841 886 2879 putant
905 2836 952 2879 (h.
970 2846 1000 2868 e.

772 82 918 113 INDEX
947 84 1245 114 LATlNlTA'rls.

1028 183 1146 204 causas
1162 172 1310 211 idoneas,
1326 175 1463 214 propter
1483 182 1564 213 quas
1579 174 1775 204 societatem

1029 217 1119 247 inter
1141 226 1176 247 se
1200 214 1326 255 colant)
1351 217 1399 247 sic
1428 217 1557 248 homini
1588 217 1672 247 nihil
1688 217 1776 256 juris

1030 270 1102 290 esse
1125 270 1202 291 cum
1227 260 1350 291 bestiis.
1381 260 1506 291 Caeein.
1524 263 1576 293 25.
1603 261 1660 299 jus
1679 259 1775 290 civile

1031 304 1154 334 dicitur
1182 305 1351 335 vinculum
1375 304 1595 343 judiciorum,
1622 303 1709 343 quod
1737 312 1777 334 eo

1023 347 1154 386 judicia
1169 348 1339 378 nituntur.
1372 348 1506 379 Cluent.
1523 351 1575 379 53.
1605 348 1777 378 vinculum

1031 390 1218 430 dignitatis,
1245 391 1334 430 quod
1364 395 1538 422 conservat
1564 392 1776 431 dignitatem,

1030 434 1111 471 sive,
1143 438 1181 465 ut
1211 438 1287 474 post
1324 435 1418 472 dicit,
1448 435 1710 466 fundamentum
1742 438 1778 463 et

1030 477 1105 507 sons
1125 477 1312 517 dignitatis.
1343 478 1436 509 Balb.
1456 482 1506 511 15.
1535 481 1703 509 vinculum
1726 487 1777 507 re-

1029 521 1172 560 ligionis.
1209 521 1310 552 Tusc.
1334 533 1362 553 v.
1387 525 1440 557 ⁶29.
1471 522 1566 552 nulla
1587 526 1620 552 te
1644 523 1775 552 vincula

1031 565 1220 604 impediunt
1243 565 1346 596 ullius
1373 570 1472 596 certae
1500 565 1696 606 disciplinae.
1737 564 1779 594 ad

1030 608 1107 639 Div.
1133 619 1165 638 x.
1189 609 1220 639 6.
1257 610 1392 639 vincula
1413 615 1606 648 temporum
1636 615 1672 639 te
1699 617 1779 639 cum

1030 651 1094 681 illis
1114 653 1374 691 conjunxerunt.
1405 653 1462 683 Or.
1479 656 1532 684 23.
1563 654 1699 683 vincula
1715 661 1779 682 nu-

1032 705 1212 726 merorum.
1236 695 1302 725 vid.
1318 697 1464 733 vinctus,
1482 697 1618 726 vincire.

1080 739 1286 770 l‘'z'ndemiola
1305 739 1347 769 ad
1363 740 1434 769 Art.
1451 741 1473 769 i.
1494 743 1543 770 10.
1573 739 1612 769 de
1637 739 1781 780 pecunia

1032 782 1173 813 collecta
1188 783 1364 823 paullatim
1383 786 1417 813 et
1432 792 1616 822 comparsa.

1079 826 1273 864 Vindicare‚
1292 827 1421 866 punire.
1452 827 1546 857 Verr.
1562 836 1593 857 v.
1610 829 1663 857 50.
1681 825 1781 856 vehe-

1032 875 1166 900 menter
1186 871 1356 901 vimlicare
1376 870 1411 900 in
1435 870 1533 900 cives.
1564 870 1659 900 offic.
1683 870 1705 900 i.
1727 872 1781 901 30.

1032 914 1089 952 qui
1112 912 1152 944 T.
1176 913 1318 944 Gracchi
1341 913 1489 954 perditos
1512 918 1651 944 conatus
1673 913 1780 943 vindi·

1031 958 1129 987 cavit.
1160 956 1347 988 *vindicias
1371 967 1479 997 agere.
1506 958 1564 988 Or.
1582 958 1603 988 i.
1624 961 1673 988 10.
1704 966 1783 997 age-

1033 1005 1110 1032 rent
1132 1004 1247 1031 tecum
1271 1001 1657 1040 lege—vindicarentque
1671 1001 1783 1031 ornati

1032 1044 1428 1084 homines—quibuscum
1459 1045 1521 1076 tibi
1545 1046 1640 1084 justo
1670 1054 1780 1075 sacra-

1033 1092 1146 1118 mento
1170 1088 1370 1119 contendere
1393 1098 1461 1118 non
1477 1088 1606 1119 liceret.
1634 1087 1780 1118 *defen-

1033 1132 1120 1162 dere.
1165 1132 1269 1163 Flace.
1306 1135 1354 1166 17.
1389 1133 1554 1163 vindicetis
1591 1133 1697 1162 civem
1739 1132 1780 1162 ab

1031 1175 1241 1215 ignotissimo
1266 1176 1415 1216 Pliryge3
1439 1185 1486 1206 sc.
1508 1176 1691 1215 rejiciendo
1707 1176 1778 1215 ejus

1031 1220 1275 1250 testimonium.
1308 1220 1349 1250 ad
1372 1220 1449 1250 Div.
1474 1221 1529 1250 xii.
1552 1220 1600 1250 16.
1631 1220 1781 1259 turpitu-

1034 1263 1076 1293 do
1093 1273 1243 1304 personae
1259 1264 1342 1303 ejus,
1361 1264 1395 1293 in
1419 1273 1519 1302 quam
1537 1263 1671 1294 liberius
1688 1264 1780 1294 inve-

1035 1307 1160 1344 himur,
1185 1316 1244 1337 nos
1267 1308 1451 1338 vindicabit.
1481 1307 1501 1326 *⁵
1514 1307 1626 1338 Rabir.
1645 1308 1736 1337 Post.
1750 1311 1782 1342 9.

1034 1350 1254 1391 perpetienda
1275 1351 1333 1381 illa
1354 1351 1508 1388 fuerunt,
1531 1356 1571 1381 ut
1602 1351 1783 1391 aliquando

1035 1404 1070 1424 se
1094 1394 1137 1424 ad
1159 1404 1235 1425 suos
1253 1395 1454 1425 vindicaret:
1484 1395 1658 1426 Manutius
1681 1395 1785 1425 inter-

1035 1442 1201 1478 pretatur,
1231 1444 1271 1469 ut
1307 1438 1483 1478 aliquando
1517 1439 1559 1468 ad
1587 1448 1663 1469 suos
1691 1441 1784 1469 tam-

1036 1492 1136 1521 quam
1154 1492 1171 1512 e
1187 1483 1348 1513 servitute
1362 1482 1454 1521 regia
1470 1483 1505 1512 in
1521 1481 1714 1512 libertatem
1729 1492 1783 1512 re-

1036 1526 1107 1556 dire
1138 1531 1261 1565 posset.
1307 1526 1457 1556 Graevius
1489 1530 1604 1556 autem
1635 1526 1782 1557 latinum

1037 1569 1099 1600 hoc
1116 1579 1200 1607 esse,
1216 1574 1251 1600 et
1274 1569 1416 1609 intelligi
1435 1579 1531 1610 posse
1555 1576 1668 1609 negat,
1686 1570 1785 1609 legit-

1038 1623 1119 1652 que:
1146 1618 1185 1644 ut
1201 1623 1235 1643 se
1251 1613 1430 1653 aliquando
1451 1617 1485 1643 et
1499 1623 1575 1644 suos
1590 1614 1784 1652 vindicaret,

1030 1667 1159 1697 ‘nempe
1177 1666 1196 1687 a
1211 1657 1341 1687 damnis
1356 1657 1581 1687 fortunarum.
1623 1657 1709 1688 Mihi
1725 1667 1785 1688 au-

1038 1706 1109 1731 tem
1125 1705 1159 1730 et
1175 1700 1274 1731 lectio
1298 1705 1444 1741 recepta,
1460 1705 1495 1731 et
1519 1701 1720 1738 Manutiana
1734 1701 1788 1732 in·

1035 1746 1236 1785 terpretatio
1266 1745 1437 1785 probatur.
1491 1744 1654 1785 Exempla
1683 1745 1783 1789 hujus

1038 1789 1297 1819 constructionis
1328 1792 1425 1819 sunt'
1444 1789 1534 1829 apud
1571 1789 1714 1820 Gronov.
1743 1788 1786 1820 ad

1038 1833 1111 1863 Liv.
1128 1832 1204 1862 xliv.
1225 1835 1272 1863 14.

1086 1877 1259 1913 Vindicioe‚
1290 1880 1342 1907 est
1378 1876 1603 1906 controversia
1631 1876 1785 1913 forensis,

1040 1920 1079 1950 de
1108 1920 1314 1960 possessione
1341 1919 1482 1960 alicujus
1508 1920 1569 1956 rei,
1596 1929 1697 1959 quam
1727 1929 1788 1950 no·

1040 1970 1144 1994 stram
1169 1973 1238 1994 esse
1262 1964 1417 2001 dicimus,
1441 1974 1519 1994 cum
1549 1964 1633 1994 alius
1657 1968 1785 1994 teneat.

1041 2007 1135 2038 Verr.
1161 2008 1183 2037 i.
1209 2009 1262 2038 45.
1305 2018 1364 2048 pro
1396 2007 1505 2047 praede
1536 2006 1603 2038 litis
1630 2008 1786 2038 vindicia-

1041 2061 1118 2082 rum
1133 2051 1212 2081 satis
1229 2051 1318 2082 dare.
1349 2051 1423 2082 Mil.
1440 2053 1492 2085 27.
1523 2051 1659 2091 injustae
1680 2051 1787 2082 vindi-

1039 2105 1108 2126 czoe.

1087 2138 1250 2170 Vindicta.
1283 2139 1396 2170 Rabir.
1419 2138 1514 2169 Perd.
1532 2141 1562 2170 5.
1592 2148 1661 2169 una
1683 2139 1789 2169 vindi-

1041 2187 1095 2214 cta
1118 2182 1282 2214 liberavit.
1313 2182 1398 2223 Top.
1412 2184 1443 2214 (Ζ.
1472 2182 1618 2213 vindicta
1640 2182 1723 2212 liber
1738 2182 1788 2213 fa-

1041 2231 1108 2256 tus.
1140 2227 1180 2256 ad
1204 2237 1234 2266 q.
1251 2226 1273 2256 l.
1292 2226 1452 2257 Boethius
1477 2226 1570 2262 dicit,
1588 2235 1658 2256 esse
1676 2227 1788 2266 virgu-

1043 2270 1125 2306 lam,
1149 2279 1249 2309 quam
1275 2270 1374 2300 lictor
1396 2278 1500 2300 manu
1522 2269 1679 2300 mittendi
1703 2271 1788 2302 servi

1044 2314 1144 2354 capiti
1160 2314 1348 2354 imponens,
1364 2323 1441 2344 eum
1459 2314 1494 2343 in
1509 2312 1700 2344 libertatem
1716 2314 1788 2344 vin-

1043 2358 1188 2395 dicabat,
1205 2357 1358 2396 quaedam
1381 2357 1482 2387 verba
1496 2356 1648 2387 solennia
1663 2357 1789 2388 dicens.

1044 2401 1246 2432 Scholiastes
1274 2407 1388 2431 autem
1415 2401 1519 2431 Persii
1544 2400 1587 2431 ad
1616 2401 1684 2432 Sat.
1708 2404 1740 2433 5.
1771 2411 1791 2432 a

1045 2449 1187 2486 praetore
1204 2446 1306 2485 capiti
1320 2445 1512 2485 impositam
1528 2444 1621 2476 dicit.
1666 2445 1711 2476 Et
1727 2444 1790 2475 hoc

1043 2490 1164 2519 verius.
1211 2489 1265 2518 Sic
1288 2490 1391 2519 etiam
1413 2488 1521 2518 Graeci
1542 2487 1620 2519 JCti
1638 2488 1791 2519 tradunt.

1042 2542 1073 2563 v.
1107 2532 1248 2562 Casaub.
1279 2532 1321 2563 ad
1350 2533 1439 2562 Pers.
1470 2541 1503 2572 p.
1535 2531 1792 2566 417.†0rmula

1043 2583 1135 2606 erat:
1160 2576 1250 2606 hunc
1265 2586 1326 2616 ego
1341 2576 1513 2606 hominem
1529 2574 1672 2606 liberum
1693 2582 1728 2607 et
1745 2576 1793 2606 ci-

1043 2629 1118 2650 vem
1143 2620 1239 2650 Rom.
1263 2629 1333 2650 esse
1358 2617 1423 2657 aid‘,
1447 2622 1487 2649 ut
1509 2618 1615 2649 Graeci
1637 2619 1793 2651 tradunt.

1043 2662 1157 2693 Latini
1180 2668 1294 2693 autem
1319 2664 1384 2693 sic:
1410 2663 1463 2693 aio
1478 2666 1513 2692 te
1530 2662 1672 2693 liberum
1697 2673 1789 2694 more

1042 2707 1239 2748 Quiritium.
1274 2706 1342 2737 vid.
1371 2707 1468 2737 Viros
1499 2706 1614 2736 doctos
1646 2706 1689 2737 ad
1720 2707 1791 2738 Caii

1042 2750 1154 2780 Instit.
1171 2751 1193 2780 i.
1218 2754 1244 2781 l.
1261 2761 1290 2780 c.
1310 2753 1339 2781 1.
1369 2751 1403 2780 in
1428 2749 1630 2789 Schultingii
1646 2750 1790 2792 Jurispr.

1044 2793 1276 2825 Ante-Justin.
1294 2804 1326 2834 p.
1339 2797 1396 2824 n.
1418 2795 1468 2826 12.
1484 2793 1542 2824 ed.
1560 2793 1653 2835 Lips.

1089 2837 1169 2877 Vir,
1184 2837 1225 2870 de
1243 2838 1364 2869 marito
1379 2841 1430 2869 est
1445 2836 1487 2869 ad
1503 2837 1579 2869 Div.
1595 2838 1662 2868 viii.
1679 2840 1712 2871 ἵ.
