1920 3196
581 297 932 366 INDEX
981 298 1562 366 SIGNORUM.

360 554 424 608 IN
439 574 598 606 indicibus
618 571 802 612 digerendis
817 575 1034 606 commoditas
1048 574 1240 616 postulavit,
1256 579 1293 605 ut
1309 584 1366 614 per
1389 573 1501 605 omnia
1514 573 1680 604 Ciceronis
1697 581 1795 613 opera

358 617 553 659 quibusdam
572 620 743 646 uteremur
757 616 858 653 notis,
874 626 947 656 quae
961 617 1074 648 ordine
1089 617 1142 649 bae
1156 623 1233 648 sunt
1250 628 1256 646 ε
1281 616 1335 647 ubi
1350 616 1415 647 duo
1429 621 1508 646 sunt
1531 616 1672 652 numeri,
1688 615 1795 656 primo

356 662 526 707 signantes
541 658 674 706 lilwrum,
689 658 831 689 secundo
845 664 945 700 caput
960 660 1166 691 Gruterianae
1181 658 1402 691 distinctionis
1417 670 1427 696 ;
1452 658 1485 688 id
1498 657 1584 698 quod
1599 663 1632 688 et
1656 658 1690 688 in
1714 665 1795 699 pra-

357 703 495 735 cedente
509 700 615 732 indice
631 699 850 734 observatum.

360 779 442 810 Her.
458 778 485 808 Ι.
505 780 533 807 l.
664 775 705 806 ad
718 775 923 807 Herennium
940 778 1022 808 liber
1038 777 1175 818 primuS,
1189 780 1288 816 caput
1302 778 1456 815 primum.

360 822 441 853 Her.
456 820 499 850 11.
522 822 548 849 l.
664 817 705 848 ad
721 817 926 850 Herennium
939 819 1020 850 liber
1036 819 1208 855 secundus,
1224 822 1323 859 caput
1339 818 1496 857 primum.

359 864 442 895 Her.
458 861 520 894 111.
540 863 566 891 l.
665 860 706 890 ad
720 859 927 892 Herennium
942 861 1026 892 liber
1039 862 1171 898 tex-tim,
1186 866 1287 901 caput
1301 861 1458 900 primum.

357 906 442 937 Her.
458 905 505 936 IV
532 906 558 934 1.
663 902 704 933 ad
721 902 927 934 Herennium
940 904 1024 935 liber
1036 908 1184 943 quartus,
1199 906 1296 943 caput
1310 902 1465 942 primum.

358 949 430 980 Iuv.
445 947 474 978 1.
493 949 521 978 l.
662 944 702 975 de
717 945 911 977 Inventione
923 947 1006 978 liber
1020 947 1158 987 primus,
1174 950 1273 986 caput
1286 945 1442 985 primum.

359 991 432 1022 lnv.
448 990 494 1020 II.
511 992 538 1020 1.
658 987 698 1018 de
714 988 909 1019 Inventione
922 989 1003 1020 liber
1017 988 1190 1025 secunduS,
1202 991 1303 1028 caput
1315 987 1469 1027 primum.

358 1033 417 1064 Or.
434 1032 461 1063 1.
478 1035 503 1062 1.
661 1029 700 1061 de
714 1030 853 1062 Oratore
867 1031 950 1063 liber
964 1032 1101 1072 primus,
1116 1036 1216 1072 caput
1229 1029 1386 1070 primum.

358 1076 417 1107 Or.
434 1074 479 1106 11.
498 1078 526 1105 l.
661 1071 700 1103 de
715 1072 854 1104 Oratore
868 1074 951 1105 liber
964 1073 1137 1110 secundus,
1151 1078 1250 1113 caput
1264 1072 1419 1112 primum.

358 1119 416 1150 Or.
431 1117 495 1148 111.
515 1120 541 1148 1.
659 1115 698 1146 de
713 1115 852 1147 Oratore
868 1115 950 1147 liber
963 1117 1095 1153 tertius,
1111 1120 1211 1156 caput
1224 1115 1377 1155 primum.

359 1161 456 1193 Brut.
662 1158 784 1189 Brutus
810 1167 866 1189 seu
882 1158 921 1190 de
935 1159 1030 1190 claris
1047 1158 1253 1190 Oratoribus.

359 1203 418 1235 Or.
435 1212 510 1233 cum
524 1210 590 1232 uno
608 1209 756 1231 numere.
801 1200 924 1232 Orator
938 1202 979 1233 ad
991 1203 1040 1234 M.
1055 1202 1209 1232 Brutum.

357 1246 445 1287 Top.
801 1243 831 1274 Τ
832 1245 937 1284 opica.

357 1289 477 1320 Partit.
808 1286 1006 1317 partitiones
1018 1286 1191 1317 Oratoriae.

357 1331 438 1372 opt.
455 1340 530 1370 gen.
545 1339 594 1360 or.
808 1327 1044 1368 Fragmentum
1060 1329 1098 1359 de
1113 1328 1240 1368 optimo
1255 1335 1372 1366 genere
1387 1324 1578 1355 Oratorum.

358 1373 475 1414 Quint.
809 1370 926 1402 Oratio
942 1382 1000 1412 pro
1016 1371 1166 1412 Quintio,

359 1417 456 1447 Rosc.
473 1415 585 1446 Amer.
808 1412 924 1444 Oratio
940 1424 999 1454 pro
1013 1414 1131 1445 Roscio
1147 1412 1316 1443 Amerino.

359 1459 434 1490 Div.
450 1468 525 1489 cum
539 1467 606 1488 uno
622 1464 772 1488 numero.
810 1455 981 1487 Divinatio
996 1457 1030 1487 in
1044 1456 1086 1496 Ω.
1101 1455 1284 1492 Caecilium,
1299 1464 1326 1485 5.
1340 1453 1374 1484 in
1390 1451 1502 1484 Caecil.

358 1505 433 1533 Act.
448 1500 474 1531 I.
488 1501 584 1532 Verr.
714 1498 809 1529 Actio
824 1499 930 1538 prima
946 1498 979 1529 in
993 1499 1140 1529 Verrem.

358 1546 451 1576 Verr.
471 1543 498 1574 l.
715 1541 862 1572 Actionis
877 1541 1029 1572 secundae
1043 1542 1077 1571 in
1092 1541 1226 1571 Verrem
1242 1539 1324 1571 liber
1339 1536 1477 1578 primus.

359 1588 452 1618 Verr.
469 1586 515 1616 11.
714 1581 862 1614 Actionis
876 1583 1026 1615 secundae
1041 1585 1074 1614 in
1092 1583 1226 1614 Verrem
1241 1582 1323 1613 liber
1335 1578 1506 1611 secundus.

359 1631 387 1661 V
390 1640 452 1661 err.
467 1628 530 1660 111.
714 1626 862 1657 Actionis
877 1626 1025 1657 secundae
1041 1627 1076 1657 in
1089 1625 1224 1657 Verrem
1240 1625 1321 1655 liber
1335 1622 1464 1654 tertius.

360 1673 389 1703 V
391 1682 455 1704 err.
472 1671 530 1703 IV.
716 1668 863 1700 Actionis
874 1668 1025 1699 secundae
1039 1669 1072 1700 in
1087 1669 1222 1700 Verrem
1238 1667 1320 1698 liber
1332 1670 1481 1706 quartuS.

362 1716 456 1747 Verr.
472 1714 513 1745 V.
718 1711 865 1742 Actionis
878 1711 1028 1742 secundae
1043 1712 1076 1742 in
1091 1711 1227 1743 Verrem
1240 1710 1323 1741 liber
1336 1707 1480 1749 quintus.

360 1757 458 1789 Font.
717 1755 833 1785 Oratio
850 1764 908 1794 pro
925 1755 974 1785 M.
990 1754 1140 1785 Fonteio.

362 1800 486 1832 Caecin.
719 1797 836 1828 Oratio
853 1807 910 1838 pro
926 1798 1068 1828 Caecina.

362 1843 481 1874 Manil.
718 1839 834 1870 Oratio
849 1850 908 1880 pro
924 1839 995 1879 lege
1010 1839 1161 1870 Manilia.

363 1886 498 1917 Cluent.
724 1882 839 1913 Oratio
856 1892 914 1923 pro
931 1882 1098 1913 Cluentio.

363 1929 439 1960 Cor.
456 1928 550 1968 Frag.
565 1928 593 1959 1.
723 1924 891 1956 Orationis
906 1935 965 1965 pro
981 1924 1018 1955 C.
1035 1922 1187 1956 Cornelio
1202 1922 1426 1962 fragmentum
1440 1920 1596 1961 primum.

362 1971 446 2011 Tog.
462 1970 555 2002 cand.
725 1967 893 1999 Orationis
908 1968 943 1998 in
957 1971 1037 2007 toga
1049 1964 1187 1998 candida
1202 1967 1437 2005 fragmentum.

363 2014 442 2054 Agr.
457 2013 485 2044 1.
761 2011 900 2050 Agraria
914 2010 1019 2051 prima
1033 2010 1068 2040 in
1083 2008 1232 2040 Rullum.

364 2059 446 2097 Agr.
465 2055 510 2087 II.
757 2053 897 2092 Agraria
909 2051 1052 2083 secunda
1064 2052 1098 2082 in
1112 2050 1261 2082 Rullum.

365 2099 444 2140 Agr.
461 2098 526 2130 111.
759 2095 895 2136 Agraria
906 2095 1006 2126 tertia
1019 2095 1054 2124 in
1069 2093 1217 2125 Rullum.

368 2143 405 2174 C.
420 2142 502 2174 Rab.
518 2150 543 2172 s.
558 2140 642 2172 Rab.
659 2137 752 2169 Pei-d.
824 2137 940 2169 Oratio
954 2146 1014 2178 pro
1031 2136 1066 2167 C.
1080 2136 1214 2167 Rabirio
1229 2134 1460 2177 perduellioni·
1476 2143 1544 2165 reo.

368 2185 443 2216 Cat.
462 2184 488 2215 I.
824 2180 941 2211 Oratio
958 2179 1064 2220 prima
1078 2179 1112 2209 in
1128 2178 1320 2210 Catilinam.

368 2228 442 2259 Cat.
460 2227 504 2258 ΙΙ.
825 2223 941 2253 Oratio
955 2220 1098 2252 secunda
1112 2221 1145 2251 in
1160 2221 1340 2251 Catilinam

369 2269 443 2300 Cat.
462 2269 525 2300 111.
823 2265 940 2297 Oratio
951 2265 1051 2295 tertia
1065 2263 1100 2294 in
1113 2263 1302 2295 Catilinam.

371 2312 444 2343 Cat.
461 2311 516 2343 lv.
825 2307 942 2339 Oratio
956 2311 1075 2346 quarta
1089 2306 1123 2336 in
1140 2305 1332 2338 Catilinam.

371 2354 502 2385 Muren.
822 2350 938 2381 Oratio
951 2358 1010 2389 pro
1023 2349 1059 2379 L.
1076 2350 1227 2379 Murena.

371 2396 480 2428 Flacc.
821 2393 936 2424 Oratio
950 2401 1009 2432 pro
1024 2391 1062 2422 L.
1078 2391 1205 2422 Flacco.

372 2439 455 2470 Sull.
818 2436 935 2466 Oratio
949 2444 1007 2474 pro
1024 2435 1060 2465 P.
1076 2433 1177 2465 Sulla.

373 2483 475 2514 Arclr.
818 2478 934 2509 Oratio
946 2486 1006 2516 pro
1021 2476 1056 2506 P.
1072 2476 1201 2508 Licinio
1215 2475 1349 2507 Archia.

369 2525 414 2555 ad
428 2526 522 2565 Quir.
539 2537 571 2566 p.
586 2524 667 2554 Red.
819 2521 935 2551 Oratio
951 2523 1025 2559 post
1039 2519 1180 2549 reditum
1195 2518 1236 2549 ad
1249 2518 1406 2559 Quirites.

373 2568 408 2597 in
424 2568 499 2599 Sen.
517 2578 548 2608 p.
565 2566 646 2598 Red.
819 2563 935 2594 Oratio
951 2566 1025 2601 post
1042 2561 1184 2592 reditum
1198 2561 1233 2592 in
1248 2561 1384 2592 Senatu.

372 2609 474 2640 Dom.
819 2605 935 2636 Oratio
951 2613 1009 2644 pro
1026 2603 1146 2634 Domo.

374 2651 458 2683 Har.
477 2662 560 2693 resp.
819 2647 935 2678 Oratio
950 2646 988 2676 de
1003 2646 1225 2686 Haruspicum
1240 2645 1412 2686 responsis.

372 2694 486 2727 Plane.
818 2690 936 2721 Oratio
950 2698 1009 2728 pro
1026 2688 1172 2720 Plancio.

371 2737 462 2768 Sext.
820 2731 935 2763 Oratio
951 2741 1009 2771 pro
1023 2731 1146 2762 Sextio.

371 2780 452 2810 vat.
822 2775 939 2805 Oratio
953 2774 987 2803 in
1000 2774 1115 2805 Vatin.

372 2820 455 2852 Coel.
823 2817 940 2847 Oratio
954 2826 1014 2855 pro
1027 2816 1142 2848 Coelio.

373 2863 470 2896 Prov.
487 2866 587 2897 Cous.
824 2859 940 2890 Oratio
956 2858 995 2890 de
1009 2858 1183 2899 provinciis
1198 2856 1433 2888 consularibus

372 2906 468 2938 Balb.
823 2901 939 2936 Oratio
953 2910 1013 2942 pro
1028 2901 1069 2933 L.
1085 2899 1239 2933 Cornelio
1256 2899 1369 2930 Balbo.
