1920 3196
284 133 368 173 390

289 232 307 250 *-
321 231 389 261 Att.
408 241 437 260 v.
460 234 490 261 3.
515 240 634 270 ponere
656 230 801 271 aliquem
826 233 860 262 iu
885 234 1026 271 gratiam

291 274 380 315 npud
415 274 572 313 aliquem.
601 274 666 304 vid.
693 275 810 314 gratia.
850 275 956 306 tibial.
985 278 1028 307 xi.

292 320 347 350 22.
380 321 417 347 ut
441 318 563 347 multos
587 318 656 347 dics
681 319 714 348 in
739 318 898 358 oppidum
916 325 1029 359 ponat.

288 361 469 396 'Manutius
486 362 744 401 interpretatur:
770 362 838 391 dies
856 369 1031 394 consumat

292 407 330 438 in
359 406 477 435 itinere
504 405 546 434 ad
569 405 741 444 oppidum.
770 405 875 436 *ibid
900 406 955 436 xii.
979 411 1030 436 51.

293 449 358 481 hoc
376 453 539 485 metuere,
555 448 696 478 alterum
722 449 756 479 in
780 455 874 479 metu
892 459 958 480 nou
976 461 1033 491 po-

295 502 384 523 nere.
408 492 440 522 h.
457 502 485 522 e.
502 502 568 521 non
584 491 773 522 timendum
791 500 920 532 putare.

343 536 518 575 Pontifices
534 540 613 565 sunt
631 545 824 565 communes
848 536 1034 567 sacerdotes

298 579 452 608 omnium
468 579 628 609 Deorum.
653 579 715 608 vid.
731 578 812 618 Leg.
830 580 864 609 ii.
883 584 913 610 ὅ.
937 580 1034 610 divis-

299 632 365 661 que
382 622 453 652 aliis
470 622 670 659 sacerdotes,
683 622 836 653 omnibus
849 623 1034 663 Ponlg'fices‚

299 666 440 704 siugulis
457 665 606 695 flamines
626 671 737 695 sunto.
783 666 876 696 Inter
899 667 1036 705 Pontifi-

299 719 349 739 ces
372 713 484 739 autem
509 710 662 749 princeps
685 709 762 745 fuit,
783 709 939 749 Pontg'fea·
961 710 1037 740 Μα-

299 754 420 784 ximus.
445 752 563 792 reliqui
580 752 835 791 distinguuntur
850 755 882 783 in
897 754 1036 793 majores

299 802 336 826 et
360 797 515 826 minores.
562 796 704 834 Maiores
734 796 906 834 patricios,
929 798 1038 827 mino-

299 850 366 877 res,
383 849 524 878 quorum
542 840 668 869 mentio
687 839 767 869 Har.
782 840 822 870 R.
839 841 868 870 6.
892 840 1036 880 plebeios

297 884 420 914 statuit
454 883 594 913 Guther.
617 883 690 912 Jur-
714 884 836 914 Pontif.
860 884 882 913 i.
910 887 958 917 17.
984 885 1036 914 22.

302 926 416 957 Livius
434 933 550 956 contra
574 927 652 956 xxii.
672 930 723 960 57.
752 927 874 957 scribas
898 927 1037 957 Pontifi-

307 981 386 1000 ‹·um
413 971 480 999 suis
507 971 713 1010 temporibus
731 970 906 1010 Pontifices
932 971 1038 1000 mino-

303 1024 355 1044 res
387 1014 492 1044 dictos
523 1014 584 1050 ait,
615 1023 716 1052 quem
745 1015 838 1052 sequi
868 1014 1038 1045 debemus.

304 1057 371 1090 Sed
385 1057 553 1094 Gutherii,
570 1057 722 1087 Panvinii
745 1060 779 1087 et
794 1058 934 1097 Ruperti
951 1068 1040 1087 erro-

306 1111 358 1132 res
370 1100 409 1130 de
420 1101 626 1141 ponlg'ficibus
638 1101 820 1131 minoribus
834 1101 956 1131 refellit
970 1101 1039 1131 No-

305 1145 362 1174 ris.
381 1144 423 1174 ad
447 1143 632 1183 Cenotaph.
651 1145 716 1174 Pis.
740 1144 826 1174 Diss.
842 1145 863 1174 i.
880 1155 908 1175 c.
925 1148 954 1175 5.
984 1145 1040 1175 ubi

306 1192 419 1226 totum
438 1187 606 1218 Ciceronis
623 1188 781 1229 (Harusp.
793 1188 833 1218 R.
847 1187 891 1226 6.)
912 1189 952 1218 de
966 1187 1041 1218 Col-

306 1231 395 1269 legio
425 1231 558 1261 Pontiff.
585 1231 696 1261 locum
723 1231 889 1261 difficilem
919 1231 1042 1271 planis-

306 1275 390 1305 sime
406 1275 562 1315 explicat.
606 1275 765 1305 Dukerus
785 1279 898 1305 autem
923 1275 964 1305 ad
986 1275 1042 1304 Li-

305 1318 399 1348 vium
409 1318 431 1348 1.
443 1329 470 1348 c.
481 1319 690 1348 consentiens
703 1319 835 1349 Norisio
845 1319 879 1348 in
894 1329 945 1356 eo,
955 1319 1042 1358 quod

306 1360 482 1402 Pontg'fiees
497 1362 640 1392 minores
656 1366 755 1402 putat
766 1371 831 1392 non
844 1363 1042 1402 pertinuisse

304 1405 347 1435 ad
371 1405 559 1445 Collegium
577 1405 792 1445 I’onlg'ficum,
809 1406 896 1445 quod
912 1406 1043 1446 proprie

305 1449 443 1486 dieitur,
467 1449 584 1486 credit,
600 1448 681 1478 olim
705 1459 811 1479 unum
834 1454 969 1479 tantum
992 1454 1044 1479 ta-

308 1491 376 1522 lem
402 1492 543 1522 scribam
569 1493 684 1529 fuisse,
708 1493 804 1523 nixus
831 1493 903 1523 loeo
926 1493 1044 1523 eodem

306 1535 408 1573 Livii,
438 1540 513 1576 post
542 1541 679 1565 auctum
720 1546 911 1566 numerum.
970 1537 1044 1567 Van

308 1578 419 1611 Dalen
436 1585 548 1609 autem
562 1579 659 1619 plane
676 1580 898 1619 repudiandus
911 1584 974 1616 est,
988 1580 1042 1619 qui

308 1624 452 1655 Dissert.
471 1623 510 1652 ad
528 1623 649 1653 Marm.
662 1628 729 1652 ant.
743 1633 818 1663 pag.
834 1627 904 1658 198.
930 1624 1045 1654 Ponlz'-

305 1667 403 1706 ficem
425 1666 588 1696 minorem
613 1670 710 1706 putat
726 1667 851 1705 Regem
875 1677 1044 1698 sacrorum

309 1710 429 1740 fuisse:
464 1720 542 1739 eum
567 1714 602 1739 et
626 1720 678 1749 ap.
705 1711 900 1740 Ciceronem
925 1711 947 1740 l.
967 1721 995 1741 c.
1011 1716 1046 1740 et

308 1753 458 1790 ¹Macrob.
485 1753 653 1783 Saturnal.
679 1754 700 1783 i.
728 1757 777 1784 15.
809 1753 897 1784 clare
928 1754 1047 1785 distin-

308 1802 468 1837 guantur.

355 1841 461 1879 Papa.
485 1850 601 1881 caupo.
629 1840 700 1870 Mil.
717 1842 770 1871 24.
794 1840 850 1870 ubi
866 1850 895 1871 V.
911 1840 1045 1870 Abram.

356 1884 543 1924 popularis,
560 1885 615 1922 qui
640 1891 691 1914 est
714 1894 754 1913 ex
777 1884 892 1913 eodem
911 1885 1046 1924 populo,

313 1926 450 1967 δημὲτης.
482 1927 562 1965 Leg.
589 1928 609 1957 i.
626 1929 678 1957 (2.3.
712 1937 778 1957 non
797 1929 966 1966 popularis
988 1928 1048 1957 ali—

311 1973 406 2011 cujus
425 1971 554 2000 definiti
571 1971 647 2007 loci,
663 1970 720 2000 sed
735 1971 813 2000 civis
830 1972 933 2001 totius
950 1980 1049 2000 mun-

314 2015 357 2044 di.
392 2014 463 2044 Att.
490 2025 521 2044 x.
553 2017 578 2043 l.
618 2014 732 2051 Solon,
759 2016 928 2053 popularis
958 2020 1048 2044 tuus.

311 2061 364 2088 *a
391 2057 514 2097 populo
543 2058 701 2094 tributus,
726 2064 831 2088 ortus.
868 2059 968 2088 Dom.
1000 2061 1049 2089 18.

311 2101 419 2132 honor
436 2103 616 2141 popularis.
648 2100 733 2131 Phil.
750 2101 794 2131 xi.
808 2104 840 2135 7.
870 2102 1050 2141 imperium

308 2146 469 2186 populare
485 2154 618 2184 semper
632 2147 806 2174 ventosum
827 2150 888 2174 est.
917 2145 998 2184 Leg.
1015 2146 1050 2175 ii.

314 2192 347 2219 4.
379 2188 431 2218 lex
449 2190 629 2228 popularis.
660 2187 814 2228 *populo
836 2189 995 2226 usitatus,
1010 2189 1052 2219 ad

314 2232 386 2272 ejus
403 2237 540 2271 captum
557 2232 840 2261 accommodatus.
866 2232 931 2262 Off.
948 2232 982 2262 ii.
1003 2235 1052 2263 10.

310 2276 528 2316 popularibus
542 2275 650 2305 verbis
671 2275 838 2314 agendum
856 2279 890 2305 et
901 2276 1043 2306 usitatis.

315 2320 411 2352 Orat.
428 2319 461 2348 ii.
480 2322 532 2350 33.
558 2320 727 2359 popularis
749 2319 890 2349 trutina.
923 2319 1053 2359 ²“popu-

316 2364 400 2393 laris
422 2372 519 2402 porro
541 2367 592 2391 est
616 2362 718 2399 idem,
743 2362 799 2400 qui
827 2362 944 2399 civilis,
966 2363 1053 2393 bono

317 2416 430 2443 sensu,
455 2405 588 2435 dicitur.
608 2405 678 2435 Fin.
698 2415 729 2435 v.
746 2407 798 2437 23.
829 2405 929 2436 homo
953 2405 1053 2437 habet

315 2451 477 2480 innatum
508 2448 666 2488 quiddam
697 2449 791 2478 civile
821 2455 855 2478 et
880 2452 1052 2489 populare,

316 2492 405 2532 quod
428 2491 535 2522 Graeei
557 2491 715 2522 πολιτικὸν
738 2496 872 2522 vocant.
900 2493 1055 2523 *studio-

315 2546 372 2567 sus
403 2535 531 2576 populi,
562 2538 699 2574 ejusque
730 2537 872 2575 gratiam
904 2540 1054 2576 captans,

315 2580 421 2610 etiam
439 2589 516 2608 cum
536 2579 738 2608 detrimento
762 2579 902 2618 reipubl.
918 2586 953 2609 et
976 2590 1055 2610 eon—

315 2627 371 2654 tra
386 2623 610 2660 honestatem,
627 2622 667 2651 de
683 2632 748 2661 quo
765 2629 814 2651 est
835 2622 926 2653 locus
944 2624 1053 2653 elassi-

317 2677 376 2696 cus
393 2667 484 2696 Sext.
500 2669 553 2696 45.
583 2675 682 2704 quem
697 2666 823 2695 tirones
840 2666 965 2704 legant.
989 2668 1053 2697 Off.

318 2710 342 2742 ἰ.
360 2711 412 2740 ⁶25.
440 2709 495 2739 alii
506 2712 695 2749 populares,
712 2709 766 2738 alii
785 2709 922 2739 studiosi
935 2711 1055 2750 optimi

318 2754 480 2792 cujusque
511 2755 571 2783 «Kc.
631 2753 696 2782 Sed
734 2752 846 2792 paullo
884 2753 1055 2784 honestius

316 2796 398 2835 Agr.
415 2797 448 2826 ii.
465 2799 537 2827 3.4.
550 2798 742 2836 popularem
759 2795 938 2826 Consulem
952 2807 986 2826 se
1004 2797 1056 2827 fu-

317 2845 433 2870 turum
459 2839 646 2879 pollicetur.
678 2848 798 2878 nempe
822 2849 910 2877 vere,
928 2849 994 2870 non
1018 2841 1056 2870 fi-

318 2889 373 2913 ete
389 2888 423 2912 et
439 2883 604 2912 fallaciter
613 2883 821 2922 popularem,
834 2889 873 2913 ut
889 2891 940 2913 est
956 2884 1056 2916 Doni.

316 2928 371 2964 29.
404 2926 511 2958 *hinc
527 2926 612 2958 ratio
630 2927 813 2966 popularis,
830 2926 871 2958 ad
894 2927 972 2961 Div.
987 2928 1009 2959 i.
1025 2929 1061 2961 2.

800 145 943 173 INDEX
976 146 1270 174 LAT1N1TAT15.

1072 233 1161 262 Sext.
1187 236 1238 263 523.
1270 231 1398 262 Domit.
1421 235 1474 263 33.
1506 233 1604 263 Petit.
1629 234 1727 263 Cous.
1754 236 1804 264 11.

1071 277 1110 306 de
1142 276 1291 315 partibus
1318 277 1543 314 popularium,
1575 286 1655 315 quas
1686 277 1805 315 aliquis

1073 319 1244 358 amplexus
1270 322 1331 354 cst,
1354 329 1379 348 s.
1407 320 1517 349 studio
1549 320 1664 358 gratiae
1692 320 1805 359 populi

1073 362 1258 402 captandae.
1297 362 1445 403 *populo
1469 368 1595 402 gratus,
1619 364 1806 403 probabilis.

1074 407 1107 436 in
1127 405 1237 435 Ca’cil.
1255 409 1286 435 23.
1316 415 1436 436 nomen
1453 408 1641 437 censorium
1657 407 1730 445 jam
1749 417 1807 447 po-

1069 450 1190 489 pulare
1204 453 1237 479 et
1251 448 1424 489 plausibile
1446 451 1573 479 factum
1594 454 1655 479 est.
1687 450 1758 480 Att.
1775 461 1807 480 x.

1074 496 1106 523 4.
1131 492 1219 531 quod
1231 496 1365 532 putaret
1377 495 1565 534 popularem
1580 503 1649 522 esse
1662 493 1808 523 elemen-

1076 537 1172 566 tiam.
1197 535 1274 574 Agr.
1292 536 1324 565 ii.
1340 539 1371 566 4.
1395 537 1474 575 quid
1490 542 1540 566 est
1555 541 1624 566 tam
1636 539 1810 576 populare,

1077 589 1175 618 quam
1200 580 1286 619 pax?
1312 579 1330 597 *ἓ
1342 580 1491 617 illustris,
1510 586 1719 619 pervagatus,
1736 590 1809 620 spe-

1079 623 1197 652 ciosus.
1222 622 1299 661 Agr.
1317 623 1350 653 ii.
1373 627 1399 653 1.
1419 624 1590 664 popularis
1605 623 1675 652 laus
1691 629 1727 653 et
1741 623 1809 654 lux.

1079 666 1178 695 Acad.
1196 667 1238 696 iv.
1256 668 1287 696 ⁶2.
1321 677 1461 705 quorum
1488 667 1529 696 ad
1545 666 1688 696 illustres
1702 670 1737 696 et
1753 677 1811 706 po-

1072 712 1209 749 pulares
1238 709 1351 740 laudes
1375 710 1432 740 has
1455 711 1558 740 etiam
1580 711 1693 740 minus
1716 716 1814 740 notas

1079 752 1302 792 adjungimus.
1331 754 1410 784 ibid.
1426 753 1530 793 gloria
1543 754 1718 793 popularis.
1752 754 1813 783 Pe-

1077 797 1134 827 tit.
1163 797 1262 826 Cons.
1297 800 1345 828 13.
1389 803 1462 827 tota
1492 798 1621 836 petitio,
1652 807 1744 834 cura,
1774 803 1814 827 ut

1078 849 1210 880 pompae
1227 839 1326 880 plena
1340 841 1396 878 sit,
1411 845 1452 870 ut
1474 840 1624 877 illustris,
1641 845 1681 870 ut
1703 840 1814 880 splen-

1080 883 1169 920 dida,
1192 888 1232 914 ut
1248 886 1429 924 popularis.
1461 883 1533 913 *ad
1556 884 1717 923 populum
1742 893 1815 913 mo-

1079 927 1237 964 vendum,
1267 927 1490 964 incitandum,
1520 934 1628 966 aptus.
1667 927 1761 957 Verr.
1791 927 1814 957 i.

1081 972 1133 1001 58.
1164 970 1245 1009 quid
1261 971 1397 1001 tandem
1413 971 1534 1000 eratin
1557 970 1614 1000 illo
1636 980 1740 1010 puero
1757 981 1816 1010 po-

1074 1015 1224 1052 pulare?
1266 1014 1346 1053 quid
1375 1014 1597 1044 invidiosum?
1638 1014 1716 1044 ibid.
1747 1023 1813 1044 non

1081 1056 1170 1087 illius
1201 1062 1295 1094 aetas,
1325 1057 1382 1087 sed
1413 1067 1530 1087 causa:
1567 1067 1633 1087 non
1663 1058 1816 1094 vestitus,

1082 1100 1140 1130 sed
1165 1102 1302 1130 fortuna
1326 1102 1496 1141 popularis
1521 1100 1705 1131 videbatur.
1735 1101 1815 1130 ibid.

1084 1154 1191 1183 neque
1207 1148 1303 1174 eraut
1320 1145 1369 1174 hae
1386 1144 1540 1184 lacrymae
1557 1146 1731 1184 populares
1746 1154 1817 1174 ma-

1083 1188 1145 1226 gis,
1168 1198 1267 1228 quam
1293 1194 1415 1218 uostrae
1439 1189 1497 1217 διο.
1528 1187 1614 1217 *On
1630 1188 1664 1217 ii.
1682 1191 1732 1218 83.
1758 1198 1816 1228 po-

1078 1233 1211 1272 pularis
1240 1231 1365 1271 lapsus,
1390 1234 1423 1260 et
1451 1231 1552 1262 Tuse.
1575 1241 1604 1260 v.
1627 1232 1680 1261 36.
1712 1241 1817 1271 popu·

1085 1276 1165 1305 laris
1175 1275 1371 1312 offensi0‚de
1385 1275 1437 1312 iis,
1448 1276 1504 1313 qui
1519 1275 1553 1304 in
1567 1285 1601 1304 re
1612 1274 1735 1313 aliqua,
1744 1285 1818 1305 ora-

1083 1319 1189 1355 tione,
1206 1319 1335 1348 actione
1353 1318 1514 1358 populum
1526 1318 1749 1348 offenderunt.
1759 1318 1818 1348 Or.

1083 1364 1138 1392 44.
1163 1362 1267 1392 oratio
1277 1363 1465 1402 popularis:
1488 1361 1521 1392 h.
1538 1372 1567 1392 e.
1588 1361 1628 1391 ad
1644 1361 1819 1401 populum.

1083 1406 1124 1445 Ω.
1137 1405 1188 1435 Fr.
1201 1406 1222 1436 i.
1237 1409 1263 1435 1.
1282 1416 1309 1435 c.
1328 1409 1356 1436 8.
1369 1406 1538 1445 popularis
1547 1415 1696 1435 accessus
1706 1415 1744 1434 ac
1760 1405 1822 1435 tri-

1084 1449 1199 1479 bunal.
1227 1449 1459 1487 *Exquisitius
1482 1459 1520 1478 ae
1542 1448 1654 1478 durius
1671 1448 1755 1479 illud
1770 1451 1822 1479 est

1085 1492 1574 1532 Sext.30.popularissacerdos‚
1583 1492 1621 1521 de
1631 1491 1824 1532 Clodio‚per

1086 1536 1301 1574 ironiam,qui
1311 1536 1344 1565 in
1352 1536 1532 1565 sacrarium
1540 1535 1640 1565 Bonae
1649 1536 1729 1566 Deae
1738 1535 1823 1565 irru-

1086 1585 1194 1620 perat,
1207 1580 1263 1609 ubi
1277 1589 1334 1619 pro
1348 1579 1469 1619 populo
1478 1580 1573 1610 Rom.
1583 1588 1677 1608 saera
1685 1579 1822 1609 fiebant.

1131 1623 1357 1662 Populctrz'ter‚
1376 1633 1465 1652 more
1481 1622 1608 1663 populi,
1624 1627 1663 1651 ut
1679 1621 1822 1662 populus

1087 1667 1274 1705 intelligere
1291 1667 1405 1706 possit.
1428 1667 1509 1705 Leg.
1523 1667 1543 1696 i.
1561 1667 1591 1696 6.
1618 1667 1824 1706 populariter

1087 1709 1188 1749 loqui.
1222 1710 1293 1740 Fin.
1317 1720 1346 1739 v.
1370 1712 1400 1740 4.
1429 1711 1638 1749 populariter
1668 1710 1822 1739 scribere.

1087 1754 1106 1771 *·
1118 1754 1286 1791 seditiose,
1303 1753 1472 1783 invidiose.
1501 1753 1630 1783 Vei-rin.
1647 1753 1669 1782 i.
1687 1756 1739 1784 58.
1768 1762 1825 1783 me

1082 1799 1287 1838 populariter
1317 1806 1414 1835 agere
1445 1798 1505 1826 διο.
1544 1796 1609 1826 Off.
1640 1796 1674 1825 ii.
1707 1798 1759 1827 21.
1788 1797 1824 1826 in

1089 1841 1218 1880 agendo
1250 1839 1358 1870 multa
1387 1841 1605 1880 populariter,
1635 1844 1709 1870 tum
1741 1839 1826 1870 illud

1090 1884 1188 1914 male.
1214 1894 1242 1913 v.
1254 1885 1431 1923 popularis.

1134 1927 1293 1966 Populus.
1318 1927 1412 1957 verr.
1431 1927 1452 1957 i.
1467 1928 1520 1957 42.
1544 1932 1583 1956 ut
1598 1926 1737 1965 quaestio
1754 1926 1826 1966 ejus

1091 1970 1132 2000 ad
1152 1973 1309 2011 populum
1327 1971 1503 2010 pertineat.
1530 1969 1611 2009 Leg.
1628 1970 1674 1999 iii.
1695 1971 1744 2000 16.
1768 1971 1826 2008 ju-

1091 2014 1216 2044 dicium
1241 2015 1365 2054 populi.
1388 2014 1458 2044 haec
1482 2013 1647 2052 quomodo
1667 2013 1827 2052 capienda

1090 2059 1172 2094 sint,
1188 2068 1219 2088 v.
1243 2059 1278 2087 iu
1301 2057 1375 2087 lnd.
1399 2056 1503 2096 Legg.
1527 2057 1617 2096 Lege
1639 2056 1829 2087 Tabellaria.

1093 2101 1216 2131 Cassia.

1136 2144 1273 2175 Porcus.
1310 2144 1391 2183 Leg.
1422 2143 1456 2173 ii.
1486 2146 1540 2176 ⁶22.
1576 2155 1677 2184 porco
1702 2142 1829 2174 femina

1093 2187 1263 2228 piaculum
1280 2188 1360 2228 pati.
1378 2197 1406 2216 v.
1423 2187 1536 2219 Davis.
1552 2188 1594 2218 ad
1609 2187 1641 2218 h.
1658 2188 1680 2219 l.
1697 2192 1732 2217 et
1747 2196 1828 2226 quos

1094 2232 1138 2265 ibi
1154 2231 1279 2261 laudat.

1138 2273 1324 2305 Pom-ectus.
1341 2273 1412 2304 Att.
1429 2285 1458 2305 v.
1475 2278 1523 2306 18.
1536 2274 1757 2314 nequidinter
1766 2285 1831 2306 cae-

1093 2332 1131 2352 sa
1142 2324 1175 2350 et
1184 2323 1336 2358 porrecta
1348 2322 1387 2348 ut
1400 2320 1507 2356 aiunt,
1517 2319 1624 2348 oneris
1637 2319 1719 2349 mihi
1730 2318 1831 2349 adda-

1094 2371 1152 2395 tur
1161 2366 1219 2393 aut
1230 2362 1400 2401 temporis.
1427 2363 1560 2402 Proprie
1573 2367 1623 2392 est
1634 2366 1768 2402 tempus
1780 2363 1831 2393 in-

1093 2409 1274 2445 terjectum
1285 2406 1373 2435 inter
1381 2406 1524 2436 victimae
1534 2407 1787 2444 mactationem,
1795 2410 1832 2438 et

1095 2456 1248 2481 extorum
1258 2450 1292 2480 in
1301 2458 1391 2478 aram
1402 2449 1661 2489 impositionem,
1669 2459 1734 2488 quo
1742 2454 1832 2480 tem-

1096 2505 1174 2535 pore
1186 2494 1248 2523 fari
1260 2492 1350 2523 licet.
1383 2493 1469 2523 Exta
1479 2497 1644 2532 pmrecta,
1656 2497 1738 2523 sunt
1754 2496 1832 2524 exta

1097 2539 1175 2569 data
1190 2538 1276 2573 Deo,
1292 2541 1331 2565 ut
1345 2536 1392 2566 ait
1407 2536 1502 2566 Ovid.
1520 2537 1607 2567 Fast.
1624 2537 1645 2566 i.
1662 2539 1714 2567 51.
1739 2535 1836 2568 Inter

1097 2592 1183 2612 caesa
1193 2585 1228 2610 et
1236 2583 1389 2619 porrecta
1401 2584 1528 2617 autem,
1538 2590 1596 2620 per
1607 2580 1833 2619 proverbium,

1098 2625 1191 2655 nobis
1207 2623 1333 2662 aliquid
1353 2623 1476 2653 dicitur
1499 2623 1661 2661 accidere,
1677 2633 1755 2653 cum
1778 2633 1835 2653 ac-

1098 2669 1177 2698 cidit
1210 2667 1291 2697 dum
1322 2667 1394 2696 aliis
1418 2667 1514 2697 rebus
1544 2667 1668 2697 intenti
1702 2676 1833 2705 sumus,

1099 2716 1157 2742 aut
1173 2711 1346 2748 absumus,
1363 2720 1470 2749 neque
1494 2710 1588 2740 nobis
1603 2710 1644 2741 ab
1660 2720 1700 2740 eo
1716 2720 1832 2751 possu-

1099 2765 1173 2785 mus
1190 2763 1317 2784 cavere.

1143 2798 1259 2828 Porro.
1292 2797 1362 2828 Fin.
1378 2807 1409 2827 v.
1425 2798 1476 2829 26.
1508 2807 1548 2828 ea
1570 2806 1629 2827 nos
1649 2796 1738 2826 mala
1752 2796 1837 2827 dici-

1101 2852 1188 2879 mus,
1204 2841 1260 2871 sed
1276 2841 1407 2880 exigua,
1423 2845 1458 2871 et
1467 2849 1567 2881 porro
1583 2840 1734 2871 minima.
1761 2840 1834 2879 qui.-

1100 2885 1176 2915 dam
1214 2885 1501 2924 interpretanturz
1546 2893 1643 2924 sane,v
1673 2883 1835 2926 profecto.

1099 2928 1185 2969 Ego,
1202 2932 1301 2969 atque
1318 2927 1411 2960 adeo.
