<?xml version="1.0" encoding="UTF-8"?>
<!DOCTYPE html PUBLIC "-//W3C//DTD XHTML 1.0 Transitional//EN"
    "http://www.w3.org/TR/xhtml1/DTD/xhtml1-transitional.dtd">
<html xmlns="http://www.w3.org/1999/xhtml" xml:lang="en" lang="en">
 <head>
  <title>
</title>
<meta http-equiv="Content-Type" content="text/html;charset=utf-8" />
  <meta name='ocr-system' content='tesseract 3.04.00' />
  <meta name='ocr-capabilities' content='ocr_page ocr_carea ocr_par ocr_line ocrx_word'/>
</head>
<body>
  <div class='ocr_page' id='page_1' title='image "./clavisciceronian00erneuoft/clavisciceronian00erneuoft_0356.png"; bbox 0 0 1920 3196; ppageno 0'>
   <div class='ocr_carea' id='block_1_1' title="bbox 227 82 312 120">
    <p class='ocr_par' dir='ltr' id='par_1_1' title="bbox 227 82 312 120">
     <span class='ocr_line' id='line_1_1' title="bbox 227 82 312 120; baseline -0.012 0"><span class='ocrx_word' id='word_1_1' title='bbox 227 82 312 120; x_wconf 79' lang='lat'>350</span> 
     </span>
    </p>
   </div>
   <div class='ocr_carea' id='block_1_2' title="bbox 222 177 963 1131">
    <p class='ocr_par' dir='ltr' id='par_1_2' title="bbox 227 177 963 686">
     <span class='ocr_line' id='line_1_2' title="bbox 275 177 961 219; baseline 0.006 -11"><span class='ocrx_word' id='word_1_2' title='bbox 275 178 419 209; x_wconf 70' lang='lat' dir='ltr'>fllalitz‘a.</span> <span class='ocrx_word' id='word_1_3' title='bbox 451 177 531 209; x_wconf 81' lang='lat' dir='ltr'>Nat.</span> <span class='ocrx_word' id='word_1_4' title='bbox 563 178 606 210; x_wconf 89' lang='lat' dir='ltr'>D.</span> <span class='ocrx_word' id='word_1_5' title='bbox 633 179 678 209; x_wconf 89' lang='lat' dir='ltr'>iii.</span> <span class='ocrx_word' id='word_1_6' title='bbox 703 182 754 210; x_wconf 89' lang='lat'>30.</span> <span class='ocrx_word' id='word_1_7' title='bbox 782 179 863 219; x_wconf 87' lang='lat' dir='ltr'>quid</span> <span class='ocrx_word' id='word_1_8' title='bbox 893 182 961 212; x_wconf 86' lang='lat' dir='ltr'>sit?</span> 
     </span>
     <span class='ocr_line' id='line_1_3' title="bbox 229 221 963 262; baseline 0.004 -10"><span class='ocrx_word' id='word_1_9' title='bbox 229 221 250 241; x_wconf 72' lang='lat'>³¹²</span> <span class='ocrx_word' id='word_1_10' title='bbox 262 221 382 252; x_wconf 85' lang='lat' dir='ltr'>callida</span> <span class='ocrx_word' id='word_1_11' title='bbox 397 223 484 262; x_wconf 88' lang='lat' dir='ltr'>juris</span> <span class='ocrx_word' id='word_1_12' title='bbox 502 223 748 262; x_wconf 81' lang='lat' dir='ltr'>interpretatio,</span> <span class='ocrx_word' id='word_1_13' title='bbox 765 233 839 261; x_wconf 85' lang='lat' dir='ltr'>quae</span> <span class='ocrx_word' id='word_1_14' title='bbox 856 229 890 254; x_wconf 87' lang='lat' dir='ltr'>et</span> <span class='ocrx_word' id='word_1_15' title='bbox 910 235 963 255; x_wconf 86' lang='lat' dir='ltr'>ca-</span> 
     </span>
     <span class='ocr_line' id='line_1_4' title="bbox 232 265 962 307; baseline 0.004 -11"><span class='ocrx_word' id='word_1_16' title='bbox 232 265 361 296; x_wconf 88' lang='lat' dir='ltr'>lumnia</span> <span class='ocrx_word' id='word_1_17' title='bbox 379 266 512 296; x_wconf 90' lang='lat' dir='ltr'>dicitur.</span> <span class='ocrx_word' id='word_1_18' title='bbox 545 266 667 296; x_wconf 81' lang='lat' dir='ltr'>Caecin.</span> <span class='ocrx_word' id='word_1_19' title='bbox 689 269 715 297; x_wconf 94' lang='lat'>1.</span> <span class='ocrx_word' id='word_1_20' title='bbox 746 267 874 297; x_wconf 79' lang='lat' dir='ltr'>malitia</span> <span class='ocrx_word' id='word_1_21' title='bbox 891 269 962 307; x_wconf 83' lang='lat' dir='ltr'>jam</span> 
     </span>
     <span class='ocr_line' id='line_1_5' title="bbox 231 309 963 344; baseline 0.004 -6"><span class='ocrx_word' id='word_1_22' title='bbox 231 314 283 339; x_wconf 89' lang='lat' dir='ltr'>est</span> <span class='ocrx_word' id='word_1_23' title='bbox 298 310 473 339; x_wconf 85' lang='lat' dir='ltr'>usitatum.</span> <span class='ocrx_word' id='word_1_24' title='bbox 504 309 545 338; x_wconf 90' lang='lat' dir='ltr'>ad</span> <span class='ocrx_word' id='word_1_25' title='bbox 566 309 641 339; x_wconf 80' lang='lat' dir='ltr'>Div.</span> <span class='ocrx_word' id='word_1_26' title='bbox 659 310 702 340; x_wconf 83' lang='lat' dir='ltr'>ix.</span> <span class='ocrx_word' id='word_1_27' title='bbox 719 314 750 344; x_wconf 88' lang='lat'>7.</span> <span class='ocrx_word' id='word_1_28' title='bbox 781 310 963 341; x_wconf 85' lang='lat' dir='ltr'>calumnia-</span> 
     </span>
     <span class='ocr_line' id='line_1_6' title="bbox 231 352 961 389; baseline 0.004 -8"><span class='ocrx_word' id='word_1_29' title='bbox 231 356 286 382; x_wconf 85' lang='lat' dir='ltr'>tus</span> <span class='ocrx_word' id='word_1_30' title='bbox 323 362 411 389; x_wconf 89' lang='lat' dir='ltr'>sum,</span> <span class='ocrx_word' id='word_1_31' title='bbox 450 352 602 382; x_wconf 79' lang='lat' dir='ltr'>indicabo</span> <span class='ocrx_word' id='word_1_32' title='bbox 639 355 803 383; x_wconf 72' lang='lat' dir='ltr'>malitiam</span> <span class='ocrx_word' id='word_1_33' title='bbox 842 364 961 385; x_wconf 81' lang='lat' dir='ltr'>meam.</span> 
     </span>
     <span class='ocr_line' id='line_1_7' title="bbox 230 395 962 435; baseline 0.003 -9"><span class='ocrx_word' id='word_1_34' title='bbox 230 395 405 426; x_wconf 70' lang='lat' dir='ltr'>*sollertia</span> <span class='ocrx_word' id='word_1_35' title='bbox 422 401 456 426; x_wconf 89' lang='lat' dir='ltr'>et</span> <span class='ocrx_word' id='word_1_36' title='bbox 479 396 713 435; x_wconf 71' lang='lat' dir='ltr'>perspicacitas</span> <span class='ocrx_word' id='word_1_37' title='bbox 739 397 772 426; x_wconf 89' lang='lat' dir='ltr'>in</span> <span class='ocrx_word' id='word_1_38' title='bbox 797 396 879 427; x_wconf 81' lang='lat' dir='ltr'>dolis</span> <span class='ocrx_word' id='word_1_39' title='bbox 903 397 962 428; x_wconf 87' lang='lat' dir='ltr'>ho-</span> 
     </span>
     <span class='ocr_line' id='line_1_8' title="bbox 228 439 960 480; baseline 0.001 -11"><span class='ocrx_word' id='word_1_40' title='bbox 228 440 360 469; x_wconf 84' lang='lat' dir='ltr'>minum</span> <span class='ocrx_word' id='word_1_41' title='bbox 374 439 533 469; x_wconf 73' lang='lat' dir='ltr'>videndis.</span> <span class='ocrx_word' id='word_1_42' title='bbox 558 449 635 469; x_wconf 84' lang='lat' dir='ltr'>nam</span> <span class='ocrx_word' id='word_1_43' title='bbox 654 441 709 478; x_wconf 82' lang='lat' dir='ltr'>qui</span> <span class='ocrx_word' id='word_1_44' title='bbox 726 441 786 480; x_wconf 81' lang='lat' dir='ltr'>ipsi</span> <span class='ocrx_word' id='word_1_45' title='bbox 801 439 890 470; x_wconf 86' lang='lat' dir='ltr'>dolos</span> <span class='ocrx_word' id='word_1_46' title='bbox 905 451 960 470; x_wconf 86' lang='lat' dir='ltr'>nc-</span> 
     </span>
     <span class='ocr_line' id='line_1_9' title="bbox 227 483 960 522; baseline 0.003 -10"><span class='ocrx_word' id='word_1_47' title='bbox 227 487 319 512; x_wconf 84' lang='lat' dir='ltr'>ctere</span> <span class='ocrx_word' id='word_1_48' title='bbox 336 484 475 522; x_wconf 80' lang='lat' dir='ltr'>possint,</span> <span class='ocrx_word' id='word_1_49' title='bbox 488 483 509 512; x_wconf 87' lang='lat' dir='ltr'>ii</span> <span class='ocrx_word' id='word_1_50' title='bbox 525 484 624 512; x_wconf 80' lang='lat' dir='ltr'>etiam</span> <span class='ocrx_word' id='word_1_51' title='bbox 642 483 774 513; x_wconf 77' lang='lat' dir='ltr'>fraudes</span> <span class='ocrx_word' id='word_1_52' title='bbox 791 488 960 521; x_wconf 75' lang='lat' dir='ltr'>verentur,</span> 
     </span>
     <span class='ocr_line' id='line_1_10' title="bbox 227 526 960 563; baseline 0.003 -8"><span class='ocrx_word' id='word_1_53' title='bbox 227 530 263 556; x_wconf 85' lang='lat' dir='ltr'>et</span> <span class='ocrx_word' id='word_1_54' title='bbox 287 526 343 556; x_wconf 84' lang='lat' dir='ltr'>ubi</span> <span class='ocrx_word' id='word_1_55' title='bbox 368 527 464 563; x_wconf 86' lang='lat' dir='ltr'>fiant,</span> <span class='ocrx_word' id='word_1_56' title='bbox 489 526 612 557; x_wconf 74' lang='lat' dir='ltr'>vident.</span> <span class='ocrx_word' id='word_1_57' title='bbox 643 527 712 557; x_wconf 83' lang='lat' dir='ltr'>Att.</span> <span class='ocrx_word' id='word_1_58' title='bbox 737 538 788 556; x_wconf 87' lang='lat' dir='ltr'>xv.</span> <span class='ocrx_word' id='word_1_59' title='bbox 812 527 864 557; x_wconf 76' lang='lat'>526.</span> <span class='ocrx_word' id='word_1_60' title='bbox 899 528 960 557; x_wconf 86' lang='lat' dir='ltr'>nisi</span> 
     </span>
     <span class='ocr_line' id='line_1_11' title="bbox 229 569 959 609; baseline 0 -10"><span class='ocrx_word' id='word_1_61' title='bbox 229 573 289 599; x_wconf 81' lang='lat' dir='ltr'>tua</span> <span class='ocrx_word' id='word_1_62' title='bbox 305 571 431 599; x_wconf 67' lang='lat' dir='ltr'>malitia</span> <span class='ocrx_word' id='word_1_63' title='bbox 450 569 608 600; x_wconf 78' lang='lat' dir='ltr'>affixisset.</span> <span class='ocrx_word' id='word_1_64' title='bbox 634 570 733 600; x_wconf 65' lang='lat' dir='ltr'>*1³in.</span> <span class='ocrx_word' id='word_1_65' title='bbox 750 571 796 600; x_wconf 93' lang='lat' dir='ltr'>iii.</span> <span class='ocrx_word' id='word_1_66' title='bbox 816 573 863 600; x_wconf 92' lang='grc'>11.</span> <span class='ocrx_word' id='word_1_67' title='bbox 879 581 959 609; x_wconf 85' lang='lat' dir='ltr'>quas</span> 
     </span>
     <span class='ocr_line' id='line_1_12' title="bbox 227 611 959 653; baseline 0.003 -11"><span class='ocrx_word' id='word_1_68' title='bbox 227 612 335 643; x_wconf 77' lang='lat' dir='ltr'>Graeci</span> <span class='ocrx_word' id='word_1_69' title='bbox 348 611 456 646; x_wconf 74' lang='grc' dir='ltr'><strong><em>κακίας</em></strong></span> <span class='ocrx_word' id='word_1_70' title='bbox 467 613 650 653; x_wconf 83' lang='lat' dir='ltr'>appellant,</span> <span class='ocrx_word' id='word_1_71' title='bbox 661 614 741 643; x_wconf 83' lang='lat' dir='ltr'>vitia</span> <span class='ocrx_word' id='word_1_72' title='bbox 752 612 852 651; x_wconf 81' lang='lat' dir='ltr'>malo,</span> <span class='ocrx_word' id='word_1_73' title='bbox 860 624 959 653; x_wconf 85' lang='lat' dir='ltr'>quam</span> 
     </span>
     <span class='ocr_line' id='line_1_13' title="bbox 230 657 574 686; baseline 0 0"><span class='ocrx_word' id='word_1_74' title='bbox 230 657 374 686; x_wconf 72' lang='lat' dir='ltr'>malitias</span> <span class='ocrx_word' id='word_1_75' title='bbox 390 658 574 686; x_wconf 83' lang='lat' dir='ltr'>nominare.</span> 
     </span>
    </p>

    <p class='ocr_par' dir='ltr' id='par_1_3' title="bbox 226 698 959 948">
     <span class='ocr_line' id='line_1_14' title="bbox 272 698 959 736; baseline 0.001 -7"><span class='ocrx_word' id='word_1_76' title='bbox 272 700 465 736; x_wconf 69' lang='lat' dir='ltr'>fllalitiosus,</span> <span class='ocrx_word' id='word_1_77' title='bbox 482 699 632 729; x_wconf 84' lang='lat' dir='ltr'>callidus.</span> <span class='ocrx_word' id='word_1_78' title='bbox 662 698 725 730; x_wconf 84' lang='lat' dir='ltr'>Off.</span> <span class='ocrx_word' id='word_1_79' title='bbox 743 700 764 729; x_wconf 95' lang='lat' dir='ltr'>i.</span> <span class='ocrx_word' id='word_1_80' title='bbox 785 704 834 730; x_wconf 90' lang='lat'>10.</span> <span class='ocrx_word' id='word_1_81' title='bbox 864 702 959 730; x_wconf 78' lang='lat' dir='ltr'>mali-</span> 
     </span>
     <span class='ocr_line' id='line_1_15' title="bbox 226 743 958 783; baseline -0.001 -10"><span class='ocrx_word' id='word_1_82' title='bbox 226 745 307 773; x_wconf 76' lang='lat' dir='ltr'>tiosa</span> <span class='ocrx_word' id='word_1_83' title='bbox 335 744 418 782; x_wconf 84' lang='lat' dir='ltr'>juris</span> <span class='ocrx_word' id='word_1_84' title='bbox 450 743 692 783; x_wconf 76' lang='lat' dir='ltr'>interpretatio.</span> <span class='ocrx_word' id='word_1_85' title='bbox 737 744 801 773; x_wconf 80' lang='lat' dir='ltr'>Off.</span> <span class='ocrx_word' id='word_1_86' title='bbox 831 744 876 773; x_wconf 87' lang='lat' dir='ltr'>iii.</span> <span class='ocrx_word' id='word_1_87' title='bbox 910 748 958 774; x_wconf 76' lang='grc'>18.</span> 
     </span>
     <span class='ocr_line' id='line_1_16' title="bbox 228 786 959 817; baseline 0 -1"><span class='ocrx_word' id='word_1_88' title='bbox 228 787 311 817; x_wconf 87' lang='lat' dir='ltr'>mihi</span> <span class='ocrx_word' id='word_1_89' title='bbox 328 788 430 816; x_wconf 84' lang='lat' dir='ltr'>etiam</span> <span class='ocrx_word' id='word_1_90' title='bbox 455 797 538 817; x_wconf 82' lang='lat' dir='ltr'>verae</span> <span class='ocrx_word' id='word_1_91' title='bbox 556 786 756 817; x_wconf 71' lang='lat' dir='ltr'>hereditates</span> <span class='ocrx_word' id='word_1_92' title='bbox 774 796 840 817; x_wconf 90' lang='lat' dir='ltr'>non</span> <span class='ocrx_word' id='word_1_93' title='bbox 857 786 959 817; x_wconf 85' lang='grc'><strong>110110-</strong></span> 
     </span>
     <span class='ocr_line' id='line_1_17' title="bbox 227 831 957 867; baseline -0.001 -6"><span class='ocrx_word' id='word_1_94' title='bbox 227 836 287 861; x_wconf 84' lang='lat' dir='ltr'>stae</span> <span class='ocrx_word' id='word_1_95' title='bbox 312 831 478 867; x_wconf 78' lang='lat' dir='ltr'>videntur,</span> <span class='ocrx_word' id='word_1_96' title='bbox 503 831 528 860; x_wconf 91' lang='lat' dir='ltr'>si</span> <span class='ocrx_word' id='word_1_97' title='bbox 553 831 620 860; x_wconf 85' lang='lat' dir='ltr'>sint</span> <span class='ocrx_word' id='word_1_98' title='bbox 644 831 811 860; x_wconf 71' lang='lat' dir='ltr'><em>malitiosis</em></span> <span class='ocrx_word' id='word_1_99' title='bbox 836 831 957 860; x_wconf 86' lang='lat' dir='ltr'>officio-</span> 
     </span>
     <span class='ocr_line' id='line_1_18' title="bbox 226 874 957 913; baseline 0 -9"><span class='ocrx_word' id='word_1_100' title='bbox 226 883 301 904; x_wconf 82' lang='lat' dir='ltr'>rum</span> <span class='ocrx_word' id='word_1_101' title='bbox 328 874 497 904; x_wconf 82' lang='lat' dir='ltr'>blanditiis</span> <span class='ocrx_word' id='word_1_102' title='bbox 526 874 686 913; x_wconf 79' lang='lat' dir='ltr'>quaesitae,</span> <span class='ocrx_word' id='word_1_103' title='bbox 710 883 775 903; x_wconf 91' lang='lat' dir='ltr'>non</span> <span class='ocrx_word' id='word_1_104' title='bbox 805 875 957 911; x_wconf 86' lang='lat' dir='ltr'>veritate,</span> 
     </span>
     <span class='ocr_line' id='line_1_19' title="bbox 227 917 526 948; baseline -0.003 0"><span class='ocrx_word' id='word_1_105' title='bbox 227 918 286 948; x_wconf 87' lang='lat' dir='ltr'>sed</span> <span class='ocrx_word' id='word_1_106' title='bbox 302 917 526 948; x_wconf 81' lang='lat' dir='ltr'>simulatione.</span> 
     </span>
    </p>

    <p class='ocr_par' dir='ltr' id='par_1_4' title="bbox 222 960 957 1079">
     <span class='ocr_line' id='line_1_20' title="bbox 270 960 955 1001; baseline 0 -10"><span class='ocrx_word' id='word_1_107' title='bbox 270 961 442 998; x_wconf 59' lang='lat' dir='ltr'>lanatiore,</span> <span class='ocrx_word' id='word_1_108' title='bbox 474 971 534 1001; x_wconf 88' lang='lat' dir='ltr'>per</span> <span class='ocrx_word' id='word_1_109' title='bbox 570 960 786 991; x_wconf 84' lang='lat' dir='ltr'>calumniam.</span> <span class='ocrx_word' id='word_1_110' title='bbox 832 961 955 991; x_wconf 83' lang='lat' dir='ltr'>Caecin.</span> 
     </span>
     <span class='ocr_line' id='line_1_21' title="bbox 227 1005 957 1044; baseline 0 -10"><span class='ocrx_word' id='word_1_111' title='bbox 227 1008 258 1039; x_wconf 88' lang='lat'>7.</span> <span class='ocrx_word' id='word_1_112' title='bbox 294 1014 386 1034; x_wconf 82' lang='lat' dir='ltr'>novae</span> <span class='ocrx_word' id='word_1_113' title='bbox 411 1005 478 1034; x_wconf 80' lang='lat' dir='ltr'>litis</span> <span class='ocrx_word' id='word_1_114' title='bbox 501 1014 606 1044; x_wconf 78' lang='lat' dir='ltr'>genus</span> <span class='ocrx_word' id='word_1_115' title='bbox 629 1008 699 1034; x_wconf 85' lang='lat' dir='ltr'>tam</span> <span class='ocrx_word' id='word_1_116' title='bbox 725 1006 881 1035; x_wconf 76' lang='lat' dir='ltr'><em>malitiose</em></span> <span class='ocrx_word' id='word_1_117' title='bbox 908 1005 957 1034; x_wconf 91' lang='lat' dir='ltr'>in-</span> 
     </span>
     <span class='ocr_line' id='line_1_22' title="bbox 222 1048 389 1079; baseline -0.012 0"><span class='ocrx_word' id='word_1_118' title='bbox 222 1048 389 1079; x_wconf 77' lang='lat' dir='ltr'>tenderet.</span> 
     </span>
    </p>

    <p class='ocr_par' dir='ltr' id='par_1_5' title="bbox 267 1092 604 1131">
     <span class='ocr_line' id='line_1_23' title="bbox 267 1092 604 1131; baseline -0.003 -9"><span class='ocrx_word' id='word_1_119' title='bbox 267 1093 370 1122; x_wconf 80' lang='lat' dir='ltr'>Malle</span> <span class='ocrx_word' id='word_1_120' title='bbox 385 1101 460 1122; x_wconf 87' lang='lat' dir='ltr'>cum</span> <span class='ocrx_word' id='word_1_121' title='bbox 484 1092 604 1131; x_wconf 80' lang='lat' dir='ltr'>potius.</span> 
     </span>
    </p>
   </div>
   <div class='ocr_carea' id='block_1_3' title="bbox 226 1137 956 1218">
    <p class='ocr_par' dir='ltr' id='par_1_6' title="bbox 226 1137 956 1218">
     <span class='ocr_line' id='line_1_24' title="bbox 226 1137 956 1218; baseline -0.001 -9"><span class='ocrx_word' id='word_1_122' title='bbox 226 1137 476 1215; x_wconf 69' lang='lat' dir='ltr'>13fllalIequs,</span> <span class='ocrx_word' id='word_1_123' title='bbox 470 1179 504 1208; x_wconf 93' lang='lat' dir='ltr'>in</span> <span class='ocrx_word' id='word_1_124' title='bbox 529 1178 649 1208; x_wconf 84' lang='lat' dir='ltr'>vitibus</span> <span class='ocrx_word' id='word_1_125' title='bbox 673 1182 723 1207; x_wconf 85' lang='lat' dir='ltr'>est</span> <span class='ocrx_word' id='word_1_126' title='bbox 747 1177 873 1218; x_wconf 83' lang='lat' dir='ltr'>palmes</span> <span class='ocrx_word' id='word_1_127' title='bbox 898 1188 956 1208; x_wconf 93' lang='lat' dir='ltr'>no-</span> 
     </span>
    </p>
   </div>
   <div class='ocr_carea' id='block_1_4' title="bbox 199 1221 955 2916">
    <p class='ocr_par' dir='ltr' id='par_1_7' title="bbox 219 1221 955 1688">
     <span class='ocr_line' id='line_1_25' title="bbox 223 1221 955 1262; baseline 0.003 -12"><span class='ocrx_word' id='word_1_128' title='bbox 223 1232 297 1260; x_wconf 65' lang='lat' dir='ltr'>xus,</span> <span class='ocrx_word' id='word_1_129' title='bbox 315 1233 392 1252; x_wconf 87' lang='lat' dir='ltr'>cum</span> <span class='ocrx_word' id='word_1_130' title='bbox 415 1227 510 1262; x_wconf 88' lang='lat' dir='ltr'>parte</span> <span class='ocrx_word' id='word_1_131' title='bbox 535 1222 581 1261; x_wconf 80' lang='lat' dir='ltr'>lig</span> <span class='ocrx_word' id='word_1_132' title='bbox 570 1221 617 1251; x_wconf 93' lang='lat' dir='ltr'>ni</span> <span class='ocrx_word' id='word_1_133' title='bbox 642 1221 782 1251; x_wconf 87' lang='lat' dir='ltr'>durioris</span> <span class='ocrx_word' id='word_1_134' title='bbox 809 1222 848 1251; x_wconf 86' lang='lat' dir='ltr'>ab</span> <span class='ocrx_word' id='word_1_135' title='bbox 865 1228 955 1252; x_wconf 87' lang='lat' dir='ltr'>utra-</span> 
     </span>
     <span class='ocr_line' id='line_1_26' title="bbox 223 1266 952 1306; baseline 0 -11"><span class='ocrx_word' id='word_1_136' title='bbox 223 1276 286 1304; x_wconf 82' lang='lat' dir='ltr'>que</span> <span class='ocrx_word' id='word_1_137' title='bbox 311 1271 405 1306; x_wconf 86' lang='lat' dir='ltr'>parte</span> <span class='ocrx_word' id='word_1_138' title='bbox 431 1267 565 1302; x_wconf 84' lang='lat' dir='ltr'>recisus,</span> <span class='ocrx_word' id='word_1_139' title='bbox 587 1269 624 1294; x_wconf 89' lang='lat' dir='ltr'>ut</span> <span class='ocrx_word' id='word_1_140' title='bbox 648 1266 787 1295; x_wconf 73' lang='lat' dir='ltr'>malleoli</span> <span class='ocrx_word' id='word_1_141' title='bbox 810 1266 952 1304; x_wconf 79' lang='lat' dir='ltr'>figuram</span> 
     </span>
     <span class='ocr_line' id='line_1_27' title="bbox 223 1308 953 1340; baseline 0.001 -2"><span class='ocrx_word' id='word_1_142' title='bbox 223 1309 356 1340; x_wconf 84' lang='lat' dir='ltr'>habeat.</span> <span class='ocrx_word' id='word_1_143' title='bbox 386 1310 470 1339; x_wconf 86' lang='lat' dir='ltr'>Cato</span> <span class='ocrx_word' id='word_1_144' title='bbox 490 1312 537 1339; x_wconf 86' lang='lat'>15.</span> <span class='ocrx_word' id='word_1_145' title='bbox 569 1309 641 1338; x_wconf 88' lang='lat' dir='ltr'>add.</span> <span class='ocrx_word' id='word_1_146' title='bbox 663 1308 792 1338; x_wconf 86' lang='lat' dir='ltr'>Colum.</span> <span class='ocrx_word' id='word_1_147' title='bbox 811 1308 857 1338; x_wconf 90' lang='lat' dir='ltr'>iii.</span> <span class='ocrx_word' id='word_1_148' title='bbox 874 1309 904 1339; x_wconf 88' lang='grc'>6.</span> <span class='ocrx_word' id='word_1_149' title='bbox 922 1312 953 1339; x_wconf 89' lang='grc'>3.</span> 
     </span>
     <span class='ocr_line' id='line_1_28' title="bbox 221 1352 950 1392; baseline -0.001 -9"><span class='ocrx_word' id='word_1_150' title='bbox 221 1352 239 1371; x_wconf 71' lang='lat'>*²</span> <span class='ocrx_word' id='word_1_151' title='bbox 253 1352 292 1382; x_wconf 92' lang='lat' dir='ltr'>In</span> <span class='ocrx_word' id='word_1_152' title='bbox 309 1364 343 1383; x_wconf 90' lang='lat' dir='ltr'>re</span> <span class='ocrx_word' id='word_1_153' title='bbox 365 1353 500 1383; x_wconf 82' lang='lat' dir='ltr'>militari</span> <span class='ocrx_word' id='word_1_154' title='bbox 525 1358 603 1381; x_wconf 84' lang='lat' dir='ltr'>sunt</span> <span class='ocrx_word' id='word_1_155' title='bbox 628 1352 789 1392; x_wconf 84' lang='lat' dir='ltr'>manipuli</span> <span class='ocrx_word' id='word_1_156' title='bbox 813 1353 950 1392; x_wconf 85' lang='lat' dir='ltr'>spartei,</span> 
     </span>
     <span class='ocr_line' id='line_1_29' title="bbox 222 1396 951 1437; baseline -0.003 -11"><span class='ocrx_word' id='word_1_157' title='bbox 222 1396 296 1437; x_wconf 88' lang='lat' dir='ltr'>pice</span> <span class='ocrx_word' id='word_1_158' title='bbox 326 1397 468 1433; x_wconf 85' lang='lat' dir='ltr'>inducti,</span> <span class='ocrx_word' id='word_1_159' title='bbox 498 1396 616 1435; x_wconf 89' lang='lat' dir='ltr'>quibus</span> <span class='ocrx_word' id='word_1_160' title='bbox 654 1396 779 1434; x_wconf 82' lang='lat' dir='ltr'>sagitta</span> <span class='ocrx_word' id='word_1_161' title='bbox 815 1396 951 1433; x_wconf 78' lang='lat' dir='ltr'>inserta,</span> 
     </span>
     <span class='ocr_line' id='line_1_30' title="bbox 225 1437 953 1480; baseline -0.003 -10"><span class='ocrx_word' id='word_1_162' title='bbox 225 1440 327 1480; x_wconf 86' lang='lat' dir='ltr'>(unde</span> <span class='ocrx_word' id='word_1_163' title='bbox 352 1439 492 1470; x_wconf 79' lang='lat' dir='ltr'>malleoli</span> <span class='ocrx_word' id='word_1_164' title='bbox 521 1437 640 1478; x_wconf 82' lang='lat' dir='ltr'>figura)</span> <span class='ocrx_word' id='word_1_165' title='bbox 670 1443 708 1468; x_wconf 90' lang='lat' dir='ltr'>ut</span> <span class='ocrx_word' id='word_1_166' title='bbox 735 1439 953 1478; x_wconf 77' lang='lat' dir='ltr'>projiciantur</span> 
     </span>
     <span class='ocr_line' id='line_1_31' title="bbox 221 1483 950 1522; baseline -0.004 -8"><span class='ocrx_word' id='word_1_167' title='bbox 221 1483 256 1513; x_wconf 92' lang='lat' dir='ltr'>in</span> <span class='ocrx_word' id='word_1_168' title='bbox 287 1483 421 1514; x_wconf 84' lang='lat' dir='ltr'>hostilia</span> <span class='ocrx_word' id='word_1_169' title='bbox 449 1483 673 1519; x_wconf 84' lang='lat' dir='ltr'>munimenta,</span> <span class='ocrx_word' id='word_1_170' title='bbox 704 1492 816 1522; x_wconf 86' lang='lat' dir='ltr'>opera,</span> <span class='ocrx_word' id='word_1_171' title='bbox 846 1488 950 1520; x_wconf 83' lang='lat' dir='ltr'>tecta,</span> 
     </span>
     <span class='ocr_line' id='line_1_32' title="bbox 220 1526 952 1558; baseline -0.004 0"><span class='ocrx_word' id='word_1_172' title='bbox 220 1527 280 1558; x_wconf 85' lang='lat' dir='ltr'>&amp;c.</span> <span class='ocrx_word' id='word_1_173' title='bbox 304 1527 449 1557; x_wconf 86' lang='lat' dir='ltr'>incendii</span> <span class='ocrx_word' id='word_1_174' title='bbox 460 1526 624 1556; x_wconf 85' lang='lat' dir='ltr'>excitandi</span> <span class='ocrx_word' id='word_1_175' title='bbox 635 1535 744 1555; x_wconf 87' lang='lat' dir='ltr'>causa.</span> <span class='ocrx_word' id='word_1_176' title='bbox 762 1526 952 1555; x_wconf 75' lang='lat' dir='ltr'>Pechkran-</span> 
     </span>
     <span class='ocr_line' id='line_1_33' title="bbox 221 1569 949 1609; baseline -0.004 -8"><span class='ocrx_word' id='word_1_177' title='bbox 221 1581 271 1601; x_wconf 89' lang='lat' dir='ltr'>ze.</span> <span class='ocrx_word' id='word_1_178' title='bbox 305 1570 402 1600; x_wconf 84' lang='lat' dir='ltr'>Catil.</span> <span class='ocrx_word' id='word_1_179' title='bbox 419 1571 439 1600; x_wconf 91' lang='lat' dir='ltr'>i.</span> <span class='ocrx_word' id='word_1_180' title='bbox 464 1573 512 1600; x_wconf 90' lang='lat'>13.</span> <span class='ocrx_word' id='word_1_181' title='bbox 546 1569 618 1599; x_wconf 87' lang='lat' dir='ltr'>Mil.</span> <span class='ocrx_word' id='word_1_182' title='bbox 645 1571 696 1600; x_wconf 68' lang='lat'>24.</span> <span class='ocrx_word' id='word_1_183' title='bbox 727 1579 756 1599; x_wconf 91' lang='lat' dir='ltr'>v.</span> <span class='ocrx_word' id='word_1_184' title='bbox 774 1569 864 1609; x_wconf 81' lang='lat' dir='ltr'>Lips.</span> <span class='ocrx_word' id='word_1_185' title='bbox 891 1570 949 1599; x_wconf 91' lang='lat' dir='ltr'>Po-</span> 
     </span>
     <span class='ocr_line' id='line_1_34' title="bbox 219 1612 949 1652; baseline -0.001 -8"><span class='ocrx_word' id='word_1_186' title='bbox 219 1614 311 1644; x_wconf 86' lang='lat' dir='ltr'>liorc.</span> <span class='ocrx_word' id='word_1_187' title='bbox 329 1624 358 1644; x_wconf 80' lang='lat' dir='ltr'>v,</span> <span class='ocrx_word' id='word_1_188' title='bbox 376 1618 405 1645; x_wconf 84' lang='lat'>5.</span> <span class='ocrx_word' id='word_1_189' title='bbox 436 1618 469 1644; x_wconf 87' lang='lat' dir='ltr'>et</span> <span class='ocrx_word' id='word_1_190' title='bbox 485 1623 565 1652; x_wconf 87' lang='lat' dir='ltr'>quos</span> <span class='ocrx_word' id='word_1_191' title='bbox 582 1618 702 1652; x_wconf 74' lang='lat' dir='ltr'>praeter</span> <span class='ocrx_word' id='word_1_192' title='bbox 724 1612 814 1642; x_wconf 88' lang='lat' dir='ltr'>hunc</span> <span class='ocrx_word' id='word_1_193' title='bbox 834 1613 949 1643; x_wconf 86' lang='lat' dir='ltr'>laudat</span> 
     </span>
     <span class='ocr_line' id='line_1_35' title="bbox 220 1656 732 1688; baseline -0.004 0"><span class='ocrx_word' id='word_1_194' title='bbox 220 1658 391 1688; x_wconf 84' lang='lat' dir='ltr'>Drakenb.</span> <span class='ocrx_word' id='word_1_195' title='bbox 410 1657 451 1687; x_wconf 84' lang='lat' dir='ltr'>ad</span> <span class='ocrx_word' id='word_1_196' title='bbox 464 1657 535 1687; x_wconf 86' lang='lat' dir='ltr'>Liv.</span> <span class='ocrx_word' id='word_1_197' title='bbox 553 1657 685 1686; x_wconf 74' lang='lat' dir='ltr'>xxxviii.</span> <span class='ocrx_word' id='word_1_198' title='bbox 702 1656 732 1686; x_wconf 88' lang='lat'>6.</span> 
     </span>
    </p>

    <p class='ocr_par' dir='ltr' id='par_1_8' title="bbox 263 1699 674 1738">
     <span class='ocr_line' id='line_1_36' title="bbox 263 1699 674 1738; baseline -0.005 -7"><span class='ocrx_word' id='word_1_199' title='bbox 263 1701 408 1738; x_wconf 73' lang='lat' dir='ltr'>Malum,</span> <span class='ocrx_word' id='word_1_200' title='bbox 431 1711 461 1731; x_wconf 84' lang='lat' dir='ltr'>V.</span> <span class='ocrx_word' id='word_1_201' title='bbox 478 1699 674 1729; x_wconf 85' lang='lat' dir='ltr'>obiculatus.</span> 
     </span>
    </p>

    <p class='ocr_par' dir='ltr' id='par_1_9' title="bbox 215 1742 948 1956">
     <span class='ocr_line' id='line_1_37' title="bbox 261 1742 948 1781; baseline -0.001 -7"><span class='ocrx_word' id='word_1_202' title='bbox 261 1744 416 1781; x_wconf 62' lang='lat' dir='ltr'>Manere,</span> <span class='ocrx_word' id='word_1_203' title='bbox 445 1743 607 1780; x_wconf 80' lang='lat' dir='ltr'>excidere,</span> <span class='ocrx_word' id='word_1_204' title='bbox 637 1744 725 1772; x_wconf 75' lang='lat' dir='ltr'>exire</span> <span class='ocrx_word' id='word_1_205' title='bbox 754 1744 788 1772; x_wconf 89' lang='lat' dir='ltr'>in</span> <span class='ocrx_word' id='word_1_206' title='bbox 817 1742 948 1781; x_wconf 76' lang='lat' dir='ltr'>vulgus.</span> 
     </span>
     <span class='ocr_line' id='line_1_38' title="bbox 218 1787 946 1827; baseline -0.003 -9"><span class='ocrx_word' id='word_1_207' title='bbox 218 1787 289 1818; x_wconf 83' lang='lat' dir='ltr'>Att.</span> <span class='ocrx_word' id='word_1_208' title='bbox 308 1789 354 1818; x_wconf 90' lang='lat' dir='ltr'>iii.</span> <span class='ocrx_word' id='word_1_209' title='bbox 375 1790 423 1818; x_wconf 72' lang='lat'>12.</span> <span class='ocrx_word' id='word_1_210' title='bbox 448 1788 562 1827; x_wconf 83' lang='lat' dir='ltr'>scripsi</span> <span class='ocrx_word' id='word_1_211' title='bbox 579 1787 731 1825; x_wconf 82' lang='lat' dir='ltr'>equidem</span> <span class='ocrx_word' id='word_1_212' title='bbox 749 1787 828 1816; x_wconf 91' lang='lat' dir='ltr'>olim</span> <span class='ocrx_word' id='word_1_213' title='bbox 843 1787 946 1816; x_wconf 85' lang='lat' dir='ltr'>iratus</span> 
     </span>
     <span class='ocr_line' id='line_1_39' title="bbox 215 1832 944 1870; baseline -0.003 -8"><span class='ocrx_word' id='word_1_214' title='bbox 215 1832 316 1862; x_wconf 84' lang='lat' dir='ltr'>—sed</span> <span class='ocrx_word' id='word_1_215' title='bbox 340 1832 387 1861; x_wconf 86' lang='lat' dir='ltr'>ita</span> <span class='ocrx_word' id='word_1_216' title='bbox 410 1840 681 1870; x_wconf 86' lang='lat' dir='ltr'>compresseram,</span> <span class='ocrx_word' id='word_1_217' title='bbox 699 1834 737 1860; x_wconf 86' lang='lat' dir='ltr'>ut</span> <span class='ocrx_word' id='word_1_218' title='bbox 760 1840 944 1868; x_wconf 81' lang='lat' dir='ltr'>numquam</span> 
     </span>
     <span class='ocr_line' id='line_1_40' title="bbox 216 1873 946 1915; baseline -0.003 -10"><span class='ocrx_word' id='word_1_219' title='bbox 216 1880 430 1905; x_wconf 67' lang='lat' dir='ltr'>manaturum</span> <span class='ocrx_word' id='word_1_220' title='bbox 446 1879 611 1915; x_wconf 81' lang='lat' dir='ltr'>putarem.</span> <span class='ocrx_word' id='word_1_221' title='bbox 636 1873 800 1913; x_wconf 83' lang='lat' dir='ltr'>quomodo</span> <span class='ocrx_word' id='word_1_222' title='bbox 817 1874 946 1904; x_wconf 69' lang='lat' dir='ltr'>excide-</span> 
     </span>
     <span class='ocr_line' id='line_1_41' title="bbox 217 1919 411 1956; baseline 0 -8"><span class='ocrx_word' id='word_1_223' title='bbox 217 1919 274 1956; x_wconf 87' lang='lat' dir='ltr'>rit,</span> <span class='ocrx_word' id='word_1_224' title='bbox 290 1920 411 1948; x_wconf 87' lang='lat' dir='ltr'>nescio.</span> 
     </span>
    </p>

    <p class='ocr_par' dir='ltr' id='par_1_10' title="bbox 205 1960 945 2732">
     <span class='ocr_line' id='line_1_42' title="bbox 258 1960 944 2002; baseline -0.004 -9"><span class='ocrx_word' id='word_1_225' title='bbox 258 1963 425 2002; x_wconf 71' lang='lat' dir='ltr'>stlanceps,</span> <span class='ocrx_word' id='word_1_226' title='bbox 449 1961 629 1997; x_wconf 83' lang='lat' dir='ltr'>redemtor,</span> <span class='ocrx_word' id='word_1_227' title='bbox 654 1960 846 1989; x_wconf 85' lang='lat' dir='ltr'>conductor.</span> <span class='ocrx_word' id='word_1_228' title='bbox 892 1960 944 1990; x_wconf 88' lang='lat' dir='ltr'>Sic</span> 
     </span>
     <span class='ocr_line' id='line_1_43' title="bbox 216 2004 945 2046; baseline -0.004 -10"><span class='ocrx_word' id='word_1_229' title='bbox 216 2006 384 2046; x_wconf 87' lang='lat' dir='ltr'>publicani</span> <span class='ocrx_word' id='word_1_230' title='bbox 407 2006 565 2035; x_wconf 81' lang='lat' dir='ltr'>dicuntur</span> <span class='ocrx_word' id='word_1_231' title='bbox 588 2005 760 2043; x_wconf 78' lang='lat' dir='ltr'>mancipes,</span> <span class='ocrx_word' id='word_1_232' title='bbox 785 2004 861 2042; x_wconf 82' lang='lat' dir='ltr'>quia</span> <span class='ocrx_word' id='word_1_233' title='bbox 886 2014 945 2043; x_wconf 80' lang='lat' dir='ltr'>pu-</span> 
     </span>
     <span class='ocr_line' id='line_1_44' title="bbox 214 2047 943 2089; baseline -0.003 -10"><span class='ocrx_word' id='word_1_234' title='bbox 214 2049 483 2089; x_wconf 83' lang='lat' dir='ltr'>blicavectigalia</span> <span class='ocrx_word' id='word_1_235' title='bbox 491 2048 671 2078; x_wconf 85' lang='lat' dir='ltr'>redimunt.</span> <span class='ocrx_word' id='word_1_236' title='bbox 685 2048 784 2078; x_wconf 89' lang='lat' dir='ltr'>Dom.</span> <span class='ocrx_word' id='word_1_237' title='bbox 801 2050 849 2077; x_wconf 88' lang='grc'>10.</span> <span class='ocrx_word' id='word_1_238' title='bbox 862 2047 943 2077; x_wconf 82' lang='grc'><strong>110111</strong></span> 
     </span>
     <span class='ocr_line' id='line_1_45' title="bbox 214 2091 944 2124; baseline -0.004 -2"><span class='ocrx_word' id='word_1_239' title='bbox 214 2092 270 2124; x_wconf 87' lang='lat' dir='ltr'>alii</span> <span class='ocrx_word' id='word_1_240' title='bbox 297 2093 497 2123; x_wconf 82' lang='lat' dir='ltr'>redemtores</span> <span class='ocrx_word' id='word_1_241' title='bbox 525 2091 742 2121; x_wconf 84' lang='lat' dir='ltr'>decumarum</span> <span class='ocrx_word' id='word_1_242' title='bbox 770 2091 803 2120; x_wconf 92' lang='lat' dir='ltr'>in</span> <span class='ocrx_word' id='word_1_243' title='bbox 833 2091 944 2120; x_wconf 75' lang='lat' dir='ltr'>Caecil.</span> 
     </span>
     <span class='ocr_line' id='line_1_46' title="bbox 216 2133 945 2176; baseline -0.003 -10"><span class='ocrx_word' id='word_1_244' title='bbox 216 2139 266 2167; x_wconf 90' lang='lat'>10.</span> <span class='ocrx_word' id='word_1_245' title='bbox 290 2146 386 2176; x_wconf 89' lang='lat' dir='ltr'>porro</span> <span class='ocrx_word' id='word_1_246' title='bbox 403 2135 567 2166; x_wconf 83' lang='lat' dir='ltr'>redemtor</span> <span class='ocrx_word' id='word_1_247' title='bbox 582 2134 714 2164; x_wconf 85' lang='lat' dir='ltr'>aedificii</span> <span class='ocrx_word' id='word_1_248' title='bbox 731 2133 870 2171; x_wconf 71' lang='lat' dir='ltr'>alicujus</span> <span class='ocrx_word' id='word_1_249' title='bbox 886 2138 945 2164; x_wconf 86' lang='lat' dir='ltr'>aut</span> 
     </span>
     <span class='ocr_line' id='line_1_47' title="bbox 212 2178 941 2220; baseline -0.004 -11"><span class='ocrx_word' id='word_1_250' title='bbox 212 2180 320 2220; x_wconf 86' lang='lat' dir='ltr'>operis</span> <span class='ocrx_word' id='word_1_251' title='bbox 347 2179 483 2220; x_wconf 83' lang='lat' dir='ltr'>publici,</span> <span class='ocrx_word' id='word_1_252' title='bbox 510 2179 602 2209; x_wconf 88' lang='lat' dir='ltr'>Verr.</span> <span class='ocrx_word' id='word_1_253' title='bbox 631 2178 653 2207; x_wconf 86' lang='lat' dir='ltr'>i.</span> <span class='ocrx_word' id='word_1_254' title='bbox 682 2180 733 2208; x_wconf 79' lang='lat'>54.</span> <span class='ocrx_word' id='word_1_255' title='bbox 765 2178 859 2214; x_wconf 90' lang='lat' dir='ltr'>item,</span> <span class='ocrx_word' id='word_1_256' title='bbox 886 2178 941 2216; x_wconf 81' lang='lat' dir='ltr'>qui</span> 
     </span>
     <span class='ocr_line' id='line_1_48' title="bbox 212 2221 942 2263; baseline -0.004 -10"><span class='ocrx_word' id='word_1_257' title='bbox 212 2223 358 2263; x_wconf 84' lang='lat' dir='ltr'>praedam</span> <span class='ocrx_word' id='word_1_258' title='bbox 382 2224 475 2253; x_wconf 87' lang='lat' dir='ltr'>emit.</span> <span class='ocrx_word' id='word_1_259' title='bbox 506 2221 605 2253; x_wconf 86' lang='lat' dir='ltr'>Dom.</span> <span class='ocrx_word' id='word_1_260' title='bbox 635 2225 683 2252; x_wconf 84' lang='lat'>18.</span> <span class='ocrx_word' id='word_1_261' title='bbox 719 2221 796 2251; x_wconf 87' lang='lat' dir='ltr'>item</span> <span class='ocrx_word' id='word_1_262' title='bbox 822 2221 862 2258; x_wconf 85' lang='lat' dir='ltr'>is,</span> <span class='ocrx_word' id='word_1_263' title='bbox 886 2222 942 2259; x_wconf 83' lang='lat' dir='ltr'>qui</span> 
     </span>
     <span class='ocr_line' id='line_1_49' title="bbox 211 2265 942 2304; baseline -0.004 -7"><span class='ocrx_word' id='word_1_264' title='bbox 211 2271 247 2296; x_wconf 82' lang='lat' dir='ltr'>et</span> <span class='ocrx_word' id='word_1_265' title='bbox 270 2274 379 2297; x_wconf 86' lang='lat' dir='ltr'>sector</span> <span class='ocrx_word' id='word_1_266' title='bbox 401 2266 533 2296; x_wconf 88' lang='lat' dir='ltr'>dicitur.</span> <span class='ocrx_word' id='word_1_267' title='bbox 565 2265 659 2295; x_wconf 83' lang='lat' dir='ltr'>Rosc.</span> <span class='ocrx_word' id='word_1_268' title='bbox 677 2265 715 2294; x_wconf 83' lang='lat' dir='ltr'>A.</span> <span class='ocrx_word' id='word_1_269' title='bbox 734 2268 763 2295; x_wconf 78' lang='lat'>8.</span> <span class='ocrx_word' id='word_1_270' title='bbox 795 2275 942 2304; x_wconf 73' lang='lat' dir='ltr'>manceps</span> 
     </span>
     <span class='ocr_line' id='line_1_50' title="bbox 211 2307 940 2340; baseline -0.004 0"><span class='ocrx_word' id='word_1_271' title='bbox 211 2310 356 2340; x_wconf 86' lang='lat' dir='ltr'>hominis</span> <span class='ocrx_word' id='word_1_272' title='bbox 379 2309 610 2340; x_wconf 73' lang='lat' dir='ltr'>studiosissimi</span> <span class='ocrx_word' id='word_1_273' title='bbox 635 2308 836 2338; x_wconf 78' lang='lat' dir='ltr'>nobilitatis:</span> <span class='ocrx_word' id='word_1_274' title='bbox 863 2307 895 2337; x_wconf 89' lang='lat' dir='ltr'>h.</span> <span class='ocrx_word' id='word_1_275' title='bbox 912 2319 940 2338; x_wconf 81' lang='lat' dir='ltr'>e.</span> 
     </span>
     <span class='ocr_line' id='line_1_51' title="bbox 209 2352 940 2391; baseline -0.004 -8"><span class='ocrx_word' id='word_1_276' title='bbox 209 2353 373 2384; x_wconf 88' lang='lat' dir='ltr'>bonorum</span> <span class='ocrx_word' id='word_1_277' title='bbox 402 2354 484 2391; x_wconf 77' lang='lat' dir='ltr'>ejus,</span> <span class='ocrx_word' id='word_1_278' title='bbox 516 2352 657 2390; x_wconf 85' lang='lat' dir='ltr'>denique</span> <span class='ocrx_word' id='word_1_279' title='bbox 689 2352 728 2388; x_wconf 88' lang='lat' dir='ltr'>is,</span> <span class='ocrx_word' id='word_1_280' title='bbox 752 2352 807 2390; x_wconf 91' lang='lat' dir='ltr'>qui</span> <span class='ocrx_word' id='word_1_281' title='bbox 840 2361 940 2391; x_wconf 88' lang='lat' dir='ltr'>pecu-</span> 
     </span>
     <span class='ocr_line' id='line_1_52' title="bbox 210 2394 939 2434; baseline -0.005 -7"><span class='ocrx_word' id='word_1_282' title='bbox 210 2397 300 2427; x_wconf 88' lang='lat' dir='ltr'>niam</span> <span class='ocrx_word' id='word_1_283' title='bbox 325 2397 418 2434; x_wconf 82' lang='lat' dir='ltr'>emit,</span> <span class='ocrx_word' id='word_1_284' title='bbox 436 2404 469 2427; x_wconf 87' lang='lat' dir='ltr'>et</span> <span class='ocrx_word' id='word_1_285' title='bbox 492 2406 565 2425; x_wconf 87' lang='lat' dir='ltr'>eam</span> <span class='ocrx_word' id='word_1_286' title='bbox 590 2395 653 2425; x_wconf 88' lang='lat' dir='ltr'>alio</span> <span class='ocrx_word' id='word_1_287' title='bbox 676 2395 748 2424; x_wconf 90' lang='lat' dir='ltr'>loco</span> <span class='ocrx_word' id='word_1_288' title='bbox 772 2394 814 2432; x_wconf 88' lang='lat' dir='ltr'>ei,</span> <span class='ocrx_word' id='word_1_289' title='bbox 832 2405 852 2424; x_wconf 89' lang='lat' dir='ltr'>a</span> <span class='ocrx_word' id='word_1_290' title='bbox 875 2405 939 2433; x_wconf 89' lang='lat' dir='ltr'>quo</span> 
     </span>
     <span class='ocr_line' id='line_1_53' title="bbox 209 2437 939 2480; baseline -0.005 -9"><span class='ocrx_word' id='word_1_291' title='bbox 209 2441 351 2480; x_wconf 77' lang='lat' dir='ltr'>accepit,</span> <span class='ocrx_word' id='word_1_292' title='bbox 367 2444 426 2471; x_wconf 87' lang='lat' dir='ltr'>aut</span> <span class='ocrx_word' id='word_1_293' title='bbox 445 2440 561 2470; x_wconf 86' lang='lat' dir='ltr'>eodem</span> <span class='ocrx_word' id='word_1_294' title='bbox 586 2448 719 2478; x_wconf 81' lang='lat' dir='ltr'>genere,</span> <span class='ocrx_word' id='word_1_295' title='bbox 737 2441 795 2468; x_wconf 89' lang='lat' dir='ltr'>aut</span> <span class='ocrx_word' id='word_1_296' title='bbox 819 2438 852 2467; x_wconf 93' lang='lat' dir='ltr'>in</span> <span class='ocrx_word' id='word_1_297' title='bbox 876 2437 939 2467; x_wconf 86' lang='lat' dir='ltr'>alio</span> 
     </span>
     <span class='ocr_line' id='line_1_54' title="bbox 210 2481 937 2514; baseline -0.006 0"><span class='ocrx_word' id='word_1_298' title='bbox 210 2493 390 2514; x_wconf 90' lang='lat' dir='ltr'>numorum</span> <span class='ocrx_word' id='word_1_299' title='bbox 407 2482 598 2513; x_wconf 83' lang='lat' dir='ltr'>solvendam</span> <span class='ocrx_word' id='word_1_300' title='bbox 616 2486 722 2511; x_wconf 88' lang='lat' dir='ltr'>curat.</span> <span class='ocrx_word' id='word_1_301' title='bbox 754 2481 795 2511; x_wconf 82' lang='lat' dir='ltr'>ad</span> <span class='ocrx_word' id='word_1_302' title='bbox 813 2482 888 2512; x_wconf 90' lang='lat' dir='ltr'>Div.</span> <span class='ocrx_word' id='word_1_303' title='bbox 908 2492 937 2511; x_wconf 88' lang='lat' dir='ltr'>v.</span> 
     </span>
     <span class='ocr_line' id='line_1_55' title="bbox 209 2524 936 2564; baseline -0.008 -5"><span class='ocrx_word' id='word_1_304' title='bbox 209 2529 262 2559; x_wconf 76' lang='lat'>20.</span> <span class='ocrx_word' id='word_1_305' title='bbox 286 2531 356 2557; x_wconf 85' lang='lat' dir='ltr'>erat</span> <span class='ocrx_word' id='word_1_306' title='bbox 371 2529 461 2558; x_wconf 83' lang='lat' dir='ltr'>enim</span> <span class='ocrx_word' id='word_1_307' title='bbox 477 2526 570 2556; x_wconf 88' lang='lat' dir='ltr'>nobis</span> <span class='ocrx_word' id='word_1_308' title='bbox 587 2530 704 2555; x_wconf 85' lang='lat' dir='ltr'>curata</span> <span class='ocrx_word' id='word_1_309' title='bbox 720 2525 862 2564; x_wconf 90' lang='lat' dir='ltr'>pecunia</span> <span class='ocrx_word' id='word_1_310' title='bbox 872 2524 936 2554; x_wconf 90' lang='lat' dir='ltr'>Va-</span> 
     </span>
     <span class='ocr_line' id='line_1_56' title="bbox 207 2567 936 2612; baseline -0.005 -10"><span class='ocrx_word' id='word_1_311' title='bbox 207 2570 281 2603; x_wconf 87' lang='lat' dir='ltr'>lerii</span> <span class='ocrx_word' id='word_1_312' title='bbox 308 2573 464 2612; x_wconf 79' lang='lat' dir='ltr'>mancipis</span> <span class='ocrx_word' id='word_1_313' title='bbox 487 2570 639 2600; x_wconf 88' lang='lat' dir='ltr'>nomine:</span> <span class='ocrx_word' id='word_1_314' title='bbox 671 2568 705 2598; x_wconf 92' lang='lat' dir='ltr'>h.</span> <span class='ocrx_word' id='word_1_315' title='bbox 731 2578 760 2598; x_wconf 89' lang='lat' dir='ltr'>e.</span> <span class='ocrx_word' id='word_1_316' title='bbox 786 2567 936 2598; x_wconf 84' lang='lat' dir='ltr'>Valerius</span> 
     </span>
     <span class='ocr_line' id='line_1_57' title="bbox 208 2610 936 2654; baseline -0.007 -9"><span class='ocrx_word' id='word_1_317' title='bbox 208 2614 394 2645; x_wconf 80' lang='lat' dir='ltr'>redemerat</span> <span class='ocrx_word' id='word_1_318' title='bbox 414 2613 592 2654; x_wconf 83' lang='lat' dir='ltr'>pecuniam</span> <span class='ocrx_word' id='word_1_319' title='bbox 616 2612 686 2642; x_wconf 89' lang='lat' dir='ltr'>sine</span> <span class='ocrx_word' id='word_1_320' title='bbox 710 2610 860 2651; x_wconf 83' lang='lat' dir='ltr'>periculo</span> <span class='ocrx_word' id='word_1_321' title='bbox 877 2620 936 2640; x_wconf 92' lang='lat' dir='ltr'>no-</span> 
     </span>
     <span class='ocr_line' id='line_1_58' title="bbox 205 2653 936 2698; baseline -0.007 -10"><span class='ocrx_word' id='word_1_322' title='bbox 205 2663 276 2688; x_wconf 80' lang='lat' dir='ltr'>stro</span> <span class='ocrx_word' id='word_1_323' title='bbox 293 2659 399 2697; x_wconf 88' lang='lat' dir='ltr'>nobis,</span> <span class='ocrx_word' id='word_1_324' title='bbox 417 2668 482 2698; x_wconf 91' lang='lat' dir='ltr'>quo</span> <span class='ocrx_word' id='word_1_325' title='bbox 497 2657 568 2687; x_wconf 88' lang='lat' dir='ltr'>loco</span> <span class='ocrx_word' id='word_1_326' title='bbox 591 2655 782 2685; x_wconf 88' lang='lat' dir='ltr'>volebamus</span> <span class='ocrx_word' id='word_1_327' title='bbox 806 2653 936 2684; x_wconf 86' lang='lat' dir='ltr'>solven-</span> 
     </span>
     <span class='ocr_line' id='line_1_59' title="bbox 208 2701 296 2732; baseline 0 0"><span class='ocrx_word' id='word_1_328' title='bbox 208 2701 296 2732; x_wconf 85' lang='lat' dir='ltr'>dam.</span> 
     </span>
    </p>

    <p class='ocr_par' dir='ltr' id='par_1_11' title="bbox 199 2740 936 2874">
     <span class='ocr_line' id='line_1_60' title="bbox 250 2740 936 2790; baseline -0.01 -14"><span class='ocrx_word' id='word_1_329' title='bbox 250 2746 474 2784; x_wconf 78' lang='lat' dir='ltr'>Mancipatus,</span> <span class='ocrx_word' id='word_1_330' title='bbox 501 2742 669 2779; x_wconf 79' lang='lat' dir='ltr'>venditus,</span> <span class='ocrx_word' id='word_1_331' title='bbox 693 2742 849 2780; x_wconf 75' lang='lat' dir='ltr'>mancipio</span> <span class='ocrx_word' id='word_1_332' title='bbox 880 2740 936 2790; x_wconf 65' lang='lat' dir='ltr'>daT</span> 
     </span>
     <span class='ocr_line' id='line_1_61' title="bbox 206 2785 934 2826; baseline -0.005 -8"><span class='ocrx_word' id='word_1_333' title='bbox 206 2792 274 2826; x_wconf 85' lang='lat' dir='ltr'>tus,</span> <span class='ocrx_word' id='word_1_334' title='bbox 290 2789 453 2819; x_wconf 84' lang='lat' dir='ltr'>addictus.</span> <span class='ocrx_word' id='word_1_335' title='bbox 484 2788 567 2818; x_wconf 86' lang='lat' dir='ltr'>Cato</span> <span class='ocrx_word' id='word_1_336' title='bbox 587 2789 635 2816; x_wconf 89' lang='lat' dir='ltr'>ll.</span> <span class='ocrx_word' id='word_1_337' title='bbox 661 2785 688 2815; x_wconf 88' lang='lat' dir='ltr'>si</span> <span class='ocrx_word' id='word_1_338' title='bbox 704 2790 859 2815; x_wconf 87' lang='lat' dir='ltr'>senectus</span> <span class='ocrx_word' id='word_1_339' title='bbox 882 2794 934 2815; x_wconf 79' lang='lat' dir='ltr'>sui</span> 
     </span>
     <span class='ocr_line' id='line_1_62' title="bbox 199 2830 768 2874; baseline -0.009 -11"><span class='ocrx_word' id='word_1_340' title='bbox 199 2833 287 2874; x_wconf 81' lang='lat' dir='ltr'>juris</span> <span class='ocrx_word' id='word_1_341' title='bbox 303 2836 367 2869; x_wconf 65' lang='lat' dir='ltr'>est,</span> <span class='ocrx_word' id='word_1_342' title='bbox 383 2832 410 2862; x_wconf 88' lang='lat' dir='ltr'>si</span> <span class='ocrx_word' id='word_1_343' title='bbox 427 2831 554 2861; x_wconf 89' lang='lat' dir='ltr'>nemini</span> <span class='ocrx_word' id='word_1_344' title='bbox 569 2830 768 2868; x_wconf 80' lang='lat' dir='ltr'>mancipata.</span> 
     </span>
    </p>

    <p class='ocr_par' dir='ltr' id='par_1_12' title="bbox 249 2871 935 2916">
     <span class='ocr_line' id='line_1_63' title="bbox 249 2871 935 2916; baseline -0.009 -9"><span class='ocrx_word' id='word_1_345' title='bbox 249 2876 409 2916; x_wconf 62' lang='lat' dir='ltr'>Mancipz,</span> <span class='ocrx_word' id='word_1_346' title='bbox 425 2879 477 2906; x_wconf 79' lang='lat' dir='ltr'>est</span> <span class='ocrx_word' id='word_1_347' title='bbox 498 2883 557 2915; x_wconf 91' lang='lat' dir='ltr'>pro</span> <span class='ocrx_word' id='word_1_348' title='bbox 574 2873 738 2913; x_wconf 74' lang='lat' dir='ltr'>mancipii,</span> <span class='ocrx_word' id='word_1_349' title='bbox 755 2874 794 2903; x_wconf 88' lang='lat' dir='ltr'>ut</span> <span class='ocrx_word' id='word_1_350' title='bbox 808 2871 935 2903; x_wconf 84' lang='lat' dir='ltr'>dudum</span> 
     </span>
    </p>
   </div>
   <div class='ocr_carea' id='block_1_5' title="bbox 635 1090 954 1135">
    <p class='ocr_par' dir='ltr' id='par_1_13' title="bbox 635 1090 954 1135">
     <span class='ocr_line' id='line_1_64' title="bbox 635 1090 954 1135; baseline 0.003 -15"><span class='ocrx_word' id='word_1_351' title='bbox 635 1090 729 1121; x_wconf 87' lang='lat' dir='ltr'>Balb.</span> <span class='ocrx_word' id='word_1_352' title='bbox 750 1095 767 1125; x_wconf 81' lang='grc'><strong>7</strong></span> <span class='ocrx_word' id='word_1_353' title='bbox 773 1090 874 1121; x_wconf 81' lang='lat' dir='ltr'>..Att</span> <span class='ocrx_word' id='word_1_354' title='bbox 892 1092 954 1135; x_wconf 83' lang='lat' dir='ltr'>xiv.</span> 
     </span>
    </p>
   </div>
   <div class='ocr_carea' id='block_1_6' title="bbox 742 91 1213 122">
    <p class='ocr_par' dir='ltr' id='par_1_14' title="bbox 742 91 1213 122">
     <span class='ocr_line' id='line_1_65' title="bbox 742 91 1213 122; baseline 0.004 -2"><span class='ocrx_word' id='word_1_355' title='bbox 742 91 886 120; x_wconf 84' lang='lat' dir='ltr'>INDEX</span> <span class='ocrx_word' id='word_1_356' title='bbox 919 93 1197 122; x_wconf 79' lang='lat' dir='ltr'>LATINITATIS</span> <span class='ocrx_word' id='word_1_357' title='bbox 1204 112 1213 122; x_wconf 83' lang='lat'>.</span> 
     </span>
    </p>
   </div>
   <div class='ocr_carea' id='block_1_7' title="bbox 974 180 1740 2912">
    <p class='ocr_par' dir='ltr' id='par_1_15' title="bbox 1006 180 1740 298">
     <span class='ocr_line' id='line_1_66' title="bbox 1007 180 1740 223; baseline 0.004 -12"><span class='ocrx_word' id='word_1_358' title='bbox 1007 181 1116 212; x_wconf 85' lang='lat' dir='ltr'>videre</span> <span class='ocrx_word' id='word_1_359' title='bbox 1141 181 1201 211; x_wconf 87' lang='lat' dir='ltr'>viri</span> <span class='ocrx_word' id='word_1_360' title='bbox 1225 180 1326 212; x_wconf 88' lang='lat' dir='ltr'>docti.</span> <span class='ocrx_word' id='word_1_361' title='bbox 1365 181 1491 223; x_wconf 84' lang='lat' dir='ltr'>itaque,</span> <span class='ocrx_word' id='word_1_362' title='bbox 1514 191 1589 223; x_wconf 79' lang='lat' dir='ltr'>quae</span> <span class='ocrx_word' id='word_1_363' title='bbox 1613 181 1653 214; x_wconf 87' lang='lat' dir='ltr'>de</span> <span class='ocrx_word' id='word_1_364' title='bbox 1675 181 1740 214; x_wconf 81' lang='lat' dir='ltr'>hae</span> 
     </span>
     <span class='ocr_line' id='line_1_67' title="bbox 1006 224 1737 274; baseline 0.008 -20"><span class='ocrx_word' id='word_1_365' title='bbox 1006 235 1084 255; x_wconf 86' lang='lat' dir='ltr'>voce</span> <span class='ocrx_word' id='word_1_366' title='bbox 1109 224 1261 263; x_wconf 86' lang='lat' dir='ltr'>dicenda,</span> <span class='ocrx_word' id='word_1_367' title='bbox 1278 225 1319 274; x_wconf 83' lang='lat' dir='ltr'>ad</span> <span class='ocrx_word' id='word_1_368' title='bbox 1341 228 1495 268; x_wconf 76' lang='lat' dir='ltr'>mancipii</span> <span class='ocrx_word' id='word_1_369' title='bbox 1516 237 1630 259; x_wconf 84' lang='lat' dir='ltr'>vocem</span> <span class='ocrx_word' id='word_1_370' title='bbox 1647 231 1737 259; x_wconf 80' lang='lat' dir='ltr'>retu-</span> 
     </span>
     <span class='ocr_line' id='line_1_68' title="bbox 1007 268 1118 298; baseline -0.01 0"><span class='ocrx_word' id='word_1_371' title='bbox 1007 268 1118 298; x_wconf 80' lang='lat' dir='ltr'>limus.</span> 
     </span>
    </p>

    <p class='ocr_par' dir='ltr' id='par_1_16' title="bbox 982 311 1740 2423">
     <span class='ocr_line' id='line_1_69' title="bbox 1050 311 1740 356; baseline 0.003 -14"><span class='ocrx_word' id='word_1_372' title='bbox 1050 312 1265 351; x_wconf 63' lang='grc' dir='ltr'><strong>Μαηοίγὶιιηί.</strong></span> <span class='ocrx_word' id='word_1_373' title='bbox 1294 311 1377 352; x_wconf 88' lang='lat' dir='ltr'>Top.</span> <span class='ocrx_word' id='word_1_374' title='bbox 1394 315 1447 345; x_wconf 67' lang='lat'>25.</span> <span class='ocrx_word' id='word_1_375' title='bbox 1478 316 1636 356; x_wconf 76' lang='lat' dir='ltr'>mancipio</span> <span class='ocrx_word' id='word_1_376' title='bbox 1651 314 1740 346; x_wconf 85' lang='lat' dir='ltr'>dare.</span> 
     </span>
     <span class='ocr_line' id='line_1_70' title="bbox 1005 354 1740 396; baseline 0.007 -12"><span class='ocrx_word' id='word_1_377' title='bbox 1005 354 1047 384; x_wconf 86' lang='lat' dir='ltr'>cf.</span> <span class='ocrx_word' id='word_1_378' title='bbox 1062 355 1102 384; x_wconf 80' lang='lat' dir='ltr'>ad</span> <span class='ocrx_word' id='word_1_379' title='bbox 1115 355 1185 385; x_wconf 86' lang='lat' dir='ltr'>Att.</span> <span class='ocrx_word' id='word_1_380' title='bbox 1196 355 1263 385; x_wconf 82' lang='lat' dir='ltr'>xiii.</span> <span class='ocrx_word' id='word_1_381' title='bbox 1277 358 1328 386; x_wconf 81' lang='lat'>50.</span> <span class='ocrx_word' id='word_1_382' title='bbox 1346 356 1377 386; x_wconf 89' lang='lat' dir='ltr'>h.</span> <span class='ocrx_word' id='word_1_383' title='bbox 1391 366 1420 387; x_wconf 89' lang='lat' dir='ltr'>e.</span> <span class='ocrx_word' id='word_1_384' title='bbox 1438 357 1561 396; x_wconf 83' lang='lat' dir='ltr'>exlege</span> <span class='ocrx_word' id='word_1_385' title='bbox 1577 358 1740 388; x_wconf 86' lang='lat' dir='ltr'>venditio-</span> 
     </span>
     <span class='ocr_line' id='line_1_71' title="bbox 1006 398 1737 447; baseline 0.008 -21"><span class='ocrx_word' id='word_1_386' title='bbox 1006 398 1055 427; x_wconf 87' lang='lat' dir='ltr'>nis</span> <span class='ocrx_word' id='word_1_387' title='bbox 1077 398 1153 447; x_wconf 80' lang='lat' dir='ltr'>jure</span> <span class='ocrx_word' id='word_1_388' title='bbox 1180 400 1346 439; x_wconf 79' lang='lat' dir='ltr'>mancipii,</span> <span class='ocrx_word' id='word_1_389' title='bbox 1372 400 1411 430; x_wconf 85' lang='lat' dir='ltr'>de</span> <span class='ocrx_word' id='word_1_390' title='bbox 1437 411 1502 439; x_wconf 90' lang='lat' dir='ltr'>quo</span> <span class='ocrx_word' id='word_1_391' title='bbox 1531 412 1616 432; x_wconf 86' lang='lat' dir='ltr'>mox.</span> <span class='ocrx_word' id='word_1_392' title='bbox 1654 402 1737 431; x_wconf 70' lang='lat' dir='ltr'>*res</span> 
     </span>
     <span class='ocr_line' id='line_1_72' title="bbox 1006 442 1736 485; baseline 0.007 -15"><span class='ocrx_word' id='word_1_393' title='bbox 1006 442 1148 480; x_wconf 73' lang='lat' dir='ltr'>mancipi</span> <span class='ocrx_word' id='word_1_394' title='bbox 1172 446 1264 480; x_wconf 84' lang='lat' dir='ltr'>sunt,</span> <span class='ocrx_word' id='word_1_395' title='bbox 1290 453 1363 481; x_wconf 85' lang='lat' dir='ltr'>quae</span> <span class='ocrx_word' id='word_1_396' title='bbox 1395 444 1583 475; x_wconf 84' lang='lat' dir='ltr'>venduntur</span> <span class='ocrx_word' id='word_1_397' title='bbox 1609 455 1668 485; x_wconf 86' lang='lat' dir='ltr'>per</span> <span class='ocrx_word' id='word_1_398' title='bbox 1692 454 1736 475; x_wconf 82' lang='lat' dir='ltr'>aes</span> 
     </span>
     <span class='ocr_line' id='line_1_73' title="bbox 1005 484 1736 527; baseline 0.008 -15"><span class='ocrx_word' id='word_1_399' title='bbox 1005 488 1037 513; x_wconf 83' lang='lat' dir='ltr'>et</span> <span class='ocrx_word' id='word_1_400' title='bbox 1070 484 1201 522; x_wconf 80' lang='lat' dir='ltr'>libiam,</span> <span class='ocrx_word' id='word_1_401' title='bbox 1225 486 1443 524; x_wconf 63' lang='lat' dir='ltr'>praesentibus</span> <span class='ocrx_word' id='word_1_402' title='bbox 1467 488 1612 527; x_wconf 88' lang='lat' dir='ltr'>quinque</span> <span class='ocrx_word' id='word_1_403' title='bbox 1638 488 1736 518; x_wconf 80' lang='lat' dir='ltr'>testi-</span> 
     </span>
     <span class='ocr_line' id='line_1_74' title="bbox 1006 528 1736 570; baseline 0.01 -15"><span class='ocrx_word' id='word_1_404' title='bbox 1006 528 1084 565; x_wconf 72' lang='grc'><strong>11115,</strong></span> <span class='ocrx_word' id='word_1_405' title='bbox 1122 538 1186 566; x_wconf 86' lang='lat' dir='ltr'>qno</span> <span class='ocrx_word' id='word_1_406' title='bbox 1218 529 1285 558; x_wconf 88' lang='lat' dir='ltr'>ritu</span> <span class='ocrx_word' id='word_1_407' title='bbox 1316 530 1468 560; x_wconf 82' lang='lat' dir='ltr'>venditor</span> <span class='ocrx_word' id='word_1_408' title='bbox 1497 531 1663 570; x_wconf 85' lang='lat' dir='ltr'>obligatur</span> <span class='ocrx_word' id='word_1_409' title='bbox 1693 531 1736 562; x_wconf 84' lang='lat' dir='ltr'>ad</span> 
     </span>
     <span class='ocr_line' id='line_1_75' title="bbox 1005 550 1734 613; baseline 0.008 -14"><span class='ocrx_word' id='word_1_410' title='bbox 1005 550 1203 600; x_wconf 82' lang='lat' dir='ltr'>evictionem</span> <span class='ocrx_word' id='word_1_411' title='bbox 1220 573 1453 611; x_wconf 62' lang='lat' dir='ltr'>praestandam.</span> <span class='ocrx_word' id='word_1_412' title='bbox 1481 574 1573 613; x_wconf 81' lang='lat' dir='ltr'>isque</span> <span class='ocrx_word' id='word_1_413' title='bbox 1590 585 1659 605; x_wconf 90' lang='lat' dir='ltr'>mos</span> <span class='ocrx_word' id='word_1_414' title='bbox 1677 574 1734 605; x_wconf 89' lang='lat' dir='ltr'>ad-</span> 
     </span>
     <span class='ocr_line' id='line_1_76' title="bbox 1005 613 1735 657; baseline 0.01 -15"><span class='ocrx_word' id='word_1_415' title='bbox 1005 613 1070 643; x_wconf 88' lang='lat' dir='ltr'>huc</span> <span class='ocrx_word' id='word_1_416' title='bbox 1094 614 1223 644; x_wconf 82' lang='lat' dir='ltr'>duravit</span> <span class='ocrx_word' id='word_1_417' title='bbox 1247 615 1344 645; x_wconf 86' lang='lat' dir='ltr'>Plinii</span> <span class='ocrx_word' id='word_1_418' title='bbox 1366 616 1443 655; x_wconf 85' lang='lat' dir='ltr'>maj.</span> <span class='ocrx_word' id='word_1_419' title='bbox 1460 618 1679 657; x_wconf 85' lang='lat' dir='ltr'>temporibus,</span> <span class='ocrx_word' id='word_1_420' title='bbox 1695 622 1735 649; x_wconf 84' lang='lat' dir='ltr'>ut</span> 
     </span>
     <span class='ocr_line' id='line_1_77' title="bbox 1005 658 1736 695; baseline 0.007 -9"><span class='ocrx_word' id='word_1_421' title='bbox 1005 661 1096 695; x_wconf 80' lang='lat' dir='ltr'>patet</span> <span class='ocrx_word' id='word_1_422' title='bbox 1122 668 1160 686; x_wconf 86' lang='lat' dir='ltr'>ex</span> <span class='ocrx_word' id='word_1_423' title='bbox 1185 658 1227 687; x_wconf 91' lang='lat' dir='ltr'>H.</span> <span class='ocrx_word' id='word_1_424' title='bbox 1252 659 1294 689; x_wconf 90' lang='lat' dir='ltr'>N.</span> <span class='ocrx_word' id='word_1_425' title='bbox 1311 660 1420 689; x_wconf 76' lang='lat' dir='ltr'>xxxiii.</span> <span class='ocrx_word' id='word_1_426' title='bbox 1438 664 1468 690; x_wconf 83' lang='lat'>3.</span> <span class='ocrx_word' id='word_1_427' title='bbox 1502 660 1609 691; x_wconf 83' lang='lat' dir='ltr'>Locus</span> <span class='ocrx_word' id='word_1_428' title='bbox 1633 662 1736 691; x_wconf 87' lang='lat' dir='ltr'>diser-</span> 
     </span>
     <span class='ocr_line' id='line_1_78' title="bbox 1003 700 1735 742; baseline 0.01 -13"><span class='ocrx_word' id='word_1_429' title='bbox 1003 701 1151 730; x_wconf 74' lang='lat' dir='ltr'>tissimus</span> <span class='ocrx_word' id='word_1_430' title='bbox 1165 700 1204 730; x_wconf 90' lang='lat' dir='ltr'>de</span> <span class='ocrx_word' id='word_1_431' title='bbox 1219 704 1290 731; x_wconf 89' lang='lat' dir='ltr'>tota</span> <span class='ocrx_word' id='word_1_432' title='bbox 1303 713 1335 731; x_wconf 88' lang='lat' dir='ltr'>re</span> <span class='ocrx_word' id='word_1_433' title='bbox 1349 709 1398 732; x_wconf 69' lang='lat' dir='ltr'>est</span> <span class='ocrx_word' id='word_1_434' title='bbox 1411 713 1462 742; x_wconf 85' lang='lat' dir='ltr'>ap.</span> <span class='ocrx_word' id='word_1_435' title='bbox 1477 704 1583 734; x_wconf 81' lang='lat' dir='ltr'>Plaut.</span> <span class='ocrx_word' id='word_1_436' title='bbox 1598 705 1735 736; x_wconf 89' lang='lat' dir='ltr'>Curcul.</span> 
     </span>
     <span class='ocr_line' id='line_1_79' title="bbox 1004 743 1735 783; baseline 0.008 -11"><span class='ocrx_word' id='word_1_437' title='bbox 1004 743 1045 773; x_wconf 93' lang='lat' dir='ltr'>iv.</span> <span class='ocrx_word' id='word_1_438' title='bbox 1073 745 1102 773; x_wconf 71' lang='lat'>⁶2.</span> <span class='ocrx_word' id='word_1_439' title='bbox 1136 748 1165 774; x_wconf 77' lang='lat'>8.</span> <span class='ocrx_word' id='word_1_440' title='bbox 1192 754 1239 783; x_wconf 85' lang='lat' dir='ltr'>sq.</span> <span class='ocrx_word' id='word_1_441' title='bbox 1285 746 1349 775; x_wconf 87' lang='lat' dir='ltr'>Sed</span> <span class='ocrx_word' id='word_1_442' title='bbox 1378 745 1595 778; x_wconf 74' lang='lat' dir='ltr'>Ciceroniana</span> <span class='ocrx_word' id='word_1_443' title='bbox 1624 748 1735 778; x_wconf 87' lang='lat' dir='ltr'>videa·</span> 
     </span>
     <span class='ocr_line' id='line_1_80' title="bbox 1004 787 1733 830; baseline 0.008 -15"><span class='ocrx_word' id='word_1_444' title='bbox 1004 796 1088 816; x_wconf 85' lang='lat' dir='ltr'>mus.</span> <span class='ocrx_word' id='word_1_445' title='bbox 1106 787 1193 817; x_wconf 89' lang='lat' dir='ltr'>Mur.</span> <span class='ocrx_word' id='word_1_446' title='bbox 1211 790 1241 817; x_wconf 70' lang='lat'>⁴2.</span> <span class='ocrx_word' id='word_1_447' title='bbox 1266 789 1291 818; x_wconf 80' lang='lat' dir='ltr'>si</span> <span class='ocrx_word' id='word_1_448' title='bbox 1309 789 1343 818; x_wconf 89' lang='lat' dir='ltr'>in</span> <span class='ocrx_word' id='word_1_449' title='bbox 1360 789 1399 819; x_wconf 83' lang='lat' dir='ltr'>iis</span> <span class='ocrx_word' id='word_1_450' title='bbox 1417 790 1513 820; x_wconf 84' lang='lat' dir='ltr'>rebus</span> <span class='ocrx_word' id='word_1_451' title='bbox 1531 792 1733 830; x_wconf 86' lang='lat' dir='ltr'>repetendis,</span> 
     </span>
     <span class='ocr_line' id='line_1_81' title="bbox 1003 832 1732 874; baseline 0.01 -16"><span class='ocrx_word' id='word_1_452' title='bbox 1003 840 1075 868; x_wconf 80' lang='lat' dir='ltr'>quae</span> <span class='ocrx_word' id='word_1_453' title='bbox 1092 833 1234 869; x_wconf 72' lang='lat' dir='ltr'>mancipi</span> <span class='ocrx_word' id='word_1_454' title='bbox 1259 837 1349 869; x_wconf 79' lang='lat' dir='ltr'>sunt,</span> <span class='ocrx_word' id='word_1_455' title='bbox 1368 833 1394 862; x_wconf 84' lang='lat' dir='ltr'>is</span> <span class='ocrx_word' id='word_1_456' title='bbox 1411 832 1529 871; x_wconf 86' lang='lat' dir='ltr'>judieii</span> <span class='ocrx_word' id='word_1_457' title='bbox 1546 834 1732 874; x_wconf 83' lang='lat' dir='ltr'>periculum</span> 
     </span>
     <span class='ocr_line' id='line_1_82' title="bbox 1002 875 1731 925; baseline 0.008 -23"><span class='ocrx_word' id='word_1_458' title='bbox 1002 878 1160 912; x_wconf 69' lang='lat' dir='ltr'>praestare</span> <span class='ocrx_word' id='word_1_459' title='bbox 1181 875 1291 912; x_wconf 76' lang='lat' dir='ltr'>debet,</span> <span class='ocrx_word' id='word_1_460' title='bbox 1311 876 1365 925; x_wconf 74' lang='lat' dir='ltr'>qni</span> <span class='ocrx_word' id='word_1_461' title='bbox 1391 885 1424 905; x_wconf 88' lang='lat' dir='ltr'>se</span> <span class='ocrx_word' id='word_1_462' title='bbox 1450 885 1536 906; x_wconf 86' lang='lat' dir='ltr'>nexu</span> <span class='ocrx_word' id='word_1_463' title='bbox 1560 878 1731 916; x_wconf 81' lang='lat' dir='ltr'>obligavit.</span> 
     </span>
     <span class='ocr_line' id='line_1_83' title="bbox 1002 916 1733 960; baseline 0.008 -14"><span class='ocrx_word' id='word_1_464' title='bbox 1002 916 1099 946; x_wconf 84' lang='lat' dir='ltr'>Unde</span> <span class='ocrx_word' id='word_1_465' title='bbox 1116 918 1173 956; x_wconf 83' lang='lat' dir='ltr'>jus</span> <span class='ocrx_word' id='word_1_466' title='bbox 1193 920 1337 957; x_wconf 73' lang='lat' dir='ltr'>mancipi</span> <span class='ocrx_word' id='word_1_467' title='bbox 1353 929 1378 949; x_wconf 86' lang='lat' dir='ltr'>s.</span> <span class='ocrx_word' id='word_1_468' title='bbox 1397 921 1560 960; x_wconf 78' lang='lat' dir='ltr'>mancipii.</span> <span class='ocrx_word' id='word_1_469' title='bbox 1595 921 1676 951; x_wconf 87' lang='lat' dir='ltr'>Har.</span> <span class='ocrx_word' id='word_1_470' title='bbox 1692 922 1733 953; x_wconf 91' lang='lat' dir='ltr'>R.</span> 
     </span>
     <span class='ocr_line' id='line_1_84' title="bbox 1002 951 1733 1002; baseline 0.008 -13"><span class='ocrx_word' id='word_1_471' title='bbox 1002 963 1032 993; x_wconf 82' lang='lat'>7.</span> <span class='ocrx_word' id='word_1_472' title='bbox 1065 951 1241 992; x_wconf 57' lang='grc'><strong>13100032.</strong></span> <span class='ocrx_word' id='word_1_473' title='bbox 1275 962 1464 993; x_wconf 50' lang='lat' dir='ltr'>Caeeiness.</span> <span class='ocrx_word' id='word_1_474' title='bbox 1498 964 1584 1002; x_wconf 85' lang='lat' dir='ltr'>quod</span> <span class='ocrx_word' id='word_1_475' title='bbox 1604 969 1655 994; x_wconf 86' lang='lat' dir='ltr'>est</span> <span class='ocrx_word' id='word_1_476' title='bbox 1677 975 1733 995; x_wconf 83' lang='lat' dir='ltr'>ea·</span> 
     </span>
     <span class='ocr_line' id='line_1_85' title="bbox 1002 1007 1732 1046; baseline 0.008 -14"><span class='ocrx_word' id='word_1_477' title='bbox 1002 1013 1075 1033; x_wconf 91' lang='lat' dir='ltr'>rum</span> <span class='ocrx_word' id='word_1_478' title='bbox 1101 1014 1224 1041; x_wconf 86' lang='lat' dir='ltr'>rerum,</span> <span class='ocrx_word' id='word_1_479' title='bbox 1245 1015 1318 1044; x_wconf 80' lang='lat' dir='ltr'>quae</span> <span class='ocrx_word' id='word_1_480' title='bbox 1342 1007 1500 1046; x_wconf 79' lang='lat' dir='ltr'>mancipio</span> <span class='ocrx_word' id='word_1_481' title='bbox 1523 1013 1557 1037; x_wconf 86' lang='lat' dir='ltr'>et</span> <span class='ocrx_word' id='word_1_482' title='bbox 1580 1017 1680 1043; x_wconf 84' lang='lat' dir='ltr'>nexu,</span> <span class='ocrx_word' id='word_1_483' title='bbox 1697 1008 1732 1040; x_wconf 89' lang='lat' dir='ltr'>h.</span> 
     </span>
     <span class='ocr_line' id='line_1_86' title="bbox 1001 1031 1730 1086; baseline 0.008 -10"><span class='ocrx_word' id='word_1_484' title='bbox 1001 1056 1030 1076; x_wconf 85' lang='lat' dir='ltr'>e.</span> <span class='ocrx_word' id='word_1_485' title='bbox 1069 1047 1135 1077; x_wconf 82' lang='lat' dir='ltr'>ritu</span> <span class='ocrx_word' id='word_1_486' title='bbox 1165 1053 1435 1086; x_wconf 85' lang='lat' dir='ltr'>commemorato,</span> <span class='ocrx_word' id='word_1_487' title='bbox 1467 1050 1559 1081; x_wconf 84' lang='lat' dir='ltr'>nobis</span> <span class='ocrx_word' id='word_1_488' title='bbox 1596 1031 1730 1082; x_wconf 79' lang='lat' dir='ltr'>traditae</span> 
     </span>
     <span class='ocr_line' id='line_1_87' title="bbox 1001 1091 1732 1131; baseline 0.011 -12"><span class='ocrx_word' id='word_1_489' title='bbox 1001 1095 1091 1120; x_wconf 86' lang='lat' dir='ltr'>sunt.</span> <span class='ocrx_word' id='word_1_490' title='bbox 1139 1091 1295 1121; x_wconf 86' lang='lat' dir='ltr'>Ceterum</span> <span class='ocrx_word' id='word_1_491' title='bbox 1313 1093 1495 1123; x_wconf 85' lang='lat' dir='ltr'>notandum</span> <span class='ocrx_word' id='word_1_492' title='bbox 1516 1099 1578 1131; x_wconf 79' lang='lat' dir='ltr'>est,</span> <span class='ocrx_word' id='word_1_493' title='bbox 1598 1096 1732 1126; x_wconf 83' lang='lat' dir='ltr'>Cicero·</span> 
     </span>
     <span class='ocr_line' id='line_1_88' title="bbox 1001 1135 1730 1176; baseline 0.011 -14"><span class='ocrx_word' id='word_1_494' title='bbox 1001 1142 1091 1171; x_wconf 85' lang='lat' dir='ltr'>nem,</span> <span class='ocrx_word' id='word_1_495' title='bbox 1122 1144 1200 1164; x_wconf 87' lang='lat' dir='ltr'>cum</span> <span class='ocrx_word' id='word_1_496' title='bbox 1223 1135 1309 1174; x_wconf 59' lang='grc' dir='ltr'><strong>111ῃεῦ</strong></span> <span class='ocrx_word' id='word_1_497' title='bbox 1301 1141 1349 1165; x_wconf 85' lang='lat' dir='ltr'>at</span> <span class='ocrx_word' id='word_1_498' title='bbox 1380 1136 1574 1176; x_wconf 87' lang='lat' dir='ltr'>plerumque</span> <span class='ocrx_word' id='word_1_499' title='bbox 1606 1141 1730 1170; x_wconf 72' lang='lat' dir='ltr'>manci-</span> 
     </span>
     <span class='ocr_line' id='line_1_89' title="bbox 994 1178 1729 1218; baseline 0.008 -12"><span class='ocrx_word' id='word_1_500' title='bbox 994 1178 1089 1216; x_wconf 71' lang='lat' dir='ltr'>pium</span> <span class='ocrx_word' id='word_1_501' title='bbox 1107 1181 1140 1207; x_wconf 88' lang='lat' dir='ltr'>et</span> <span class='ocrx_word' id='word_1_502' title='bbox 1156 1188 1292 1216; x_wconf 82' lang='lat' dir='ltr'>nexum,</span> <span class='ocrx_word' id='word_1_503' title='bbox 1310 1183 1480 1218; x_wconf 78' lang='lat' dir='ltr'>tamquam</span> <span class='ocrx_word' id='word_1_504' title='bbox 1497 1181 1638 1211; x_wconf 86' lang='lat' dir='ltr'>eandem</span> <span class='ocrx_word' id='word_1_505' title='bbox 1662 1183 1729 1212; x_wconf 87' lang='lat' dir='ltr'>vim</span> 
     </span>
     <span class='ocr_line' id='line_1_90' title="bbox 1001 1202 1729 1259; baseline 0.01 -10"><span class='ocrx_word' id='word_1_506' title='bbox 1001 1220 1168 1259; x_wconf 84' lang='lat' dir='ltr'>habentia,</span> <span class='ocrx_word' id='word_1_507' title='bbox 1184 1202 1454 1253; x_wconf 72' lang='lat' dir='ltr'>ta1ne1&#39;1Ha1-.R</span> <span class='ocrx_word' id='word_1_508' title='bbox 1468 1234 1495 1252; x_wconf 91' lang='lat' dir='ltr'>c</span> <span class='ocrx_word' id='word_1_509' title='bbox 1508 1228 1539 1258; x_wconf 87' lang='lat'>7.</span> <span class='ocrx_word' id='word_1_510' title='bbox 1556 1235 1594 1254; x_wconf 90' lang='lat' dir='ltr'>ea</span> <span class='ocrx_word' id='word_1_511' title='bbox 1610 1225 1729 1256; x_wconf 89' lang='lat' dir='ltr'>distin-</span> 
     </span>
     <span class='ocr_line' id='line_1_91' title="bbox 999 1265 1726 1304; baseline 0.008 -11"><span class='ocrx_word' id='word_1_512' title='bbox 999 1273 1117 1302; x_wconf 82' lang='lat' dir='ltr'>guere:</span> <span class='ocrx_word' id='word_1_513' title='bbox 1148 1265 1235 1304; x_wconf 87' lang='lat' dir='ltr'>quod</span> <span class='ocrx_word' id='word_1_514' title='bbox 1258 1266 1399 1295; x_wconf 81' lang='lat' dir='ltr'>faciebat</span> <span class='ocrx_word' id='word_1_515' title='bbox 1423 1272 1556 1297; x_wconf 80' lang='lat' dir='ltr'>auctme</span> <span class='ocrx_word' id='word_1_516' title='bbox 1580 1268 1726 1299; x_wconf 86' lang='lat' dir='ltr'>Varrone</span> 
     </span>
     <span class='ocr_line' id='line_1_92' title="bbox 999 1308 1727 1351; baseline 0.01 -15"><span class='ocrx_word' id='word_1_517' title='bbox 999 1308 1156 1345; x_wconf 66' lang='lat' dir='ltr'>Scaevola,</span> <span class='ocrx_word' id='word_1_518' title='bbox 1180 1319 1256 1338; x_wconf 83' lang='lat' dir='ltr'>culn</span> <span class='ocrx_word' id='word_1_519' title='bbox 1280 1309 1439 1339; x_wconf 85' lang='lat' dir='ltr'>Manilius</span> <span class='ocrx_word' id='word_1_520' title='bbox 1462 1310 1567 1341; x_wconf 71' lang='lat' dir='ltr'>dCtus</span> <span class='ocrx_word' id='word_1_521' title='bbox 1591 1322 1649 1351; x_wconf 92' lang='lat' dir='ltr'>pro</span> <span class='ocrx_word' id='word_1_522' title='bbox 1672 1323 1727 1342; x_wconf 90' lang='lat' dir='ltr'>ea-</span> 
     </span>
     <span class='ocr_line' id='line_1_93' title="bbox 998 1350 1727 1395; baseline 0.011 -16"><span class='ocrx_word' id='word_1_523' title='bbox 998 1350 1072 1380; x_wconf 91' lang='lat' dir='ltr'>dem</span> <span class='ocrx_word' id='word_1_524' title='bbox 1104 1362 1138 1380; x_wconf 86' lang='lat' dir='ltr'>1e</span> <span class='ocrx_word' id='word_1_525' title='bbox 1168 1351 1315 1382; x_wconf 84' lang='lat' dir='ltr'>haberet.</span> <span class='ocrx_word' id='word_1_526' title='bbox 1368 1353 1540 1391; x_wconf 87' lang='lat' dir='ltr'>Manilius,</span> <span class='ocrx_word' id='word_1_527' title='bbox 1571 1356 1727 1395; x_wconf 86' lang='lat' dir='ltr'>quicquid</span> 
     </span>
     <span class='ocr_line' id='line_1_94' title="bbox 998 1394 1726 1438; baseline 0.01 -15"><span class='ocrx_word' id='word_1_528' title='bbox 998 1404 1056 1433; x_wconf 90' lang='lat' dir='ltr'>per</span> <span class='ocrx_word' id='word_1_529' title='bbox 1079 1394 1193 1424; x_wconf 83' lang='lat' dir='ltr'>libram</span> <span class='ocrx_word' id='word_1_530' title='bbox 1219 1396 1356 1434; x_wconf 79' lang='lat' dir='ltr'>geritur,</span> <span class='ocrx_word' id='word_1_531' title='bbox 1373 1396 1406 1425; x_wconf 86' lang='lat' dir='ltr'>id</span> <span class='ocrx_word' id='word_1_532' title='bbox 1429 1406 1550 1427; x_wconf 78' lang='lat' dir='ltr'>nexum</span> <span class='ocrx_word' id='word_1_533' title='bbox 1574 1400 1726 1438; x_wconf 83' lang='lat' dir='ltr'>putabat,</span> 
     </span>
     <span class='ocr_line' id='line_1_95' title="bbox 997 1438 1725 1479; baseline 0.01 -13"><span class='ocrx_word' id='word_1_534' title='bbox 997 1438 1144 1476; x_wconf 80' lang='lat' dir='ltr'>adeoque</span> <span class='ocrx_word' id='word_1_535' title='bbox 1176 1439 1277 1468; x_wconf 80' lang='lat' dir='ltr'>etiam</span> <span class='ocrx_word' id='word_1_536' title='bbox 1311 1441 1534 1479; x_wconf 71' lang='lat' dir='ltr'>mancipium:</span> <span class='ocrx_word' id='word_1_537' title='bbox 1579 1442 1725 1474; x_wconf 86' lang='lat' dir='ltr'>Scaevola</span> 
     </span>
     <span class='ocr_line' id='line_1_96' title="bbox 996 1485 1724 1516; baseline 0.008 -6"><span class='ocrx_word' id='word_1_538' title='bbox 996 1488 1112 1511; x_wconf 85' lang='lat' dir='ltr'>contra</span> <span class='ocrx_word' id='word_1_539' title='bbox 1133 1492 1172 1511; x_wconf 77' lang='lat' dir='ltr'>ca</span> <span class='ocrx_word' id='word_1_540' title='bbox 1194 1487 1327 1512; x_wconf 78' lang='lat' dir='ltr'>tantum</span> <span class='ocrx_word' id='word_1_541' title='bbox 1354 1492 1456 1513; x_wconf 82' lang='lat' dir='ltr'>nexus</span> <span class='ocrx_word' id='word_1_542' title='bbox 1481 1485 1614 1515; x_wconf 85' lang='lat' dir='ltr'>nomine</span> <span class='ocrx_word' id='word_1_543' title='bbox 1633 1496 1724 1516; x_wconf 77' lang='lat' dir='ltr'>com·</span> 
     </span>
     <span class='ocr_line' id='line_1_97' title="bbox 996 1524 1725 1566; baseline 0.01 -13"><span class='ocrx_word' id='word_1_544' title='bbox 996 1524 1234 1564; x_wconf 67' lang='lat' dir='ltr'>prehendebat,</span> <span class='ocrx_word' id='word_1_545' title='bbox 1252 1533 1403 1566; x_wconf 80' lang='lat' dir='ltr'>quae’per</span> <span class='ocrx_word' id='word_1_546' title='bbox 1417 1536 1460 1556; x_wconf 78' lang='lat' dir='ltr'>aes</span> <span class='ocrx_word' id='word_1_547' title='bbox 1477 1534 1511 1557; x_wconf 86' lang='lat' dir='ltr'>et</span> <span class='ocrx_word' id='word_1_548' title='bbox 1526 1528 1643 1559; x_wconf 83' lang='lat' dir='ltr'>libram</span> <span class='ocrx_word' id='word_1_549' title='bbox 1667 1529 1725 1560; x_wconf 89' lang='lat' dir='ltr'>da·</span> 
     </span>
     <span class='ocr_line' id='line_1_98' title="bbox 995 1568 1724 1613; baseline 0.01 -17"><span class='ocrx_word' id='word_1_550' title='bbox 995 1568 1129 1605; x_wconf 80' lang='lat' dir='ltr'>bantur,</span> <span class='ocrx_word' id='word_1_551' title='bbox 1140 1574 1177 1598; x_wconf 86' lang='lat' dir='ltr'>ut</span> <span class='ocrx_word' id='word_1_552' title='bbox 1190 1569 1429 1607; x_wconf 70' lang='lat' dir='ltr'>obligarentur,</span> <span class='ocrx_word' id='word_1_553' title='bbox 1440 1575 1472 1600; x_wconf 87' lang='lat' dir='ltr'>et</span> <span class='ocrx_word' id='word_1_554' title='bbox 1485 1572 1525 1601; x_wconf 83' lang='lat' dir='ltr'>ab</span> <span class='ocrx_word' id='word_1_555' title='bbox 1538 1571 1598 1601; x_wconf 86' lang='lat' dir='ltr'>hac</span> <span class='ocrx_word' id='word_1_556' title='bbox 1611 1573 1724 1613; x_wconf 90' lang='lat' dir='ltr'>appel-</span> 
     </span>
     <span class='ocr_line' id='line_1_99' title="bbox 995 1611 1723 1652; baseline 0.01 -12"><span class='ocrx_word' id='word_1_557' title='bbox 995 1611 1118 1641; x_wconf 83' lang='lat' dir='ltr'>latione</span> <span class='ocrx_word' id='word_1_558' title='bbox 1142 1614 1342 1652; x_wconf 71' lang='lat' dir='ltr'>mancipium</span> <span class='ocrx_word' id='word_1_559' title='bbox 1366 1613 1572 1645; x_wconf 82' lang='lat' dir='ltr'>excludebat.</span> <span class='ocrx_word' id='word_1_560' title='bbox 1601 1626 1630 1646; x_wconf 80' lang='grc' dir='ltr'>ν.</span> <span class='ocrx_word' id='word_1_561' title='bbox 1652 1616 1723 1647; x_wconf 89' lang='lat' dir='ltr'>Sal-</span> 
     </span>
     <span class='ocr_line' id='line_1_100' title="bbox 996 1655 1723 1697; baseline 0.01 -14"><span class='ocrx_word' id='word_1_562' title='bbox 996 1664 1076 1684; x_wconf 86' lang='lat' dir='ltr'>mas.</span> <span class='ocrx_word' id='word_1_563' title='bbox 1094 1655 1132 1684; x_wconf 88' lang='lat' dir='ltr'>de</span> <span class='ocrx_word' id='word_1_564' title='bbox 1157 1656 1255 1686; x_wconf 81' lang='lat' dir='ltr'>Usur.</span> <span class='ocrx_word' id='word_1_565' title='bbox 1274 1666 1302 1686; x_wconf 90' lang='grc'>0.</span> <span class='ocrx_word' id='word_1_566' title='bbox 1319 1660 1348 1687; x_wconf 81' lang='grc'>8.</span> <span class='ocrx_word' id='word_1_567' title='bbox 1368 1667 1400 1696; x_wconf 90' lang='lat' dir='ltr'>p.</span> <span class='ocrx_word' id='word_1_568' title='bbox 1419 1658 1491 1688; x_wconf 68' lang='lat'>905.</span> <span class='ocrx_word' id='word_1_569' title='bbox 1507 1668 1576 1697; x_wconf 86' lang='lat' dir='ltr'>sqq.</span> <span class='ocrx_word' id='word_1_570' title='bbox 1607 1659 1647 1688; x_wconf 88' lang='lat' dir='ltr'>de</span> <span class='ocrx_word' id='word_1_571' title='bbox 1671 1669 1723 1690; x_wconf 88' lang='lat' dir='ltr'>re-</span> 
     </span>
     <span class='ocr_line' id='line_1_101' title="bbox 992 1698 1719 1740; baseline 0.01 -13"><span class='ocrx_word' id='word_1_572' title='bbox 992 1698 1052 1727; x_wconf 84' lang='lat' dir='ltr'>bus</span> <span class='ocrx_word' id='word_1_573' title='bbox 1070 1701 1209 1738; x_wconf 75' lang='lat' dir='ltr'>mancipi</span> <span class='ocrx_word' id='word_1_574' title='bbox 1226 1704 1260 1729; x_wconf 87' lang='lat' dir='ltr'>et</span> <span class='ocrx_word' id='word_1_575' title='bbox 1273 1700 1349 1739; x_wconf 87' lang='lat' dir='ltr'>jure</span> <span class='ocrx_word' id='word_1_576' title='bbox 1366 1703 1519 1740; x_wconf 77' lang='lat' dir='ltr'>mancipii</span> <span class='ocrx_word' id='word_1_577' title='bbox 1535 1702 1599 1733; x_wconf 90' lang='lat' dir='ltr'>vid.</span> <span class='ocrx_word' id='word_1_578' title='bbox 1616 1703 1719 1734; x_wconf 81' lang='lat' dir='ltr'>etiam</span> 
     </span>
     <span class='ocr_line' id='line_1_102' title="bbox 992 1740 1721 1786; baseline 0.011 -16"><span class='ocrx_word' id='word_1_579' title='bbox 992 1740 1246 1781; x_wconf 68' lang='lat' dir='ltr'>Bynkershoekii</span> <span class='ocrx_word' id='word_1_580' title='bbox 1277 1743 1364 1773; x_wconf 80' lang='lat' dir='ltr'>niss.</span> <span class='ocrx_word' id='word_1_581' title='bbox 1389 1744 1428 1773; x_wconf 90' lang='lat' dir='ltr'>de</span> <span class='ocrx_word' id='word_1_582' title='bbox 1456 1745 1552 1775; x_wconf 83' lang='lat' dir='ltr'>rebus</span> <span class='ocrx_word' id='word_1_583' title='bbox 1578 1748 1721 1786; x_wconf 78' lang='lat' dir='ltr'>mancipi</span> 
     </span>
     <span class='ocr_line' id='line_1_103' title="bbox 993 1786 1719 1829; baseline 0.008 -15"><span class='ocrx_word' id='word_1_584' title='bbox 993 1794 1050 1815; x_wconf 71' lang='lat' dir='ltr'>nce</span> <span class='ocrx_word' id='word_1_585' title='bbox 1066 1787 1220 1826; x_wconf 74' lang='lat' dir='ltr'>mancipi,</span> <span class='ocrx_word' id='word_1_586' title='bbox 1234 1787 1268 1815; x_wconf 89' lang='lat' dir='ltr'>in</span> <span class='ocrx_word' id='word_1_587' title='bbox 1289 1786 1410 1826; x_wconf 68' lang='lat' dir='ltr'>Optnso.</span> <span class='ocrx_word' id='word_1_588' title='bbox 1423 1798 1454 1827; x_wconf 90' lang='lat' dir='ltr'>p.</span> <span class='ocrx_word' id='word_1_589' title='bbox 1473 1791 1543 1819; x_wconf 85' lang='lat'>105.</span> <span class='ocrx_word' id='word_1_590' title='bbox 1568 1790 1719 1829; x_wconf 80' lang='lat' dir='ltr'>inprimis</span> 
     </span>
     <span class='ocr_line' id='line_1_104' title="bbox 992 1831 1718 1869; baseline 0.008 -11"><span class='ocrx_word' id='word_1_591' title='bbox 992 1838 1020 1857; x_wconf 92' lang='lat' dir='ltr'>c.</span> <span class='ocrx_word' id='word_1_592' title='bbox 1040 1832 1065 1858; x_wconf 91' lang='grc'>1.</span> <span class='ocrx_word' id='word_1_593' title='bbox 1082 1834 1116 1859; x_wconf 87' lang='lat' dir='ltr'>et</span> <span class='ocrx_word' id='word_1_594' title='bbox 1132 1831 1162 1860; x_wconf 63' lang='lat'>⁵2.</span> <span class='ocrx_word' id='word_1_595' title='bbox 1191 1840 1211 1859; x_wconf 91' lang='lat' dir='ltr'>a</span> <span class='ocrx_word' id='word_1_596' title='bbox 1225 1840 1289 1868; x_wconf 85' lang='lat' dir='ltr'>quo</span> <span class='ocrx_word' id='word_1_597' title='bbox 1309 1831 1422 1867; x_wconf 88' lang='lat' dir='ltr'>miror,</span> <span class='ocrx_word' id='word_1_598' title='bbox 1440 1841 1506 1861; x_wconf 91' lang='lat' dir='ltr'>non</span> <span class='ocrx_word' id='word_1_599' title='bbox 1529 1842 1598 1862; x_wconf 87' lang='lat' dir='ltr'>esse</span> <span class='ocrx_word' id='word_1_600' title='bbox 1623 1843 1651 1863; x_wconf 87' lang='lat' dir='ltr'>c.</span> <span class='ocrx_word' id='word_1_601' title='bbox 1670 1837 1718 1869; x_wconf 89' lang='lat'>19.</span> 
     </span>
     <span class='ocr_line' id='line_1_105' title="bbox 992 1872 1719 1915; baseline 0.01 -15"><span class='ocrx_word' id='word_1_602' title='bbox 992 1872 1047 1901; x_wconf 90' lang='lat' dir='ltr'>ubi</span> <span class='ocrx_word' id='word_1_603' title='bbox 1065 1872 1103 1901; x_wconf 86' lang='lat' dir='ltr'>de</span> <span class='ocrx_word' id='word_1_604' title='bbox 1121 1873 1250 1912; x_wconf 85' lang='lat' dir='ltr'>praediis</span> <span class='ocrx_word' id='word_1_605' title='bbox 1268 1874 1522 1912; x_wconf 84' lang='lat' dir='ltr'>provincialibus</span> <span class='ocrx_word' id='word_1_606' title='bbox 1539 1877 1622 1915; x_wconf 86' lang='lat' dir='ltr'>agit,</span> <span class='ocrx_word' id='word_1_607' title='bbox 1639 1876 1719 1907; x_wconf 89' lang='lat' dir='ltr'>alla-</span> 
     </span>
     <span class='ocr_line' id='line_1_106' title="bbox 990 1915 1717 1959; baseline 0.01 -15"><span class='ocrx_word' id='word_1_608' title='bbox 990 1922 1064 1945; x_wconf 81' lang='lat' dir='ltr'>tum</span> <span class='ocrx_word' id='word_1_609' title='bbox 1091 1915 1201 1946; x_wconf 88' lang='lat' dir='ltr'>locum</span> <span class='ocrx_word' id='word_1_610' title='bbox 1235 1917 1404 1947; x_wconf 85' lang='lat' dir='ltr'>Ciceronis</span> <span class='ocrx_word' id='word_1_611' title='bbox 1433 1918 1539 1948; x_wconf 84' lang='lat' dir='ltr'>Flacc.</span> <span class='ocrx_word' id='word_1_612' title='bbox 1567 1922 1619 1950; x_wconf 77' lang='grc'>32.</span> <span class='ocrx_word' id='word_1_613' title='bbox 1660 1921 1717 1959; x_wconf 87' lang='lat' dir='ltr'>qui</span> 
     </span>
     <span class='ocr_line' id='line_1_107' title="bbox 990 1958 1717 2003; baseline 0.01 -16"><span class='ocrx_word' id='word_1_614' title='bbox 990 1958 1055 1988; x_wconf 87' lang='lat' dir='ltr'>huc</span> <span class='ocrx_word' id='word_1_615' title='bbox 1079 1959 1229 1999; x_wconf 83' lang='lat' dir='ltr'>inprimis</span> <span class='ocrx_word' id='word_1_616' title='bbox 1252 1961 1452 2000; x_wconf 81' lang='lat' dir='ltr'>pertinebat.</span> <span class='ocrx_word' id='word_1_617' title='bbox 1490 1962 1717 2003; x_wconf 67' lang='lat' dir='ltr'>*mancipium</span> 
     </span>
     <span class='ocr_line' id='line_1_108' title="bbox 990 2003 1716 2043; baseline 0.01 -12"><span class='ocrx_word' id='word_1_618' title='bbox 990 2006 1040 2031; x_wconf 86' lang='lat' dir='ltr'>est</span> <span class='ocrx_word' id='word_1_619' title='bbox 1064 2004 1163 2033; x_wconf 83' lang='lat' dir='ltr'>etiam</span> <span class='ocrx_word' id='word_1_620' title='bbox 1188 2013 1246 2043; x_wconf 88' lang='lat' dir='ltr'>pro</span> <span class='ocrx_word' id='word_1_621' title='bbox 1265 2003 1409 2034; x_wconf 86' lang='lat' dir='ltr'>formula</span> <span class='ocrx_word' id='word_1_622' title='bbox 1424 2008 1458 2034; x_wconf 88' lang='lat' dir='ltr'>et</span> <span class='ocrx_word' id='word_1_623' title='bbox 1472 2006 1716 2038; x_wconf 80' lang='lat' dir='ltr'>conditionibus</span> 
     </span>
     <span class='ocr_line' id='line_1_109' title="bbox 989 2046 1716 2081; baseline 0.01 -7"><span class='ocrx_word' id='word_1_624' title='bbox 989 2046 1252 2077; x_wconf 81' lang='lat' dir='ltr'>abalienationis.</span> <span class='ocrx_word' id='word_1_625' title='bbox 1274 2047 1337 2076; x_wconf 80' lang='grc'><strong>011.</strong></span> <span class='ocrx_word' id='word_1_626' title='bbox 1355 2048 1400 2078; x_wconf 88' lang='grc'><strong>111.</strong></span> <span class='ocrx_word' id='word_1_627' title='bbox 1420 2049 1469 2078; x_wconf 91' lang='grc'>16.</span> <span class='ocrx_word' id='word_1_628' title='bbox 1493 2048 1554 2079; x_wconf 84' lang='grc'><strong>1100</strong></span> <span class='ocrx_word' id='word_1_629' title='bbox 1571 2050 1603 2080; x_wconf 88' lang='grc'>111</span> <span class='ocrx_word' id='word_1_630' title='bbox 1622 2061 1716 2081; x_wconf 82' lang='lat' dir='ltr'>man-</span> 
     </span>
     <span class='ocr_line' id='line_1_110' title="bbox 988 2090 1715 2142; baseline 0.008 -24"><span class='ocrx_word' id='word_1_631' title='bbox 988 2091 1066 2128; x_wconf 75' lang='lat' dir='ltr'>cipio</span> <span class='ocrx_word' id='word_1_632' title='bbox 1089 2090 1213 2120; x_wconf 88' lang='lat' dir='ltr'>Marius</span> <span class='ocrx_word' id='word_1_633' title='bbox 1238 2099 1304 2120; x_wconf 88' lang='lat' dir='ltr'>non</span> <span class='ocrx_word' id='word_1_634' title='bbox 1328 2091 1465 2121; x_wconf 86' lang='lat' dir='ltr'>dixerat.</span> <span class='ocrx_word' id='word_1_635' title='bbox 1494 2102 1552 2142; x_wconf 87' lang='lat' dir='ltr'>pro</span> <span class='ocrx_word' id='word_1_636' title='bbox 1576 2104 1641 2132; x_wconf 85' lang='lat' dir='ltr'>quo</span> <span class='ocrx_word' id='word_1_637' title='bbox 1664 2100 1715 2124; x_wconf 89' lang='lat' dir='ltr'>est</span> 
     </span>
     <span class='ocr_line' id='line_1_111' title="bbox 987 2133 1716 2177; baseline 0.008 -15"><span class='ocrx_word' id='word_1_638' title='bbox 987 2135 1144 2171; x_wconf 78' lang='lat' dir='ltr'>mancipii</span> <span class='ocrx_word' id='word_1_639' title='bbox 1172 2133 1235 2164; x_wconf 80' lang='lat' dir='ltr'>lex</span> <span class='ocrx_word' id='word_1_640' title='bbox 1273 2135 1330 2164; x_wconf 94' lang='lat' dir='ltr'>Or.</span> <span class='ocrx_word' id='word_1_641' title='bbox 1359 2135 1379 2163; x_wconf 93' lang='lat' dir='ltr'>i.</span> <span class='ocrx_word' id='word_1_642' title='bbox 1407 2138 1460 2169; x_wconf 87' lang='lat'>39.</span> <span class='ocrx_word' id='word_1_643' title='bbox 1497 2137 1529 2166; x_wconf 92' lang='lat' dir='ltr'>in</span> <span class='ocrx_word' id='word_1_644' title='bbox 1562 2139 1716 2177; x_wconf 76' lang='lat' dir='ltr'>mancipii</span> 
     </span>
     <span class='ocr_line' id='line_1_112' title="bbox 987 2175 1716 2229; baseline 0.008 -24"><span class='ocrx_word' id='word_1_645' title='bbox 987 2175 1059 2215; x_wconf 77' lang='lat' dir='ltr'>lege</span> <span class='ocrx_word' id='word_1_646' title='bbox 1077 2186 1143 2206; x_wconf 90' lang='lat' dir='ltr'>non</span> <span class='ocrx_word' id='word_1_647' title='bbox 1160 2176 1253 2207; x_wconf 89' lang='lat' dir='ltr'>dixit.</span> <span class='ocrx_word' id='word_1_648' title='bbox 1283 2177 1302 2195; x_wconf 68' lang='lat'>¹*</span> <span class='ocrx_word' id='word_1_649' title='bbox 1315 2177 1355 2207; x_wconf 86' lang='lat' dir='ltr'>de</span> <span class='ocrx_word' id='word_1_650' title='bbox 1368 2178 1465 2208; x_wconf 88' lang='lat' dir='ltr'>domo</span> <span class='ocrx_word' id='word_1_651' title='bbox 1482 2189 1539 2229; x_wconf 77' lang='lat' dir='ltr'>per</span> <span class='ocrx_word' id='word_1_652' title='bbox 1553 2190 1596 2210; x_wconf 81' lang='lat' dir='ltr'>aes</span> <span class='ocrx_word' id='word_1_653' title='bbox 1617 2186 1652 2211; x_wconf 82' lang='lat' dir='ltr'>et</span> <span class='ocrx_word' id='word_1_654' title='bbox 1675 2181 1716 2211; x_wconf 85' lang='lat' dir='ltr'>li-</span> 
     </span>
     <span class='ocr_line' id='line_1_113' title="bbox 986 2219 1714 2263; baseline 0.007 -14"><span class='ocrx_word' id='word_1_655' title='bbox 986 2219 1079 2250; x_wconf 85' lang='lat' dir='ltr'>bram</span> <span class='ocrx_word' id='word_1_656' title='bbox 1096 2230 1145 2249; x_wconf 73' lang='lat' dir='ltr'>vie</span> <span class='ocrx_word' id='word_1_657' title='bbox 1148 2221 1230 2250; x_wconf 83' lang='lat' dir='ltr'>1dita</span> <span class='ocrx_word' id='word_1_658' title='bbox 1244 2220 1294 2250; x_wconf 81' lang='grc'>101</span> <span class='ocrx_word' id='word_1_659' title='bbox 1309 2227 1410 2251; x_wconf 86' lang='lat' dir='ltr'>emta.</span> <span class='ocrx_word' id='word_1_660' title='bbox 1435 2222 1491 2252; x_wconf 88' lang='lat' dir='ltr'>Or.</span> <span class='ocrx_word' id='word_1_661' title='bbox 1509 2223 1530 2252; x_wconf 89' lang='lat' dir='ltr'>i.</span> <span class='ocrx_word' id='word_1_662' title='bbox 1548 2226 1598 2257; x_wconf 88' lang='grc'>39.</span> <span class='ocrx_word' id='word_1_663' title='bbox 1623 2225 1714 2263; x_wconf 88' lang='lat' dir='ltr'>quic-</span> 
     </span>
     <span class='ocr_line' id='line_1_114' title="bbox 986 2263 1714 2305; baseline 0.01 -13"><span class='ocrx_word' id='word_1_664' title='bbox 986 2263 1066 2301; x_wconf 88' lang='lat' dir='ltr'>quid</span> <span class='ocrx_word' id='word_1_665' title='bbox 1089 2264 1158 2293; x_wconf 77' lang='lat' dir='ltr'>vitii</span> <span class='ocrx_word' id='word_1_666' title='bbox 1185 2264 1302 2294; x_wconf 84' lang='lat' dir='ltr'>suisset</span> <span class='ocrx_word' id='word_1_667' title='bbox 1325 2265 1359 2294; x_wconf 89' lang='lat' dir='ltr'>in</span> <span class='ocrx_word' id='word_1_668' title='bbox 1383 2267 1551 2305; x_wconf 74' lang='lat' dir='ltr'>mancipio.</span> <span class='ocrx_word' id='word_1_669' title='bbox 1583 2267 1640 2298; x_wconf 87' lang='lat' dir='ltr'>sed</span> <span class='ocrx_word' id='word_1_670' title='bbox 1662 2272 1714 2299; x_wconf 78' lang='lat' dir='ltr'>est</span> 
     </span>
     <span class='ocr_line' id='line_1_115' title="bbox 985 2307 1712 2348; baseline 0.01 -13"><span class='ocrx_word' id='word_1_671' title='bbox 985 2315 1093 2336; x_wconf 88' lang='lat' dir='ltr'>sermo</span> <span class='ocrx_word' id='word_1_672' title='bbox 1119 2307 1159 2336; x_wconf 88' lang='lat' dir='ltr'>de</span> <span class='ocrx_word' id='word_1_673' title='bbox 1188 2307 1297 2338; x_wconf 89' lang='lat' dir='ltr'>domo.</span> <span class='ocrx_word' id='word_1_674' title='bbox 1341 2307 1435 2348; x_wconf 69' lang='lat' dir='ltr'>*pro</span> <span class='ocrx_word' id='word_1_675' title='bbox 1467 2309 1625 2341; x_wconf 84' lang='lat' dir='ltr'>dominio.</span> <span class='ocrx_word' id='word_1_676' title='bbox 1669 2312 1712 2342; x_wconf 89' lang='lat' dir='ltr'>ad</span> 
     </span>
     <span class='ocr_line' id='line_1_116' title="bbox 984 2349 1712 2394; baseline 0.007 -14"><span class='ocrx_word' id='word_1_677' title='bbox 984 2349 1079 2380; x_wconf 88' lang='lat' dir='ltr'>Brut.</span> <span class='ocrx_word' id='word_1_678' title='bbox 1106 2352 1155 2381; x_wconf 88' lang='lat'>16.</span> <span class='ocrx_word' id='word_1_679' title='bbox 1180 2352 1325 2390; x_wconf 86' lang='lat' dir='ltr'>suijuris</span> <span class='ocrx_word' id='word_1_680' title='bbox 1342 2356 1377 2382; x_wconf 90' lang='lat' dir='ltr'>et</span> <span class='ocrx_word' id='word_1_681' title='bbox 1392 2354 1545 2393; x_wconf 70' lang='lat' dir='ltr'>mancipii</span> <span class='ocrx_word' id='word_1_682' title='bbox 1561 2363 1645 2394; x_wconf 74' lang='lat' dir='ltr'>resp.</span> <span class='ocrx_word' id='word_1_683' title='bbox 1662 2365 1712 2385; x_wconf 84' lang='lat' dir='ltr'>es-</span> 
     </span>
     <span class='ocr_line' id='line_1_117' title="bbox 982 2399 1548 2423; baseline 0.009 0"><span class='ocrx_word' id='word_1_684' title='bbox 982 2399 1041 2423; x_wconf 78' lang='lat' dir='ltr'>set.</span> <span class='ocrx_word' id='word_1_685' title='bbox 1545 2415 1548 2417; x_wconf 97' lang='lat'>-</span> 
     </span>
    </p>

    <p class='ocr_par' dir='ltr' id='par_1_17' title="bbox 981 2435 1712 2598">
     <span class='ocr_line' id='line_1_118' title="bbox 1026 2435 1711 2471; baseline 0.007 -5"><span class='ocrx_word' id='word_1_686' title='bbox 1026 2435 1202 2468; x_wconf 75' lang='lat' dir='ltr'>Mmzdare.</span> <span class='ocrx_word' id='word_1_687' title='bbox 1232 2438 1303 2468; x_wconf 85' lang='lat' dir='ltr'>Att.</span> <span class='ocrx_word' id='word_1_688' title='bbox 1318 2438 1360 2468; x_wconf 87' lang='lat' dir='ltr'>vi.</span> <span class='ocrx_word' id='word_1_689' title='bbox 1385 2441 1411 2468; x_wconf 92' lang='lat' dir='ltr'>l.</span> <span class='ocrx_word' id='word_1_690' title='bbox 1441 2448 1519 2468; x_wconf 82' lang='lat' dir='ltr'>vasa</span> <span class='ocrx_word' id='word_1_691' title='bbox 1533 2439 1711 2471; x_wconf 78' lang='lat' dir='ltr'>mandavi.-</span> 
     </span>
     <span class='ocr_line' id='line_1_119' title="bbox 982 2480 1712 2520; baseline 0.007 -11"><span class='ocrx_word' id='word_1_692' title='bbox 982 2480 1035 2510; x_wconf 86' lang='lat' dir='ltr'>ich</span> <span class='ocrx_word' id='word_1_693' title='bbox 1052 2480 1134 2509; x_wconf 84' lang='lat' dir='ltr'>habe</span> <span class='ocrx_word' id='word_1_694' title='bbox 1151 2481 1196 2510; x_wconf 75' lang='lat' dir='ltr'>sie</span> <span class='ocrx_word' id='word_1_695' title='bbox 1213 2481 1376 2511; x_wconf 77' lang='lat' dir='ltr'>bestellet.</span> <span class='ocrx_word' id='word_1_696' title='bbox 1402 2481 1621 2520; x_wconf 55' lang='lat' dir='ltr'>²“amandare,</span> <span class='ocrx_word' id='word_1_697' title='bbox 1633 2484 1712 2514; x_wconf 83' lang='lat' dir='ltr'>mit-</span> 
     </span>
     <span class='ocr_line' id='line_1_120' title="bbox 981 2523 1710 2562; baseline 0.008 -10"><span class='ocrx_word' id='word_1_698' title='bbox 981 2528 1063 2553; x_wconf 79' lang='lat' dir='ltr'>tere.</span> <span class='ocrx_word' id='word_1_699' title='bbox 1094 2523 1175 2553; x_wconf 87' lang='lat' dir='ltr'>Sull.</span> <span class='ocrx_word' id='word_1_700' title='bbox 1192 2527 1244 2555; x_wconf 70' lang='lat'>⁵20.</span> <span class='ocrx_word' id='word_1_701' title='bbox 1275 2524 1444 2555; x_wconf 83' lang='lat' dir='ltr'>dimittere</span> <span class='ocrx_word' id='word_1_702' title='bbox 1468 2535 1486 2555; x_wconf 90' lang='lat' dir='ltr'>a</span> <span class='ocrx_word' id='word_1_703' title='bbox 1502 2535 1549 2562; x_wconf 84' lang='lat' dir='ltr'>se,</span> <span class='ocrx_word' id='word_1_704' title='bbox 1565 2529 1600 2556; x_wconf 85' lang='lat' dir='ltr'>et</span> <span class='ocrx_word' id='word_1_705' title='bbox 1615 2537 1710 2558; x_wconf 80' lang='lat' dir='ltr'>man-</span> 
     </span>
     <span class='ocr_line' id='line_1_121' title="bbox 981 2567 1393 2598; baseline 0.005 -2"><span class='ocrx_word' id='word_1_706' title='bbox 981 2568 1061 2597; x_wconf 80' lang='lat' dir='ltr'>dare</span> <span class='ocrx_word' id='word_1_707' title='bbox 1077 2567 1110 2596; x_wconf 89' lang='lat' dir='ltr'>in</span> <span class='ocrx_word' id='word_1_708' title='bbox 1126 2567 1262 2598; x_wconf 80' lang='lat' dir='ltr'>ultimas</span> <span class='ocrx_word' id='word_1_709' title='bbox 1277 2572 1393 2598; x_wconf 84' lang='lat' dir='ltr'>terras.</span> 
     </span>
    </p>

    <p class='ocr_par' dir='ltr' id='par_1_18' title="bbox 974 2610 1708 2772">
     <span class='ocr_line' id='line_1_122' title="bbox 1025 2610 1706 2648; baseline 0.009 -9"><span class='ocrx_word' id='word_1_710' title='bbox 1025 2610 1237 2648; x_wconf 68' lang='lat' dir='ltr'>fllandatum,</span> <span class='ocrx_word' id='word_1_711' title='bbox 1247 2612 1470 2642; x_wconf 83' lang='lat' dir='ltr'>commission.</span> <span class='ocrx_word' id='word_1_712' title='bbox 1493 2612 1590 2642; x_wconf 88' lang='lat' dir='ltr'>Rosc.</span> <span class='ocrx_word' id='word_1_713' title='bbox 1602 2613 1641 2643; x_wconf 89' lang='lat' dir='ltr'>A.</span> <span class='ocrx_word' id='word_1_714' title='bbox 1653 2617 1706 2645; x_wconf 80' lang='lat'>38.</span> 
     </span>
     <span class='ocr_line' id='line_1_123' title="bbox 974 2653 1706 2692; baseline 0.007 -10"><span class='ocrx_word' id='word_1_715' title='bbox 974 2653 1139 2692; x_wconf 80' lang='lat' dir='ltr'>judiciuin</span> <span class='ocrx_word' id='word_1_716' title='bbox 1166 2655 1325 2685; x_wconf 78' lang='lat' dir='ltr'>mandati.</span> <span class='ocrx_word' id='word_1_717' title='bbox 1359 2654 1400 2684; x_wconf 87' lang='lat' dir='ltr'>cf.</span> <span class='ocrx_word' id='word_1_718' title='bbox 1424 2655 1488 2685; x_wconf 82' lang='lat' dir='ltr'>Off.</span> <span class='ocrx_word' id='word_1_719' title='bbox 1512 2656 1557 2685; x_wconf 86' lang='lat' dir='ltr'>iii.</span> <span class='ocrx_word' id='word_1_720' title='bbox 1585 2660 1634 2690; x_wconf 89' lang='lat'>17.</span> <span class='ocrx_word' id='word_1_721' title='bbox 1666 2657 1706 2687; x_wconf 91' lang='lat' dir='ltr'>de</span> 
     </span>
     <span class='ocr_line' id='line_1_124' title="bbox 980 2698 1708 2738; baseline 0.007 -12"><span class='ocrx_word' id='word_1_722' title='bbox 980 2698 1145 2733; x_wconf 69' lang='lat' dir='ltr'>mandato,</span> <span class='ocrx_word' id='word_1_723' title='bbox 1170 2698 1239 2735; x_wconf 81' lang='lat' dir='ltr'>ejus</span> <span class='ocrx_word' id='word_1_724' title='bbox 1262 2699 1387 2737; x_wconf 81' lang='lat' dir='ltr'>origine</span> <span class='ocrx_word' id='word_1_725' title='bbox 1413 2698 1471 2728; x_wconf 86' lang='lat' dir='ltr'>&amp;c.</span> <span class='ocrx_word' id='word_1_726' title='bbox 1502 2700 1572 2738; x_wconf 85' lang='lat' dir='ltr'>agit</span> <span class='ocrx_word' id='word_1_727' title='bbox 1594 2700 1708 2731; x_wconf 85' lang='lat' dir='ltr'>Noodt</span> 
     </span>
     <span class='ocr_line' id='line_1_125' title="bbox 980 2740 1381 2772; baseline 0.007 -3"><span class='ocrx_word' id='word_1_728' title='bbox 980 2740 1162 2770; x_wconf 71' lang='lat' dir='ltr'>P1·‹›12..Ju1-.</span> <span class='ocrx_word' id='word_1_729' title='bbox 1181 2742 1252 2771; x_wconf 84' lang='lat' dir='ltr'>Civ.</span> <span class='ocrx_word' id='word_1_730' title='bbox 1269 2742 1310 2771; x_wconf 78' lang='lat' dir='ltr'>iv.</span> <span class='ocrx_word' id='word_1_731' title='bbox 1333 2744 1381 2772; x_wconf 70' lang='lat'>12.</span> 
     </span>
    </p>

    <p class='ocr_par' dir='ltr' id='par_1_19' title="bbox 977 2784 1706 2912">
     <span class='ocr_line' id='line_1_126' title="bbox 1022 2784 1706 2824; baseline 0.006 -12"><span class='ocrx_word' id='word_1_732' title='bbox 1022 2784 1214 2815; x_wconf 64' lang='lat' dir='ltr'>Mandatus.</span> <span class='ocrx_word' id='word_1_733' title='bbox 1243 2785 1342 2815; x_wconf 90' lang='lat' dir='ltr'>Tusc.</span> <span class='ocrx_word' id='word_1_734' title='bbox 1359 2785 1393 2815; x_wconf 92' lang='lat' dir='ltr'>ii.</span> <span class='ocrx_word' id='word_1_735' title='bbox 1414 2784 1461 2814; x_wconf 91' lang='lat'>16.</span> <span class='ocrx_word' id='word_1_736' title='bbox 1491 2786 1593 2824; x_wconf 69' lang='lat' dir='ltr'>pestis</span> <span class='ocrx_word' id='word_1_737' title='bbox 1611 2795 1706 2816; x_wconf 81' lang='lat' dir='ltr'>man-</span> 
     </span>
     <span class='ocr_line' id='line_1_127' title="bbox 977 2827 1703 2869; baseline 0.007 -13"><span class='ocrx_word' id='word_1_738' title='bbox 977 2828 1056 2857; x_wconf 71' lang='lat' dir='ltr'>data</span> <span class='ocrx_word' id='word_1_739' title='bbox 1073 2827 1184 2857; x_wconf 82' lang='lat' dir='ltr'>hostili</span> <span class='ocrx_word' id='word_1_740' title='bbox 1201 2838 1315 2858; x_wconf 90' lang='lat' dir='ltr'>manu.</span> <span class='ocrx_word' id='word_1_741' title='bbox 1346 2828 1385 2858; x_wconf 92' lang='lat' dir='ltr'>de</span> <span class='ocrx_word' id='word_1_742' title='bbox 1401 2827 1549 2866; x_wconf 85' lang='lat' dir='ltr'>vulnere,</span> <span class='ocrx_word' id='word_1_743' title='bbox 1567 2839 1625 2869; x_wconf 90' lang='lat' dir='ltr'>pro</span> <span class='ocrx_word' id='word_1_744' title='bbox 1640 2830 1703 2861; x_wconf 87' lang='lat' dir='ltr'>im-</span> 
     </span>
     <span class='ocr_line' id='line_1_128' title="bbox 977 2871 1557 2912; baseline 0.003 -11"><span class='ocrx_word' id='word_1_745' title='bbox 977 2871 1097 2912; x_wconf 87' lang='lat' dir='ltr'>posito,</span> <span class='ocrx_word' id='word_1_746' title='bbox 1113 2871 1251 2904; x_wconf 79' lang='lat' dir='ltr'>inflicto.</span> <span class='ocrx_word' id='word_1_747' title='bbox 1274 2871 1332 2903; x_wconf 86' lang='lat' dir='ltr'>sed</span> <span class='ocrx_word' id='word_1_748' title='bbox 1347 2875 1398 2903; x_wconf 87' lang='lat' dir='ltr'>est</span> <span class='ocrx_word' id='word_1_749' title='bbox 1413 2882 1431 2902; x_wconf 87' lang='lat' dir='ltr'>e</span> <span class='ocrx_word' id='word_1_750' title='bbox 1446 2875 1557 2912; x_wconf 71' lang='lat' dir='ltr'>poeta.</span> 
     </span>
    </p>
   </div>
   <div class='ocr_carea' id='block_1_8' title="bbox 1908 0 1920 824">
    <p class='ocr_par' dir='ltr' id='par_1_20' title="bbox 1908 0 1920 824">
     <span class='ocr_line' id='line_1_129' title="bbox 1908 0 1920 824; baseline 0 0"><span class='ocrx_word' id='word_1_751' title='bbox 1908 0 1920 824; x_wconf 95' lang='lat' dir='ltr'> </span> 
     </span>
    </p>
   </div>
  </div>
 </body>
</html>
