1920 3196
230 99 316 138 412

231 198 445 236 resignasset.-
468 194 502 226 h.
518 205 546 226 e.
563 196 806 235 corrumpendo
821 195 973 227 sustulis-

230 245 291 271 set.
331 241 379 270 ita
404 243 438 269 et
463 240 595 270 Servius
623 239 664 269 ad
691 239 808 280 virgil.
831 240 907 270 AEn.
931 240 974 270 iv.

231 286 306 315 244.
349 284 561 314 Burmannus
601 283 646 313 ibi
683 292 750 313 non
789 283 972 314 audiendus

231 327 272 357 de
297 327 368 358 loco
393 327 576 365 Ciceronis,
603 337 703 367 quem
730 336 796 357 non
822 327 971 367 inspexe-

231 375 295 402 rat.

275 414 425 445 Resilire.
458 414 753 448 Rosc.A1ne1-.99.
784 415 886 444 resilit
910 414 973 443 cri-

232 467 311 488 men
335 459 375 488 ab
399 469 455 487 eo:
483 457 514 487 h.
539 467 568 486 e.
595 466 660 487 non
690 457 807 494 haeret,
832 457 914 487 falso
939 457 972 487 in

232 512 310 532 eum
327 502 468 531 conferri
486 501 697 539 intelligitur.
723 511 752 530 v.
770 500 906 530 haerere.

278 545 440 584 Resiperc‚
464 555 524 585 pro
554 544 729 584 respirare,
753 544 899 584 recipere
927 553 973 573 sc.

232 589 324 618 Sext.
341 592 392 623 37.

277 632 449 668 Iresiam-01,
468 632 662 668 consistere,
677 631 866 661 subsistere.
884 631 973 661 Mur.

232 679 286 709 39.
325 675 379 705 ubi
409 675 490 714 lapsi
516 676 749 705 resisteremus.
780 675 917 705 Tuscul.
946 685 974 704 ν.

233 722 286 750 98.
316 720 440 749 resistet
462 723 556 749 extra
578 718 674 749 fores.
712 728 742 748 ν.
767 718 806 748 de
832 718 892 748 hac
918 728 975 748 no-

232 764 324 804 tione
345 763 508 792 Schwarz.
540 762 582 792 ad
606 762 690 792 Plin.
707 762 787 792 Pan.
803 773 831 791 c.
853 765 901 793 10.
933 761 974 791 ad

233 807 304 837 Att.
322 807 355 836 ii.
374 808 404 837 2.
434 807 580 845 negavit,
597 815 630 835 se
647 816 794 845 unquam
813 816 889 835 cum
908 806 973 835 Cu-

233 851 324 880 rione
352 851 516 886 restitisse,
541 859 586 879 sc.
615 849 824 888 colloquendi
855 859 971 879 causa:

233 903 406 932 nunquam
424 903 457 923 se
475 903 551 922 cum
570 893 606 922 C.
624 893 786 923 locutum.

277 938 450 968 Resonare.
482 937 582 966 Tusc.
613 937 658 966 iii.
686 939 717 967 2.
754 936 825 966 laus
856 935 973 965 virtuti

233 986 375 1018 resonat,
407 986 579 1019 tamquam
619 981 729 1019 imago
767 981 826 1018 (sc.
856 979 972 1018 vocis).

232 1024 322 1055 Nam
340 1025 421 1054 echo
439 1025 549 1063 imago
572 1025 661 1053 vocis
678 1024 809 1055 Latinis
825 1028 973 1053 vocatur.

233 1069 417 1099 Lambinus
433 1068 515 1097 adeo
531 1067 673 1097 addebat
689 1068 778 1097 voci:
804 1067 891 1106 quod
907 1076 974 1096 non

234 1122 317 1152 opus
333 1122 403 1142 esse
426 1111 567 1141 videtur.
616 1111 743 1141 Ceterae
767 1110 975 1140 emendatio-

234 1164 293 1186 nes
311 1155 407 1185 nihili
431 1160 522 1185 sunt.
554 1155 633 1185 Nat.
648 1156 691 1185 D.
707 1155 741 1185 ii.
760 1157 812 1188 57.
843 1155 877 1184 in
902 1154 977 1184 fidi-

233 1200 294 1229 bus
318 1199 490 1229 testudine
514 1202 703 1229 resonatur.-
727 1198 761 1229 h.
782 1208 810 1228 e.
834 1197 977 1228 testudi-

234 1243 286 1273 nis
303 1243 442 1273 durities
460 1243 593 1282 repellit
616 1247 650 1272 et
674 1246 776 1281 auget
799 1251 918 1271 sonum
938 1242 976 1270 fi-

232 1286 338 1317 dium.
363 1287 438 1317 Div.
451 1286 484 1316 ii.
503 1289 552 1317 14.
575 1296 693 1317 nervos
710 1286 743 1316 in
761 1285 879 1315 fidibus
896 1285 976 1314 alios

229 1331 303 1360 aliis
319 1340 479 1361 resonare.

277 1374 483 1414 Rea-peceare,
536 1373 736 1411 desiderare,
789 1375 975 1413 expectare.

234 1417 347 1448 Plane.
382 1421 430 1449 18.
476 1422 657 1457 respectare
690 1427 813 1447 munus
844 1426 904 1456 par
935 1416 975 1445 ab

235 1461 359 1501 aliquo.
384 1461 567 1493 Lambinus
585 1465 699 1492 autem
714 1461 851 1500 corrigit
862 1470 977 1500 exspe-

234 1510 337 1536 ctare.

279 1549 466 1589 Respectus,
483 1548 685 1589 perfugium.
716 1547 800 1579 Phil.
818 1558 848 1577 x.
862 1549 894 1578 4.
924 1556 976 1577 re-

232 1598 359 1633 spectus
381 1593 623 1633 pulcherrimus
647 1598 681 1623 et
705 1591 894 1632 praesidium
920 1591 975 1620 fir-

235 1638 423 1667 missimum
453 1637 534 1676 reip.
566 1636 650 1667 Phil.
678 1637 720 1667 xi.
751 1639 799 1666 11.
841 1644 905 1664 non
937 1639 975 1664 ut

234 1686 415 1721 respectum
430 1680 626 1711 haberemus
644 1690 684 1710 ex
699 1680 778 1709 acie.
811 1678 909 1708 aliter
925 1678 975 1707 in-

234 1729 468 1765 terpretantur
479 1724 539 1754 viri
553 1724 655 1762 docti,
668 1730 705 1754 ut
718 1723 875 1753 Schottus
888 1721 975 1752 Nod.

236 1768 305 1799 Cic.
322 1769 344 1798 i.
366 1771 412 1799 15.
444 1772 478 1798 et
494 1768 567 1798 alii:
593 1768 650 1798 secl
667 1768 822 1797 aberrant
846 1776 864 1796 a
881 1766 974 1796 Cice-

234 1812 324 1843 ronis
341 1816 466 1842 mente.
490 1811 616 1841 *actus
632 1810 841 1851 respiciendi.
860 1810 935 1840 Div.
955 1810 975 1839 i.

234 1858 287 1887 32.
318 1856 523 1895 fugientibus
550 1854 772 1886 miserabilem
796 1857 975 1894 respectum

234 1900 481 1930 incendiorum.
513 1899 736 1930 *reverentia
767 1898 850 1928 Phil.
873 1908 904 1927 v.
925 1900 974 1928 18.

235 1943 293 1973 sed
319 1953 394 1973 cum
424 1949 602 1982 respectum
631 1943 672 1973 ad
698 1945 852 1972 senatum
876 1944 910 1970 et
933 1940 975 1971 ad

233 1988 337 2018 bonos
354 1997 420 2017 non
437 1987 574 2017 haberet.
591 1987 650 2016 διο.
674 1986 713 2016 de
730 1985 792 2016 hac
806 1985 974 2025 significa-

232 2032 326 2061 tione
342 2031 407 2060 vid.
424 2031 550 2061 Schott.
567 2030 588 2060 l.
606 2041 634 2060 c.

279 2075 459 2114 Respicere,
476 2084 680 2104 succurrere.
712 2073 754 2103 ad
776 2073 852 2104 Div.
873 2083 904 2103 x.
925 2075 973 2102 ll.

233 2119 261 2149 si
291 2119 391 2148 modo
422 2118 586 2157 rempubl.
615 2118 772 2157 respicere
801 2117 891 2146 velit.
930 2116 972 2146 cf.

234 2162 305 2193 Att.
322 2163 377 2192 vii.
398 2165 425 2192 1.
458 2164 477 2183 ³*
490 2162 532 2192 ad
548 2163 624 2192 Div.
641 2173 671 2192 x.
687 2164 741 2193 24.
768 2160 794 2190 si
813 2160 923 2190 Caesar
939 2169 973 2189 se

232 2207 430 2246 respererit:
453 2205 486 2235 h.
511 2216 540 2236 e.
565 2205 606 2235 ad
631 2204 815 2235 salubriora
837 2204 976 2234 consilia

234 2251 384 2288 redierit,
400 2249 515 2280 salutis
533 2249 675 2290 publicae
691 2255 791 2288 atque
808 2247 889 2278 adeo
905 2256 975 2277 suae

232 2295 399 2324 rationem
426 2293 590 2323 habuerit.
636 2293 723 2324 Nam
754 2296 853 2322 antea
883 2291 974 2322 dixe-

232 2341 298 2374 rat,
316 2337 481 2367 Cresarem
498 2337 537 2367 ad
562 2337 651 2367 mala
674 2335 811 2367 consilia
834 2338 868 2365 et
891 2335 974 2375 reip.

234 2382 345 2412 minus
362 2381 521 2411 salutaria
537 2390 571 2410 se
588 2380 782 2410 contulisse.

277 2425 465 2465 Respirare.
487 2425 605 2464 Quint.
628 2427 676 2454 ll.
701 2433 799 2462 quem
816 2431 907 2452 nunc
923 2432 975 2452 re-

232 2470 362 2507 spirare
376 2468 478 2498 libere
496 2478 563 2498 non
587 2468 686 2498 sinis:
713 2467 745 2497 h.
761 2477 791 2495 e.
815 2466 906 2496 omni
924 2475 975 2495 ra-

231 2512 324 2542 tione
346 2522 455 2542 vexas.
487 2514 505 2533 *
520 2511 711 2542 intermitti.
742 2508 826 2540 Phil.
850 2509 917 2539 viii.
940 2513 971 2543 7.

231 2556 440 2596 oppugnatio
456 2557 638 2595 respiravit.

277 2599 474 2640 Respiratio,
498 2599 674 2630 exhalatio.
704 2597 784 2628 Nat.
808 2597 851 2628 D.
868 2597 902 2626 ii.
924 2599 973 2627 10.

232 2646 290 2673 aer
305 2645 410 2673 oritur
426 2653 465 2673 ex
481 2644 690 2682 respiratione
709 2650 883 2679 aquarum.

277 2687 470 2726 Respirims.
502 2687 581 2717 Nat.
598 2687 641 2717 D.
660 2686 694 2716 ii.
711 2688 763 2716 55.
793 2693 867 2723 quae
885 2693 918 2713 se
935 2683 969 2713 in

230 2732 384 2771 respiritu
401 2731 554 2761 dilatant.

277 2775 489 2815 Respondere,
506 2777 557 2804 est
571 2783 685 2803 eorum
711 2772 767 2811 qui
792 2770 974 2801 consulun-

230 2822 301 2856 tur,
318 2826 357 2849 ut
379 2818 543 2849 actorum
567 2817 784 2852 Pontificum,
805 2816 972 2854 conjecto-

231 2872 320 2900 rum,
347 2862 562 2892 hariolorum.
592 2861 674 2899 Leg.
700 2860 734 2889 ii.
767 2860 815 2889 12.
846 2867 973 2898 respon-

230 2905 327 2937 dendi
344 2907 430 2947 juris
454 2905 606 2938 facultas,
636 2903 693 2936 Or.
712 2903 734 2935 i.
758 2905 810 2934 45.
841 2902 875 2933 in
892 2902 970 2942 jure

736 106 881 137 INDEX
911 106 1208 137 LATINITATIS.

1017 195 1239 236 respondendo.
1294 193 1333 225 In
1364 203 1429 234 quo
1460 193 1756 227 animadvertendo.

1018 244 1070 269 est
1094 239 1220 269 forma:
1240 237 1306 275 jus
1337 239 1536 279 respondere,
1564 248 1623 279 pro
1652 239 1758 269 usita-

1017 283 1105 319 tiori,
1123 282 1162 312 de
1181 283 1257 322 jure
1274 291 1358 322 resp.
1376 286 1414 312 ut
1430 285 1481 312 est
1496 283 1596 313 etiam
1615 282 1718 322 Legg.
1734 282 1758 312 i.

1017 329 1047 356 4.
1079 326 1148 356 Att.
1173 326 1213 355 iv.
1245 328 1273 355 l.
1311 325 1488 356 Pontifices
1512 325 1758 366 responderunt.

1018 368 1248 408 “v-espondere,
1273 369 1396 400 dicitur
1424 369 1464 400 de
1487 369 1696 409 litigantibus
1721 368 1755 398 in

1019 412 1103 449 foro,
1130 412 1283 452 petitore,
1307 417 1515 451 accusatore,
1532 418 1566 443 et
1592 423 1660 449 reo,
1676 422 1756 442 cum

1020 456 1142 486 adsunt
1167 456 1218 485 die
1247 455 1346 486 dicta.
1383 457 1476 487 Verr.
1504 458 1526 488 i.
1558 460 1585 487 1.
1619 457 1758 486 Verrem

1019 509 1084 529 non
1111 509 1349 538 responsurum.
1382 500 1424 530 cf.
1441 500 1534 531 verr.
1550 500 1583 530 ii.
1602 502 1654 529 40.
1686 499 1758 529 Att.

1019 543 1060 572 iv.
1090 543 1137 573 16.
1175 543 1303 573 *ctiam
1329 544 1363 573 in
1387 543 1520 573 delectu
1546 543 1681 573 militari
1705 553 1758 573 re-

1019 587 1171 625 spondere
1187 586 1357 623 dicuntur,
1370 588 1425 626 qui
1444 587 1600 617 militiam
1618 595 1684 616 non
1701 585 1760 615 de-

1020 634 1180 660 trectant.
1219 630 1296 660 hinc
1328 631 1466 660 ductum
1498 630 1631 660 videtur
1661 628 1758 667 illud,

1020 683 1096 703 eum
1125 673 1237 713 pedes,
1262 674 1380 713 quibus
1409 674 1540 704 numeri
1567 683 1668 703 causa
1693 673 1760 703 uti-

1020 726 1109 754 mur,
1142 717 1224 746 dicit
1252 718 1310 747 Or.
1327 718 1373 747 iii.
1396 721 1450 751 49.
1479 718 1668 756 respondere
1692 726 1760 747 non

1019 763 1162 790 vocatos.
1194 760 1285 790 *hoc
1307 761 1406 791 verbo
1429 761 1544 791 Cicero
1567 761 1668 790 etiam
1691 760 1760 790 uti·

1020 808 1075 833 tur
1098 804 1138 834 ad
1161 804 1417 843 exprimendum
1448 804 1601 833 Graecum
1629 801 1761 845 ἀντῖςρι-

1020 854 1068 887 <vav
1091 845 1167 877 εῖναι.
1198 848 1255 878 Or.
1278 850 1330 879 32.
1361 847 1549 877 rhetoricen
1572 847 1760 887 respondere

1019 901 1059 920 ex
1076 891 1181 920 altera
1197 896 1289 930 parte
1307 891 1500 921 dialecticae..
1536 890 1623 920 Nam
1641 890 1688 920 sie
1704 899 1760 919 ex-

1020 935 1139 974 pressit
1154 934 1236 964 illud
1248 935 1433 965 Aristotelis
1449 934 1584 964 Rhetor.
1598 934 1619 963 i.
1638 937 1662 964 1.
1679 933 1695 966 ἦ
1710 933 1761 974 fin-

1019 977 1117 1020 τορικῆ
1139 979 1194 1011 ἔςιν
1208 977 1373 1020 ἀντίςξσφος
1398 979 1437 1020 τῇ
1458 976 1640 1019 διαλεκτικῇ.
1671 977 1761 1017 *pa-

1019 1022 1068 1051 ria
1084 1029 1254 1061 praestare,
1271 1023 1411 1061 gratiam
1433 1022 1566 1051 referre.
1595 1021 1697 1051 Attic.
1715 1021 1759 1051 iv.

1020 1068 1051 1095 3.
1069 1075 1102 1095 re
1119 1065 1273 1095 familiari
1291 1066 1489 1095 comminuti
1502 1074 1628 1094 sumus.
1651 1065 1759 1105 Quin-

1021 1110 1047 1139 ti
1064 1108 1175 1139 fratris
1191 1114 1306 1139 tamen
1322 1109 1516 1139 liberalitati
1535 1117 1595 1148 pro
1616 1108 1760 1138 faculta-

1021 1152 1109 1182 tibus
1128 1154 1261 1190 nostris,
1279 1162 1320 1182 ne
1341 1152 1439 1192 plane
1462 1151 1643 1182 exhaustus
1659 1155 1758 1190 esset,

1022 1198 1255 1236 respondemus.
1302 1196 1391 1226 Male
1414 1195 1504 1225 hunc
1529 1195 1637 1225 locum
1655 1196 1760 1226 inter-

1022 1243 1173 1280 pretatur
1187 1240 1336 1270 Graevius
1353 1250 1392 1269 ex
1416 1249 1456 1269 ea
1478 1239 1576 1278 hujus
1599 1239 1690 1269 verbi
1712 1239 1757 1278 vi,

1022 1293 1088 1323 qua
1109 1284 1278 1323 significat
1301 1283 1455 1313 ²’¹⁵solvere
1472 1282 1512 1312 ad
1530 1283 1617 1312 diem
1634 1284 1759 1313 consti·

1020 1332 1143 1357 tutam.
1175 1327 1245 1357 Att.
1262 1327 1325 1357 xvi.
1342 1329 1371 1357 2.
1402 1327 1442 1356 fit
1465 1336 1564 1367 saepe,
1583 1330 1623 1356 ut
1646 1326 1682 1364 ii,
1700 1326 1758 1365 qui

1022 1371 1158 1408 debent,
1175 1373 1240 1401 non
1256 1371 1468 1410 respondeant
1490 1370 1532 1399 ad
1553 1373 1698 1409 tempus.
1726 1380 1758 1400 v.

1023 1415 1166 1445 Gronov.
1191 1415 1269 1445 Obs.
1296 1415 1329 1445 ii.
1356 1417 1388 1445 4.
1425 1414 1622 1451 *resistere‚
1653 1413 1762 1453 repel-

1022 1459 1101 1495 lere,
1123 1459 1203 1488 item
1229 1468 1342 1498 parem
1366 1468 1436 1488 esse
1459 1457 1501 1488 ad
1523 1457 1759 1488 resistendum.

1023 1501 1120 1532 Catil.
1139 1502 1173 1532 ii.
1194 1506 1243 1533 ll.
1273 1503 1385 1539 urbes,
1402 1501 1539 1531 coloniae
1560 1504 1594 1531 et
1617 1501 1761 1531 munici-

1021 1547 1076 1586 pia
1090 1546 1322 1586 respondebunt
1338 1545 1493 1576 Catilinae
1509 1544 1650 1575 tumulis
1663 1544 1759 1575 silve-

1021 1590 1154 1620 stribus,
1186 1589 1257 1620 Att.
1273 1590 1314 1619 iv.
1336 1593 1384 1620 10.
1415 1593 1455 1620 ut
1468 1589 1591 1630 possim
1613 1588 1676 1619 tibi
1698 1587 1760 1619 ali-

1021 1634 1101 1674 quid
1116 1634 1313 1673 respondere.

1064 1677 1302 1717 Respmzsitare,
1318 1676 1358 1707 de
1372 1676 1393 1706 J
1397 1676 1480 1714 ctis,
1497 1675 1577 1715 Leg.
1597 1676 1618 1707 i.
1634 1678 1666 1707 4.

1065 1721 1268 1762 Respublica.
1284 1721 1362 1760 quia
1384 1721 1419 1750 in
1443 1721 1504 1750 hoc
1520 1721 1617 1750 verbo
1632 1720 1759 1750 tirones

1020 1765 1173 1805 inprimis
1186 1764 1448 1804 haerent,paullo
1459 1764 1654 1804 explicatius
1666 1763 1705 1793 de
1718 1773 1758 1793 eo

1019 1819 1169 1848 agemus.
1198 1808 1389 1848 Respublica
1413 1808 1519 1838 tribus
1548 1807 1652 1838 modis
1677 1807 1760 1837 dici-

1018 1857 1096 1883 tur:
1129 1852 1250 1893 prium,
1278 1852 1318 1882 de
1349 1852 1503 1882 universa
1534 1852 1669 1881 civitate
1699 1854 1760 1881 aut

1021 1897 1159 1936 imperio
1175 1908 1181 1926 z
1201 1896 1289 1935 quod
1306 1896 1363 1926 ubi
1379 1900 1443 1931 est,
1456 1894 1548 1925 reddi
1565 1899 1688 1934 potest,
1700 1894 1760 1924 der

1019 1941 1127 1977 Staat,
1143 1940 1195 1970 die
1213 1939 1374 1980 Republic
1392 1950 1398 1968 :
1424 1939 1542 1969 deinde
1563 1938 1603 1968 de
1617 1938 1760 1977 singulis

1019 1984 1089 2023 ejus
1121 1984 1282 2023 partibus.
1322 1982 1474 2022 Reipubl.
1505 1989 1615 2023 partes
1646 1985 1760 2012 autem

1019 2034 1327 2058 commemorantur
1349 2026 1522 2056 commode
1546 2025 1587 2055 ab
1610 2026 1681 2065 ipso
1706 2025 1762 2055 Ci-

1020 2081 1139 2102 cerone
1151 2072 1240 2101 Sext.
1253 2072 1307 2102 46.
1323 2071 1511 2109 religiones,
1527 2069 1687 2110 auspicia,
1701 2078 1761 2109 po·

1019 2118 1158 2145 testates
1176 2115 1446 2153 magistratuum,
1460 2117 1595 2144 senatus
1615 2112 1760 2143 auctori-

1019 2164 1085 2196 tas,
1102 2158 1204 2198 leges,
1220 2168 1291 2188 mos
1308 2159 1486 2197 majorum,
1505 2157 1646 2196 judicia,
1657 2156 1761 2196 juris-

1021 2203 1136 2240 dictio,
1166 2202 1261 2238 fides,
1287 2202 1478 2242 provinciae,
1508 2201 1601 2236 socii,
1628 2200 1759 2240 imperii

1020 2246 1105 2284 laus,
1122 2256 1173 2276 res
1190 2245 1358 2283 militaris,
1375 2245 1542 2277 aerarium.
1578 2243 1694 2274 Tertio
1711 2243 1761 2274 di-

1020 2291 1108 2320 citur
1137 2289 1177 2319 de
1207 2298 1405 2328 quacunque
1436 2289 1581 2325 actione,
1612 2288 1762 2327 negotio,

1020 2334 1107 2373 quod
1119 2333 1261 2373 publicae
1277 2332 1434 2363 utilitatis
1451 2342 1551 2362 causa
1565 2332 1760 2371 suscipitur,

1019 2381 1078 2408 aut
1094 2387 1291 2417 quocunque
1308 2376 1407 2406 modo
1423 2376 1464 2406 ad
1481 2375 1644 2415 rempubl.
1660 2375 1764 2416 perti-

1020 2426 1090 2451 net.
1135 2420 1253 2460 Itaque
1276 2421 1310 2450 in
1335 2419 1475 2460 legendo
1492 2419 1650 2449 Cicerone
1669 2418 1761 2458 judi-

1020 2475 1095 2495 care
1111 2464 1233 2494 debent
1249 2464 1388 2501 tirones,
1403 2463 1445 2493 ad
1460 2463 1547 2502 quod
1564 2472 1668 2502 genus
1688 2462 1763 2501 qui-

1021 2519 1084 2547 que
1097 2508 1189 2538 locus
1201 2507 1392 2538 referendus
1404 2508 1460 2544 sit,
1472 2510 1614 2545 tumque
1624 2506 1762 2536 demum

1020 2562 1054 2582 se
1077 2552 1140 2582 hoc
1164 2552 1314 2589 verbum,
1335 2561 1412 2581 cum
1436 2550 1477 2580 ad
1501 2549 1643 2580 alterum
1665 2549 1764 2580 terti-

1019 2606 1145 2635 umque
1176 2605 1281 2635 genus
1306 2595 1465 2635 pertinet,
1491 2598 1613 2633 putent
1636 2592 1762 2623 intelli-

1020 2649 1111 2679 gere,
1125 2649 1201 2669 cum
1219 2645 1359 2679 possunt
1375 2641 1504 2678 partem
1520 2636 1612 2667 illam
1628 2637 1762 2667 univer-

1019 2693 1064 2713 sae
1088 2683 1168 2722 reip.
1193 2686 1252 2713 aut
1276 2683 1448 2721 negotium
1466 2681 1637 2721 publicum
1654 2680 1763 2710 nomi-

1019 2736 1112 2765 nare,
1129 2726 1168 2756 de
1192 2736 1257 2765 quo
1280 2725 1480 2766 capiendum
1496 2734 1566 2755 esse
1583 2727 1760 2755 contextus

1020 2770 1149 2800 doceat.
1184 2770 1303 2799 Primae
1329 2768 1584 2809 significationis
1607 2767 1762 2807 exempla

1019 2813 1097 2844 dare
1121 2823 1363 2854 supervacuum
1387 2812 1484 2843 soret.
1528 2812 1673 2843 Alterius
1688 2811 1761 2841 haeo

1017 2861 1130 2888 sunto.
1147 2857 1166 2877 ’ἵ
1178 2856 1279 2896 leges.
1294 2856 1424 2888 Verrin.
1441 2857 1463 2886 i.
1481 2857 1511 2886 2.
1527 2856 1760 2898 rempublicam

1019 2911 1113 2942 posse
1130 2901 1303 2932 Senatorio
1319 2900 1457 2932 consilio
1472 2898 1616 2931 defendi.
1646 2899 1762 2930 Sermo
