1985 3206
744 111 893 141 INDEX
922 109 1206 139 HISTORICUS.

199 215 341 240 summo.
371 205 448 237 add.
481 204 562 236 Vell.
593 204 628 235 ii.
661 207 693 238 9.
724 202 807 242 Leg.
839 201 860 232 i.
895 202 928 232 2.

200 250 327 292 puerile
350 249 430 288 quid
461 249 496 279 in
528 247 669 279 historia
702 249 927 277 consectatur.

200 294 296 326 Brut.
319 296 372 327 74.
397 293 558 323 sermonis
593 291 709 321 usitati
732 289 929 320 emendator

199 347 271 368 esse
305 336 432 375 voluit;
472 336 585 374 itaque
619 334 789 364 inusitatis
821 333 929 362 verbis

200 390 281 412 usus
312 385 374 410 est.
397 389 418 409 a
442 379 478 409 C.
509 378 612 409 Rusio
645 378 783 408 ridetur.
815 376 929 407 Divin.

200 425 221 455 i.
238 427 291 455 4-1.
309 423 472 463 disputat,
489 422 626 453 somniis
643 421 732 451 credi
749 430 815 450 uon
832 430 929 460 opor-

199 474 283 498 tere.
308 467 407 497 Corn.
427 467 448 497 i.
472 467 505 495 in
521 470 668 506 praetura
683 465 845 494 honorum
865 464 926 494 Cn.

203 510 347 543 Cornelii
372 510 612 550 possessionem
637 508 748 538 edicto
772 508 807 538 P.
824 507 930 547 Scipi-

199 555 256 585 oni
280 554 347 584 dat.
370 554 409 584 de
431 555 492 583 Ιιαε
515 553 677 583 I'rcrtura
704 556 733 581 et
763 552 860 581 edicto
882 555 928 581 est

200 599 372 638 disputatio
412 598 501 627 Guil.
537 596 602 626 Olt.
640 595 745 625 Reizu'
781 595 928 626 E.1·curs.

199 643 243 672 ix.
267 642 313 671 ad
336 641 558 680 Theophilum.
603 639 697 669 Verr.
723 639 757 669 ii.
786 641 839 669 45.
873 638 928 668 de-

200 686 310 715 fensor
345 685 380 715 C.
405 684 516 714 Verris
541 688 575 713 et
604 682 700 713 Brut.
724 684 777 716 74.
805 681 930 712 Chriti-

197 729 245 760 lii.
277 729 368 759 Verr.
392 728 433 758 iv.
462 731 510 758 15.
545 727 594 757 vir
618 726 795 766 primarius
823 730 857 755 et
882 725 931 755 di-

197 783 263 803 ves.
280 773 319 802 de
333 783 365 802 eo
380 782 409 802 v.
429 771 562 801 (orrad.
578 770 624 800 acl
639 771 740 801 Brut.
752 779 788 809 p.
812 772 886 800 344.

244 817 288 847 P.
308 817 408 853 δία-εν,
426 816 497 846 Att.
515 815 557 844 xi.
578 817 626 844 13.
644 813 754 844 liberti
771 822 906 843 nomen.

244 860 416 900 Sisyphus,
431 859 531 889 Tusc.
548 858 568 888 i.
585 860 638 888 41.
659 857 837 898 prudentia
846 857 928 896 ejus.

200 903 279 935 ibid.
297 907 326 934 5.
341 908 450 933 versat
467 912 595 933 saxum.

244 948 359 984 Silius,
392 946 463 977 Att.
498 956 549 976 xv.
591 948 638 978 17.
675 945 820 975 Sittiana
853 954 929 984 syn-

199 991 328 1031 grapha
348 995 394 1021 est
417 991 458 1020 ad
488 990 564 1020 Div.
588 989 655 1018 viii.
679 990 710 1018 2.
746 989 781 1018 P.
805 988 927 1018 Sitium

199 1037 337 1075 ’aperies
368 1044 421 1073 ap.
457 1033 611 1063 Hirtium
641 1032 686 1064 B.
710 1031 787 1072 Afr.
812 1033 864 1063 36.
899 1042 930 1062 v.

197 1088 299 1118 supra
315 1080 351 1108 iu
366 1079 402 1108 P.
422 1077 566 1107 Cincius.

246 1122 405 1159 Socrates,
428 1120 527 1150 Tusc.
552 1121 593 1149 iv.
618 1122 670 1153 37.
698 1118 803 1158 qualis
828 1122 928 1149 natu-

201 1176 238 1197 ra
260 1166 372 1195 fuerit.
405 1164 499 1194 Offic.
523 1164 543 1193 i.
569 1163 621 1194 26.
656 1162 772 1192 eodeni
797 1172 928 1202 semper

199 1209 309 1245 vultu,
338 1208 520 1247 eademque
541 1207 651 1236 fronte
676 1206 751 1236 fuit.
773 1206 845 1236 Att.
862 1207 927 1236 viii.

198 1254 231 1284 2.
262 1262 341 1282 cum
375 1262 438 1281 xxx
463 1251 596 1291 tyranni
628 1256 752 1286 essent,
787 1250 927 1280 Athenis

199 1296 334 1325 mansit.
359 1296 436 1326 Div.
461 1296 481 1324 i.
505 1297 556 1325 54.
581 1298 655 1333 post
668 1303 814 1333 pugnam
839 1294 928 1333 apud

199 1338 336 1370 Delium
374 1339 503 1375 eadem,
549 1348 615 1376 qua
657 1337 773 1374 ceteri,
811 1337 926 1376 sugere

198 1392 265 1412 non
299 1382 384 1420 mit,
428 1383 506 1421 quia
547 1381 756 1411 deterreatur
791 1391 810 1410 a
843 1381 927 1411 Deo.

198 1426 263 1456 Off.
288 1428 309 1456 i.
332 1429 385 1456 41.
420 1431 536 1466 contra
573 1434 681 1455 mores
713 1425 928 1454 consuetudi-

199 1479 342 1509 nemque
355 1469 486 1499 civilem
504 1469 593 1499 fecit.
609 1468 709 1498 Tusc.
722 1468 805 1501 ists).
824 1478 925 1506 quare

197 1513 319 1543 absolvi
336 1513 490 1543 noluerit.
515 1513 585 1542 Pin.
603 1513 636 1542 ii.
660 1515 685 1541 l.
708 1521 827 1551 parens
852 1512 927 1542 Phi-

198 1555 368 1596 Iosophiae.
390 1556 491 1586 Tusc.
515 1557 536 1586 i.
561 1559 613 1587 41.
637 1555 708 1593 ejus
733 1555 923 1593 adjudices

197 1601 315 1630 oratio.
348 1600 449 1631 Acad.
480 1601 501 1630 i.
538 1603 568 1630 4.
605 1599 674 1636 ejus
709 1598 925 1638 philosophiae

197 1653 302 1683 genus
326 1644 445 1682 quale?
483 1644 557 1674 Div.
582 1644 604 1673 i.
627 1645 679 1674 25.
704 1642 793 1682 apud
816 1643 925 1673 Plato-

197 1695 276 1717 nem
300 1688 429 1718 Critoni
458 1687 611 1727 praedicit
641 1696 735 1716 suam
769 1692 923 1717 mortem.

197 1730 277 1770 Ejus
311 1732 477 1761 somnium
502 1741 541 1760 ea
565 1730 604 1760 de
634 1741 680 1760 re.
713 1729 812 1759 Tusc.
836 1740 865 1760 v.
889 1733 921 1761 4.

195 1776 322 1815 primus
347 1774 589 1814 philosophiam
614 1774 653 1803 de
678 1773 760 1803 coelo
784 1775 924 1805 vocavit.

195 1819 261 1849 Off.
284 1820 330 1849 iii.
354 1822 385 1849 3.
415 1818 541 1848 solebat
572 1828 627 1847 eos
657 1818 834 1855 exsecrari,
868 1819 925 1856 qui

197 1867 320 1892 natura
353 1862 567 1899 cohaerentia,
591 1860 776 1891 utilitatem
801 1868 835 1891 et
866 1861 925 1891 ho-

196 1911 377 1942 nestatem,
400 1906 557 1945 opinione
580 1905 822 1934 distraxissent.
850 1906 925 1936 Div.

195 1950 217 1979 i.
235 1953 266 1980 3.
283 1955 395 1979 manet
420 1950 454 1978 in
481 1950 696 1988 antiquorum
714 1947 926 1988 philosopho-

197 2003 272 2023 rum
296 1993 466 2023 sententia
489 1992 529 2021 de
563 1992 779 2022 divinatione.
803 1992 866 2022 Off.
891 1993 925 2022 ii.

199 2039 249 2067 12.
273 2037 457 2076 proximam
483 2036 524 2066 ad
555 2035 695 2075 gloriam
728 2035 816 2064 viani
841 2036 926 2066 dixit

196 2089 281 2117 esse,
304 2081 331 2110 si
355 2081 428 2118 quis
452 2079 485 2108 id
508 2084 634 2119 ageret,
666 2083 704 2108 ut
733 2078 838 2117 qualis
867 2079 925 2109 ha-

197 2123 266 2153 beri
300 2123 412 2159 vellet,
440 2123 518 2152 talis
552 2128 649 2153 esset.
681 2121 782 2152 Tusc.
814 2123 836 2152 i.
871 2126 924 2154 43.

197 2167 268 2203 ejus
292 2166 332 2196 de
355 2166 529 2206 sepultura
556 2166 735 2197 sententia.
767 2165 868 2197 Tusc.
892 2177 923 2196 V.

197 2212 250 2243 37.
275 2221 308 2239 se
333 2209 541 2240 mundanum
581 2209 736 2250 appellat.
768 2209 848 2240 Nat.
880 2210 923 2241 D.

197 2253 220 2284 i.
246 2256 298 2284 34.
323 2263 342 2282 a
365 2253 499 2283 Zenone
523 2264 637 2283 scurra
666 2253 800 2283 Atticus
828 2264 925 2283 voca-

193 2301 263 2328 tur.
292 2297 354 2327 Off.
388 2297 407 2326 i.
434 2300 486 2327 30.
516 2296 600 2339 εἴρων.
629 2296 713 2337 Top.
746 2299 795 2327 10.
825 2298 923 2327 indu-

195 2341 306 2371 ctione
323 2340 506 2381 plurimum
524 2351 602 2371 usus
619 2346 682 2371 est.

241 2385 411 2421 Socratici,
443 2384 520 2415 Div.
544 2385 564 2414 i.
591 2388 621 2415 3.
645 2388 784 2415 manent
808 2385 842 2414 in
866 2394 925 2415 an-

192 2428 366 2467 tiquorum
389 2427 664 2468 philosophorum
687 2429 859 2458 sententia
882 2428 922 2458 de

194 2471 412 2501 divinatione.
444 2471 508 2502 Off.
546 2472 567 2502 i.
602 2474 654 2506 37.
687 2482 840 2502 sermone
873 2472 925 2502 usi

193 2520 275 2545 sunt
298 2515 365 2545 leni
390 2515 593 2554 minimeque
610 2516 788 2556 pertinaci,
811 2520 846 2546 et
870 2516 924 2546 cui

195 2559 364 2589 immistus
380 2558 445 2588 suit
461 2557 563 2599 lepos.

239 2602 347 2639 Solon,
371 2602 435 2632 Off.
459 2602 480 2632 i.
504 2606 556 2633 30.
581 2610 735 2634 versutus
769 2607 803 2633 et
833 2602 925 2632 calli-

194 2645 268 2676 dus.
304 2646 376 2676 Att.
400 2656 431 2675 x.
459 2649 487 2676 l.
526 2646 597 2684 ejus
627 2646 694 2684 lex,
719 2655 761 2677 ne
793 2647 865 2685 quis
889 2647 923 2677 in

192 2689 356 2719 seditione
381 2689 423 2718 sit
455 2690 608 2719 neutrius
639 2691 754 2730 partis.
789 2690 828 2720 de
862 2690 923 2720 Di-

193 2733 261 2763 vin.
287 2734 308 2763 i.
332 2736 385 2767 49.
409 2733 573 2763 orientem
600 2734 812 2773 tyrannidem
838 2733 924 2763 inul-

191 2780 228 2806 to
252 2783 331 2807 ante
356 2777 534 2816 prospexit.
567 2776 641 2807 Sex.
666 2777 763 2807 Rosc.
788 2779 840 2808 ⁶25.
865 2787 926 2808 cur

193 2819 321 2850 nullam
345 2819 453 2859 legem
477 2820 512 2850 in
546 2820 726 2860 parricidas
756 2821 925 2852 statuerit.

192 2862 257 2894 Off.
282 2864 304 2894 i.
321 2866 374 2895 22.
396 2863 620 2903 ‘Areopagitas
637 2864 827 2895 constituit.
843 2864 925 2905 Leg.

193 2906 228 2938 ii.
243 2909 297 2940 23.
313 2909 366 2940 25.
385 2908 437 2939 26.
454 2906 525 2948 ejus
542 2906 595 2938 lex
613 2907 653 2938 dc
669 2908 864 2949 sepulturis..

759 3040 774 3057 D

1628 95 1708 135 153

1019 199 1168 240 Sopater,
1192 197 1287 228 Verr.
1303 196 1338 227 ii.
1355 197 1408 228 28.
1433 192 1648 226 Haliciensis.

1019 244 1170 283 Sopater,
1194 241 1289 272 Verr.
1312 241 1354 271 iv.
1371 243 1423 274 39.
1446 237 1709 278 Tyndaritanus.

1020 285 1294 327 Sophocles-,Vena
1310 284 1356 314 iii.
1381 285 1432 314 88.
1453 282 1709 322 Agrigentinus.

974 330 1075 362 homo
1093 331 1236 360 disertus
1251 333 1285 359 et
1302 328 1432 358 doctus.

1020 374 1199 414 Sophocles,
1237 372 1300 403 Off.
1325 372 1346 402 i.
1369 372 1423 401 40.
1447 379 1467 399 a
1489 368 1616 400 Pericle
1640 369 1709 401 col-

974 417 1050 457 lega
1073 418 1107 447 in
1131 422 1278 457 praetura
1315 413 1584 454 reprehenditur,
1618 414 1709 452 quod

975 461 1155 501 pulchrum
1178 469 1321 501 puerum
1357 457 1590 488 admiraretur.
1627 458 1706 488 Div.

976 506 997 535 i.
1022 507 1074 536 25.
1098 508 1200 544 po'eta
1222 504 1364 533 divinus.
1396 501 1431 530 in
1465 501 1590 530 somnis
1624 500 1708 532 vidit

977 547 1159 578 Herculem
1182 547 1364 583 dicentem,
1382 545 1454 584 quis
1471 548 1622 585 pateram
1651 554 1707 575 su-

976 602 1029 622 am
1065 601 1200 622 auream
1231 589 1458 630 surripuisset.
1504 588 1553 618 Ex
1583 588 1639 618 Or.
1678 591 1706 620 1.

975 637 1119 673 intelligi
1152 639 1264 675 potest,
1304 633 1486 664 Ciceronem
1520 631 1707 672 Sophoclem

969 689 1032 720 pro
1043 681 1192 719 principe
1208 678 1429 716 Tragicorum
1445 676 1602 706 habuisse.

1021 724 1153 763 Sopolis,
1178 723 1249 753 Att.
1282 722 1324 751 iv.
1357 722 1406 751 16.
1439 720 1547 759 pictor
1577 718 1708 750 celeber

974 770 1126 806 tempore
1145 766 1326 796 Ciceronis.
1370 761 1484 804 Hujus
1500 764 1599 793 etiam
1616 773 1706 793 men·

974 812 1017 841 tio
1041 811 1132 850 apud
1154 810 1247 840 Pan.
1271 818 1365 839 XXXV.
1394 811 1442 838 11.
1480 807 1547 837 Sed
1568 807 1611 837 ibi
1634 808 1710 837 vul-

971 864 1014 893 go
1037 853 1175 894 Sopylus
1199 853 1339 883 dicitur:
1377 855 1407 881 et
1430 852 1474 882 sic
1498 851 1616 881 tundat
1638 850 1706 881 Ju-

972 899 1049 928 ntus
1062 893 1097 928 Ξιι
1115 898 1265 935 catalogo
1276 908 1312 936 p.
1327 898 1380 926 21.
1396 893 1452 935 ἅμ’.

1018 941 1181 981 Sosippus,
1211 941 1306 971 Verr.
1339 940 1373 970 ii.
1409 943 1442 973 9.

973 986 1078 1016 frater
1094 985 1270 1024 Epicratis.

1018 1030 1193 1065 Sositenus,
1209 1028 1303 1059 Verr.
1321 1027 1367 1057 iii.
1385 1029 1437 1060 87.
1454 1025 1657 1056 Entellinus.

1017 1073 1195 1109 Sositheus,
1220 1072 1293 1103 Att.
1310 1072 1331 1101 i.
1348 1072 1398 1101 12.
1426 1079 1539 1100 servus
1557 1079 1705 1109 anagno-

971 1121 1038 1147 stes
1058 1116 1238 1147 Ciceronis.

1020 1160 1052 1190 C.
1078 1160 1198 1197 Sosius,
1222 1159 1293 1189 Att.
1316 1158 1385 1189 viii.
1408 1157 1439 1187 6.
1464 1160 1588 1197 psaetor
1618 1157 1706 1188 Len-

973 1205 1038 1234 tulo
1062 1208 1093 1233 et
1121 1204 1153 1234 C.
1183 1203 1343 1233 Marcello
1378 1201 1459 1232 Coss.
1494 1201 1572 1231 Fuit
1603 1200 1706 1240 Quae-

972 1252 1042 1277 stor
1059 1248 1105 1277 Μ’
1125 1247 1256 1287 Lepidi.

1016 1291 1058 1331 Q.
1084 1291 1203 1327 Sosc'us,
1238 1290 1319 1321 Nat.
1350 1290 1393 1319 D.
1430 1289 1477 1319 iii.
1512 1291 1565 1319 30.
1602 1297 1703 1327 eques

972 1334 1114 1364 Roman.
1138 1345 1178 1364 ex
1208 1344 1288 1374 agro
1319 1333 1456 1370 Piceno,
1496 1331 1703 1363 tabularium

971 1379 1132 1408 incendit.

1015 1422 1197 1460 Sostratus,
1220 1420 1314 1452 Verr.
1338 1420 1384 1451 iii.
1415 1422 1469 1451 23.
1510 1419 1703 1460 Centuripi-

973 1475 1046 1497 nus.

1017 1510 1123 1545 Sosus,
1147 1508 1249 1539 Acad.
1282 1509 1325 1539 iv.
1356 1510 1388 1539 4.
1425 1506 1511 1537 liber
1542 1506 1703 1538 Antiochi

971 1560 1090 1584 contra
1106 1553 1290 1583 Philonem.

1017 1597 1180 1628 Sotericus
1203 1597 1364 1631 filare-ius,
1389 1593 1482 1624 Balb.
1507 1596 1558 1625 25.
1581 1593 1611 1623 T
1614 1595 1704 1624 ibur-

970 1642 1077 1678 tinus,
1101 1641 1289 1670 Sotericum
1307 1640 1433 1669 nicilum
1449 1638 1612 1678 artgflcem
1629 1639 1704 1668 lau-

971 1685 1029 1714 dat
1046 1685 1166 1715 Seneca
1183 1694 1236 1724 ap.
1266 1683 1350 1713 Gelc.
1367 1682 1424 1712 xii.
1442 1684 1473 1713 2.

1016 1728 1211 1767 Spartacus,
1231 1727 1312 1757 Har.
1339 1736 1425 1765 resp.
1455 1727 1505 1756 12.
1531 1725 1590 1756 &c.
1618 1724 1704 1756 Dux

959 1771 1204 1812 fugitivorum,
1222 1772 1278 1812 qui
1295 1771 1414 1800 bellum
1436 1770 1554 1800 servile
1568 1778 1704 1800 commo-

969 1817 1025 1846 vit.

1018 1859 1185 1900 spiam-us,
1201 1858 1302 1888 Tusc.
1318 1858 1361 1887 iv.
1379 1859 1431 1888 ⁶24.
1448 1857 1579 1886 Stoicus
1594 1867 1603 1894 3
1629 1855 1702 1895 ejus

972 1903 1183 1933 definitiones
1201 1902 1394 1937 laudantur,
1411 1906 1446 1930 et
1463 1901 1503 1933 ab
1520 1901 1590 1939 ipso
1609 1899 1705 1929 Cice-

970 1957 1050 1977 rone
1085 1947 1296 1976 adhibentur.
1352 1946 1573 1984 Bosporanus,
1600 1943 1705 1974 Zeno-

971 1992 1022 2021 nis
1043 1991 1149 2021 Cittiei
1164 1991 1342 2029 discipulus
1358 1998 1420 2018 non
1436 1989 1584 2018 ultimus.
1614 1987 1653 2016 de
1669 1995 1704 2016 eo

972 2045 1001 2064 v.
1032 2034 1147 2064 Laert.
1179 2034 1234 2064 vii.
1264 2036 1336 2067 177.
1361 2032 1510 2064 Torreat.
1534 2031 1580 2061 ad
1609 2030 1703 2061 Suet.

971 2079 1060 2117 Aug.
1086 2081 1137 2111 89.

1016 2121 1226 2161 Speusippus,
1272 2119 1375 2150 Acad.
1412 2119 1433 2149 i.
1471 2121 1503 2149 4.
1552 2117 1703 2148 Platonis

972 2175 1011 2195 ex
1042 2175 1153 2195 sorore
1189 2174 1302 2204 nepos,
1326 2162 1535 2193 Academicae
1559 2161 1705 2201 philoso-

971 2209 1058 2249 phiae
1076 2209 1169 2248 quasi
1186 2208 1281 2238 heres
1298 2207 1500 2245 relinquitur
1516 2215 1535 2235 a
1549 2205 1702 2235 Platone.

971 2253 1028 2283 Or.
1054 2253 1099 2282 iii.
1126 2255 1176 2283 18.
1200 2251 1248 2281 nil
1271 2251 1311 2280 ab
1334 2249 1513 2281 Aristotele
1535 2248 1704 2279 dissensit.

970 2297 1051 2327 Nat.
1075 2297 1118 2327 D.
1144 2296 1164 2325 i.
1193 2298 1242 2326 13.
1277 2295 1388 2324 Deum
1406 2303 1476 2324 esse
1492 2293 1560 2323 vim
1575 2292 1705 2323 anima-

971 2339 1052 2376 lem,
1067 2340 1183 2369 omnia
1197 2342 1386 2377 regentem,
1403 2337 1534 2367 statuit.

1016 2384 1232 2422 Spintharus,
1249 2383 1320 2413 Att.
1344 2381 1413 2412 xiii.
1434 2383 1486 2412 25.
1512 2389 1625 2411 servus
1642 2384 1703 2411 aut

968 2427 1108 2458 libertus
1125 2426 1305 2457 Ciceronis.

1015 2471 1126 2510 Spino,
1142 2471 1186 2501 N.
1210 2470 1252 2499 D.
1279 2470 1325 2499 iii.
1343 2471 1395 2501 20.
1420 2469 1512 2499 Deus
1529 2466 1700 2498 Romano-

970 2525 1057 2545 rum.
1083 2514 1213 2554 proprie
1230 2513 1351 2543 fluvius
1374 2522 1477 2553 prope
1494 2511 1650 2541 Romam.

1015 2558 1175 2598 Spongia,
1192 2557 1263 2587 Att.
1281 2557 1301 2587 i.
1326 2557 1375 2587 16.
1386 2556 1491 2596 judex
1517 2555 1552 2585 in
1570 2554 1702 2592 judicio

970 2602 1132 2633 Clodiano
1150 2601 1189 2630 de
1203 2600 1374 2639 religione.
1399 2608 1515 2629 nomen
1529 2598 1666 2638 fictum.

1014 2645 1197 2686 Spurinna,
1215 2645 1257 2675 ad
1271 2644 1400 2675 Div.ix.
1416 2645 1470 2674 24.
1485 2643 1599 2673 Divin.
1615 2643 1637 2673 i.
1651 2643 1705 2674 52.

968 2689 1146 2729 haruspex.

1018 2734 1051 2764 C.
1077 2732 1247 2769 Stalemes,
1283 2731 1417 2762 Cluent.
1446 2733 1477 2764 7.
1503 2739 1566 2768 pro
1588 2738 1649 2769 quo
1671 2732 1703 2760 et

968 2778 1039 2815 alii,
1057 2777 1224 2806 Staienus
1263 2775 1417 2811 Senator,
1430 2773 1533 2814 judex
1558 2772 1593 2802 in
1609 2771 1704 2811 judi-

970 2821 1021 2851 cio
1042 2820 1203 2856 drimano,
1220 2819 1310 2858 apud
1324 2828 1425 2858 quem
1441 2816 1586 2857 pecunia
1601 2815 1704 2855 depo—

969 2865 1036 2894 sita
1061 2869 1125 2901 est,
1154 2873 1221 2903 qua
1237 2862 1444 2903 Oppianicus
1472 2860 1606 2899 judices
1629 2869 1703 2889 cor-

970 2917 1126 2950 rumpere
1154 2906 1319 2939 voluerat.
1351 2905 1488 2938 Cluent.
1519 2905 1574 2936 24.
1604 2902 1702 2936 Brut.

1476 938 1706 978 Agyrinensis,
