1985 3206
760 109 908 154 mmssx
940 108 1222 138 ElsTorucUS.

279 201 394 240 Lento,
413 201 595 240 Caesenius,
613 199 698 232 Phil.
719 200 774 230 xii.
798 204 829 235 9.
860 200 967 231 Anto-

233 247 355 277 nianus
372 246 496 276 Vllvir.

283 290 339 320 Cn.
377 290 542 320 Cornelius·
573 289 745 325 Lentulus,
782 287 967 326 Clodianus,

234 332 329 363 verr.
353 334 386 364 ii.
411 336 463 367 39.
496 332 621 362 Consul
646 342 721 362 cum
749 330 788 361 L.
813 331 920 361 Gellio
935 341 966 362 a.

235 384 395 407 Dchxxt.
411 376 505 406 Verr.
527 386 556 404 v.
581 380 611 409 7.
645 376 779 405 Cluent.
804 377 857 405 42.
882 376 968 405 Cen-

235 429 290 450 sor
305 430 382 450 cum
400 419 438 450 L.
457 419 573 449 Gellio.
594 419 698 449 Flacc.
719 422 767 453 19.
793 418 968 449 Temnita-

236 474 312 494 rum
345 470 515 504 patronus.
556 463 655 493 Doni.
688 465 740 496 47.
780 463 867 492 bona
897 463 967 501 ejus

236 517 256 537 a
287 508 323 537 C.
357 507 470 537 Atinio
496 506 652 536 Labeone
679 506 756 535 trib.
786 505 828 545 pl.
854 516 967 535 conse-

235 556 385 581 crantur.
424 550 479 581 ΒΓ.
517 551 569 581 64.
601 550 652 580 66.
691 549 797 588 qualis
835 550 967 579 Orator.

235 593 326 636 Ejus
334 604 446 624 nomen
457 598 503 624 est
511 595 608 623 etiam
624 603 671 632 pr.
685 594 723 623 L.
735 593 887 623 Man.23.
905 592 968 623 Va-

233 639 298 668 tin.
316 642 364 668 11.
387 648 462 667 eum
478 639 575 675 vulgo
591 639 755 675 leg-eretur
767 649 776 665 :
802 638 861 666 Cn.
881 636 968 666 Len-

235 681 346 711 tulum
360 687 393 711 et
405 681 446 721 Q.
461 681 651 717 Claudium,
665 682 726 710 viri
739 681 820 710 docet
831 692 847 710 e
860 679 965 710 MSS.

234 729 464 764 reposuerunt:
483 726 543 754 Cn.
556 724 738 754 Lentulum
753 723 966 761 Clodianum,

242 768 398 806 Ursinus,
421 769 597 805 Gruterus,
616 768 671 798 Fr.
690 768 874 804 Iulo-icius,
892 769 966 798 ulii:

235 814 308 852 quis
324 817 435 843 autem
451 814 493 842 sit
509 813 563 842 ille
586 811 749 842 Lentulus
774 811 966 849 Clodianus,

235 861 354 886 tacent.
402 857 456 887 De
479 858 534 885 hoc
558 860 663 885 nostro
680 856 809 894 quidem
826 856 968 886 Lentulo

235 902 309 940 capi
324 910 385 931 non
396 904 511 939 potest,
529 901 584 939 qui
599 900 655 929 diu
672 903 749 929 unte
763 901 874 929 consul
884 898 967 939 sue-

237 949 306 981 rat,
323 954 421 983 quam
446 944 478 974 C.
495 944 654 973 Antonius
668 949 892 973 accusaretur.
925 943 968 972 In

235 990 346 1019 alteru
377 992 488 1017 aulem
519 988 649 1017 lectione
679 988 787 1016 omnia
818 987 968 1027 espedita

235 1036 325 1062 sunt.
353 1032 443 1063 Num
463 1031 523 1060 Cn.
542 1030 706 1061 Lentulus
722 1031 785 1060 erit
801 1029 967 1060 Mareelli-

237 1084 313 1113 nus,
330 1077 386 1115 qui
402 1085 434 1105 eo
450 1085 535 1104 anno
544 1078 668 1114 praetor
676 1078 780 1114 potest
789 1074 912 1114 fuisse,
930 1074 968 1104 de

236 1130 297 1160 quo
303 1129 418 1155 sermo,
428 1129 500 1148 cum
512 1119 635 1148 biennio
641 1123 714 1157 post
728 1117 845 1148 Consul
841 1117 966 1157 fuerit.

286 1163 343 1192 Cn.
362 1163 537 1199 Lentulus,
554 1161 782 1191 Marcellinus.
825 1161 967 1192 Putrem

237 1206 416 1237 Claudium
440 1204 638 1235 Marcellum
658 1206 817 1244 plebeium
842 1206 966 1236 habuit.

237 1250 280 1279 ad
297 1250 372 1279 Div.
389 1260 441 1279 xv.
471 1253 519 1279 10.
544 1250 658 1280 Ascon.
676 1250 710 1279 in
727 1249 880 1279 Divinat.
896 1260 922 1279 e.
935 1252 966 1280 4.

236 1292 385 1324 Debelmt
407 1303 440 1323 se
462 1294 630 1332 appellare
655 1292 890 1330 Claudianum,
912 1294 969 1323 sed

235 1338 356 1367 maluit
367 1336 614 1366 Marcellinum.
637 1336 772 1367 Manat.
785 1337 830 1366 ad
845 1335 907 1367 Cic.
924 1338 969 1367 ud

235 1380 316 1412 Div.
333 1381 353 1411 i.
374 1384 400 1410 1.
424 1379 725 1420 proptereasecisse
735 1385 849 1421 putat,
862 1385 899 1410 ut
916 1382 966 1411 in-

236 1426 457 1463 telligeretur,
475 1435 492 1454 e
509 1434 576 1464 qua
587 1423 729 1464 ιι”αηιὶἰίιι
753 1424 966 1455 Claudiorum

233 1473 331 1498 esset:
356 1469 484 1505 malim,
499 1478 538 1498 ne
554 1478 627 1497 cum
650 1468 706 1498 Cu.
729 1467 880 1498 Clodiano
894 1479 966 1499 con-

222 1511 444 1552 ficnderetur.
461 1512 619 1543 Dukerus
635 1512 680 1542 ad
694 1512 769 1542 Liv.
785 1513 896 1542 xxxix.
913 1515 966 1544 23.

235 1566 253 1586 e
283 1555 432 1586 Cicerone
461 1557 507 1586 ud
534 1555 614 1587 Dio.
646 1566 698 1586 κν.
734 1559 783 1586 10.
822 1557 966 1595 intelligi

228 1604 343 1639 putat,
366 1610 442 1630 eum
465 1604 585 1630 natum
611 1610 643 1630 α.
673 1599 713 1630 U.
738 1608 965 1631 Dchxxxvn.

233 1653 296 1684 quo
312 1644 369 1673 ille
384 1653 470 1673 anno
491 1643 697 1684 Consulfuit.
743 1643 809 1674 Sed
823 1645 866 1674 z'bz'
887 1644 966 1675 Con-

232 1688 316 1717 sulis
338 1688 473 1718 verbum
495 1688 648 1718 excidisse
666 1688 806 1718 videtur.
820 1687 914 1718 Verr.
931 1689 965 1718 ii.

232 1733 288 1762 42.
315 1731 480 1761 Patronus
500 1731 643 1770 Sieiliae3
668 1733 748 1771 quia
764 1742 780 1761 e
796 1731 967 1763 spIurcellz's

221 1773 311 1815 fuit.
338 1775 380 1805 ad
402 1775 441 1815 Ω.
467 1775 518 1806 Fr.
542 1776 562 1805 i.
586 1778 615 1806 2.
641 1778 670 1806 5.
703 1779 826 1815 praetor
847 1776 878 1806 C.
901 1776 967 1805 (7oe-

233 1829 308 1849 sure
344 1820 408 1851 Cos.
444 1819 524 1849 Har.
564 1819 662 1859 Resp.
704 1822 753 1849 10.
800 1819 965 1850 Pontifex.

233 1862 331 1892 Brut.
355 1866 406 1897 70.
442 1863 618 1900 disertum,
643 1863 795 1902 inprimis
819 1864 853 1892 in
879 1863 966 1894 Con-

233 1906 348 1936 sulatu
386 1916 420 1936 se
455 1907 625 1947 praestitit.
670 1907 749 1938 Fuit
779 1911 890 1937 autem
923 1909 965 1938 L.

233 1950 361 1981 Illurcii
376 1950 525 1991 Philippi
541 1952 675 1990 collega.
695 1961 727 1981 a.
753 1950 792 1981 U.
810 1959 964 1982 Dcxcvn.

235 1993 318 2024 Har.
341 1995 440 2034 Resp.
466 1998 513 2025 ll.
545 1995 667 2025 dicitur
682 1995 753 2033 ejus
770 1995 844 2025 avia
859 1996 966 2025 mani-

233 2037 296 2068 bus
320 2039 484 2078 accepisse
509 2044 650 2068 matrem
675 2039 799 2069 Deum.
846 2039 913 2069 Sed
928 2039 965 2070 F.

235 2080 407 2112 Fabricius
429 2086 460 2112 et
483 2082 527 2113 P.
554 2082 730 2113 Manutius
746 2083 966 2121 ostenderunt,

234 2135 301 2154 esse
332 2126 524 2164 legendum.-
563 2126 672 2155 atavi:
713 2127 735 2155 i.
766 2137 792 2155 e.
824 2126 966 2157 Nasieae.

234 2167 438 2199 Tumultum
469 2170 503 2199 in
542 2169 789 2209 Megalensibus
829 2176 965 2201 auctore

237 2211 354 2241 Clodio
369 2217 481 2243 ortum
496 2213 602 2243 sedat.
649 2214 739 2244 Idem
763 2219 967 2244 memoratur

235 2255 279 2285 nd
292 2256 369 2286 Div.
387 2257 409 2286 i.
429 2260 456 2287 l.
474 2259 505 2287 2.
534 2258 568 2287 in
583 2267 682 2288 causa
706 2257 843 2288 Lentuli
868 2258 966 2297 Spin-

234 2301 347 2337 theris,
364 2302 419 2330 cui
440 2301 701 2334 adversabatur;
733 2305 807 2331 erat
830 2303 916 2332 enim
938 2304 967 2333 ei

233 2344 399 2374 inimicus.
415 2344 449 2374 in
467 2344 578 2374 Caecil.
596 2348 626 2376 4.
646 2346 705 2375 &a

284 2386 342 2417 Cn.
361 2387 523 2418 Lentulus
544 2388 668 2419 Vae-cia
692 2399 717 2418 s.
734 2388 844 2419 Vatia.
871 2390 967 2420 Nam

234 2431 320 2462 idem
340 2436 385 2461 est
408 2442 532 2462 nomen.
556 2443 586 2462 v.
611 2432 733 2463 Selzott.
759 2433 875 2473 Suppl.
900 2435 967 2464 An-

232 2476 303 2505 nal.
330 2475 433 2514 Pigra.
457 2480 480 2506 t.
504 2476 551 2506 iii.
568 2487 604 2517 p.
630 2476 704 2507 366.
736 2477 777 2506 ad
800 2478 840 2516 Ω.
862 2477 912 2507 Fr.
932 2479 965 2508 ii.

234 2521 267 2549 3.
301 2518 414 2549 editur
439 2519 529 2549 inter
555 2521 704 2550 conscios
732 2525 967 2561 corruptarum

234 2571 294 2602 per
311 2563 346 2592 P.
364 2562 514 2593 Sextium
531 2564 695 2594 tribuum.

283 2605 341 2636 Cn.
368 2607 542 2645 Lentulus,
567 2608 605 2638 L.
631 2607 748 2638 Manil.
776 2612 825 2643 19.
860 2609 968 2638 tribu-

233 2658 296 2679 nus
313 2649 357 2689 pl.
374 2656 408 2680 et
423 2660 512 2681 anno
529 2657 603 2691 post
619 2651 749 2690 legatus
764 2653 840 2682 fuit.

280 2693 321 2723 L.
342 2694 517 2733 Lentulus,
536 2695 630 2725 Brut.
655 2698 707 2726 20.
740 2697 779 2733 is,
798 2697 854 2734 qui
881 2696 950 2726 Con

232 2735 287 2767 sul
301 2747 378 2767 eum
396 2737 432 2767 C.
450 2738 578 2770 M'urcio
593 2738 708 2779 Figulo
719 2740 785 2770 fuit
796 2748 968 2771 a.Dxcv11.

233 2780 378 2811 disertus
394 2781 470 2812 suit.

280 2824 321 2854 L.
347 2825 522 2863 Lentulus,
544 2825 645 2856 Arc-b.
673 2829 704 2857 5.
744 2831 868 2867 praetor
889 2838 967 2858 cum

235 2866 271 2897 P.
296 2868 457 2900 Gabinius
481 2870 521 2900 de
543 2871 740 2910 repetundis
764 2876 852 2903 esset
874 2871 967 2902 dam-

234 2917 346 2943 natus.

1673 99 1751 136 113

1056 198 1098 229 L.
1117 199 1296 237 Lentulus,
1315 196 1396 229 Har.
1412 197 1452 229 R.
1470 197 1501 228 6.
1524 197 1645 227 flamen
1660 196 1750 228 Mar-

1010 241 1111 272 tialis.
1137 242 1212 272 Vat.
1241 245 1290 273 10.
1324 241 1534 281 Competitor
1558 241 1690 271 Gabinii
1716 243 1751 273 in

1015 286 1193 317 Consulatu
1202 299 1213 318 ,·
1234 287 1284 325 cuj
1291 295 1329 315 us
1342 285 1507 325 (Gabinii)
1518 285 1659 323 juvandi
1672 296 1750 315 cau-

1009 339 1046 359 sa
1061 329 1216 359 Vatinius
1234 340 1311 359 eum
1329 329 1517 369 opprimere
1534 328 1750 369 studcnjus-

1008 383 1040 403 so
1063 383 1104 403 sc.
1125 373 1228 403 Vettio
1251 383 1327 403 eum
1350 374 1386 402 in
1408 373 1554 402 concione
1579 374 1750 403 nominare

1010 418 1098 446 inter
1112 415 1307 457 conjuratos.
1343 416 1447 446 Huuc
1464 417 1629 445 diversum
1648 427 1712 446 csse
1727 427 1750 446 a

1009 464 1157 500 sequente
1182 460 1223 490 L.
1250 461 1403 496 Lentulo,
1427 460 1503 489 inde
1532 462 1662 490 clarum
1689 465 1748 497 est,

1010 504 1095 544 quod
1108 505 1163 533 ille
1179 503 1446 543 competitorsuit
1469 504 1601 533 Gabinii
1618 505 1650 533 in
1669 504 1749 533 (ou-

1009 549 1135 583 sulutu‚
1152 548 1203 576 lu'c
1212 551 1337 587 ψηκτον
1358 547 1495 576 Gabinio
1517 548 1660 578 Consule.

1055 591 1096 621 L.
1116 590 1277 621 Lentulus
1299 591 1395 627 Crus,
1412 591 1521 621 Pison.
1537 594 1589 622 31.
1624 597 1748 631 praetor

1011 634 1152 664 Gabinio
1177 639 1210 664 et
1235 635 1352 664 Pisone
1371 634 1462 664 Coss.
1480 635 1521 664 ad
1540 635 1614 664 Div.
1632 635 1699 664 viii.
1715 638 1747 665 4.

1011 679 1178 718 repuham
1196 678 1261 708 fert
1282 679 1316 707 in
1340 678 1504 718 petitione
1530 678 1747 715 Consulatus,

1004 727 1077 762 post
1115 722 1233 752 Consul
1255 722 1305 762 fit
1342 731 1417 751 cum
1459 722 1492 752 C.
1524 722 1684 752 Marcello
1714 732 1747 752 α.

1012 774 1127 800 Dccw.
1159 765 1200 795 ad
1223 765 1299 796 Div.
1324 766 1380 795 xii.
1410 768 1457 796 14.
1489 766 1523 795 in
1548 766 1628 805 fuga
1645 766 1747 796 Phar-

1011 809 1112 839 salica
1128 819 1147 838 a
1162 809 1301 839 Rhodiis
1319 818 1386 838 non
1404 809 1575 849 recipitur.
1609 809 1649 839 ad
1668 810 1745 840 Div.

1011 854 1131 894 ‘'i-<⁶2¹-
1160 852 1246 882 bello
1272 852 1367 882 Civili
1399 853 1539 882 interiit.
1570 852 1665 883 Brut.
1690 857 1745 888 77.

1012 896 1118 936 qualis
1141 900 1254 927 orator
1275 896 1389 926 fuerit.
1436 896 1555 927 Multis
1571 897 1644 927 aliis
1663 897 1745 928 locis

1011 949 1135 970 nomen
1159 941 1229 979 ejus
1255 940 1438 971 invenitur.
1462 951 1491 970 v.
1511 951 1538 970 c.
1563 941 1605 970 ad
1620 941 1696 971 Div.
1714 952 1746 972 x.

1011 986 1063 1015 32.
1079 985 1149 1014 Att.
1167 985 1211 1013 xi.
1229 985 1259 1014 6.
1278 984 1338 1014 &tu

1055 1028 1098 1058 L.
1126 1028 1302 1065 Lentulus,
1325 1028 1364 1058 L.
1392 1027 1425 1057 F.
1457 1027 1498 1059 ad
1523 1027 1595 1058 Att.
1620 1028 1662 1058 iv.
1695 1029 1745 1059 16.

1010 1072 1248 1111 praevaricator
1271 1076 1412 1112 putatur
1434 1071 1470 1102 in
1495 1072 1627 1111 judicio
1650 1072 1745 1103 Vati-

1011 1116 1122 1146 niano.
1153 1115 1225 1145 Att.
1240 1116 1296 1145 xii.
1313 1119 1344 1149 7.

1055 1159 1098 1189 P.
1124 1159 1297 1196 Lentulus,
1318 1159 1410 1189 Brut.
1438 1162 1488 1193 19.
1513 1160 1552 1197 is,
1569 1161 1625 1198 qui
1648 1170 1679 1190 a.
1704 1159 1746 1191 U.

1010 1211 1117 1233 van.
1140 1203 1348 1243 Consulsuit.
1381 1203 1521 1234 Dicitur
1535 1205 1623 1234 enim
1637 1213 1744 1242 gran-

1010 1248 1081 1277 dior
1097 1252 1179 1278 nutu
1191 1246 1303 1286 fuisse
1325 1257 1401 1276 cum
1428 1247 1555 1277 Catone
1578 1248 1744 1278 Censorio:

1015 1291 1208 1330 Cognomine
1225 1290 1408 1321 Caudinus.

1054 1335 1098 1365 P.
1117 1335 1291 1372 Lentulus,
1309 1336 1348 1372 is,
1365 1336 1420 1375 qui
1430 1336 1583 1375 princeps
1601 1335 1746 1366 Senatus

996 1377 1085 1418 fuit.
1117 1379 1150 1408 in
1183 1378 1295 1409 Caecil.
1323 1380 1376 1409 21.
1423 1384 1559 1409 accusat
1589 1379 1744 1410 Manium

1008 1422 1204 1461 Aquillium.
1232 1422 1312 1462 Agr.
1337 1423 1371 1452 ii.
1397 1425 1449 1453 30.
1481 1423 1631 1453 mittitur
1652 1433 1672 1453 a
1688 1423 1746 1452 Se-

1010 1471 1092 1496 natu
1111 1467 1146 1496 in
1163 1466 1396 1507 Campaniam,
1411 1470 1452 1496 ut
1471 1476 1566 1506 agros
1582 1467 1744 1507 privatos,

1009 1510 1066 1549 qui
1094 1510 1128 1540 in
1157 1510 1329 1551 publicum
1357 1510 1580 1549 incurrerent,
1605 1518 1745 1541 emeret.

1008 1554 1105 1585 Brut.
1123 1556 1176 1585 28.
1199 1555 1280 1584 satis
1297 1553 1496 1593 eloquentiae
1510 1554 1641 1593 habuit,
1655 1554 1745 1594 quod

1010 1598 1051 1628 ad
1067 1608 1173 1638 remp.
1204 1608 1287 1638 opus
1312 1602 1410 1628 esset.
1443 1598 1501 1628 Or.
1522 1598 1543 1628 i.
1559 1601 1613 1630 48.
1645 1597 1745 1629 Catil.

1009 1642 1056 1672 iii.
1082 1645 1112 1673 5.
1144 1642 1312 1672 laudatur.
1364 1641 1570 1681 Consulfuit
1592 1653 1623 1672 a.
1648 1651 1745 1672 oxon.

1007 1683 1168 1726 suffectus
1190 1696 1265 1716 cum
1294 1685 1350 1715 Cn.
1374 1686 1518 1716 Domitio
1538 1686 1582 1717 P.
1601 1686 1746 1727 Scipioni

1010 1731 1142 1760 Nasicoe
1156 1734 1186 1760 el
1208 1730 1241 1760 C.
1257 1729 1384 1760 Marcio
1397 1729 1525 1768 Figulo.

1053 1773 1097 1804 P.
1137 1774 1311 1811 Lentulus,
1341 1773 1376 1803 P.
1409 1775 1571 1813 principis
1603 1773 1746 1810 Senatus

1008 1818 1134 1857 Nepos,
1151 1819 1337 1856 cognomine
1353 1817 1449 1855 Sura,
1467 1818 1551 1857 quod
1571 1818 1658 1847 unde
1672 1822 1744 1847 tra-

1007 1863 1108 1899 xerit,
1125 1871 1155 1891 v.
1183 1862 1359 1892 Plutarch.
1383 1863 1417 1891 in
1445 1861 1591 1892 Cicerone
1608 1872 1644 1901 p.
1669 1861 1745 1892 868.

1008 1906 1103 1936 Brut.
1122 1906 1174 1936 64.
1192 1906 1243 1935 66.
1278 1905 1382 1944 qualis
1400 1909 1512 1935 orator
1527 1905 1640 1935 fuerit.
1670 1905 1742 1935 Att.

1009 1950 1031 1980 i.
1051 1951 1099 1980 16.
1130 1949 1178 1978 bis
1195 1949 1386 1979 absolvitur.
1405 1949 1478 1979 Cat.
1497 1950 1543 1979 iii.
1561 1951 1590 1979 2.
1619 1948 1745 1979 sollici-

1008 1998 1061 2024 tat
1083 1992 1299 2031 Allobrogum
1324 1992 1462 2032 legatos.
1494 1997 1631 2033 praetor,
1657 1992 1743 2023 Cice—

1007 2047 1084 2068 rone
1106 2037 1252 2073 Consule,
1268 2037 1421 2067 abdioare
1441 2046 1474 2066 se
1491 2041 1639 2077 praetura
1654 2037 1746 2076 cogi-

1007 2087 1075 2111 tur.
1098 2081 1181 2111 ‹Jum
1200 2079 1444 2121 (onsuljuerot
1459 2091 1490 2110 a.
1508 2080 1548 2111 U.
1562 2088 1744 2111 DCLXXXH.

1009 2125 1087 2163 Sed,
1105 2125 1140 2155 ob
1155 2123 1346 2164 infamium,
1362 2134 1462 2164 quam
1479 2121 1745 2165 duobusjudiciis

1008 2173 1231 2206 contraxerat,
1243 2180 1260 2199 e
1275 2173 1392 2199 senatu
1410 2173 1514 2198 motus
1528 2172 1600 2198 erat
1617 2178 1639 2198 a
1656 2168 1744 2197 Len-

1009 2215 1076 2243 tulo
1092 2217 1122 2244 et
1149 2213 1249 2243 Gellio
1278 2213 1474 2243 Censoribus.
1521 2212 1638 2252 Itaque
1654 2221 1744 2251 proe·

1009 2261 1088 2287 tura
1105 2257 1248 2296 petenda
1266 2266 1460 2296 recuperare
1476 2258 1579 2286 locum
1596 2257 1630 2285 in
1648 2265 1744 2286 sena*-

1009 2305 1046 2331 tu
1069 2302 1182 2338 voluit,
1205 2310 1355 2340 eumque,
1376 2302 1554 2340 impetrata
1572 2303 1741 2339 pastura,

1009 2345 1224 2385 recuperavit.
1248 2355 1278 2374 v.
1297 2344 1474 2374 Plutarch.
1492 2345 1527 2373 in
1549 2343 1695 2374 Cicerone
1704 2353 1743 2384 p.

1010 2389 1084 2419 868.
1117 2388 1229 2419 Fuisse
1243 2392 1352 2418 autem
1372 2388 1415 2418 P.
1435 2388 1570 2418 Lentuli
1580 2387 1744 2427 principis

1010 2432 1153 2463 Senatus
1168 2437 1309 2472 nepotem
1333 2432 1476 2462 Ciceroni
1490 2432 1664 2468 credimus,
1682 2430 1744 2461 Ca·

1010 2478 1057 2506 til.
1083 2476 1129 2505 iii.
1154 2479 1183 2507 5.
1216 2476 1333 2516 Itaque
1355 2480 1386 2505 et
1409 2477 1472 2512 hic,
1490 2479 1528 2505 ut
1542 2485 1634 2516 soepe,
1651 2478 1743 2505 errat

1009 2520 1164 2551 Asconius
1186 2521 1233 2550 ud
1253 2519 1335 2551 Dio.
1358 2521 1391 2550 in
1421 2519 1524 2549 Caeeil.
1548 2529 1574 2549 c.
1600 2521 1652 2550 21.
1687 2518 1744 2548 ulei

997 2564 1119 2604 filium
1134 2564 1224 2594 illius
1241 2562 1486 2603 Lentuhfacit.
1522 2562 1627 2593 Ilunc
1642 2563 1745 2592 etiam

1004 2612 1086 2648 pulo
1100 2618 1164 2638 esse
1177 2617 1264 2645 eum,
1282 2608 1338 2647 qui
1352 2611 1489 2647 quoestm·
1503 2607 1653 2637 urbanus
1667 2615 1707 2636 cu
1713 2615 1746 2637 m

1012 2652 1053 2683 L.
1080 2652 1225 2688 Triario,
1242 2650 1331 2692 fuit,
1359 2650 1506 2690 Scipione
1531 2655 1560 2681 et
1589 2650 1748 2681 Norbano

1016 2696 1095 2726 Coss.
1110 2700 1148 2725 ut
1163 2697 1283 2735 opinor.
1302 2694 1396 2725 Verr.
1413 2695 1434 2724 i.
1455 2696 1504 2724 14.
1547 2695 1643 2725 Nam
1659 2695 1746 2724 inter

1010 2749 1086 2770 eum
1102 2749 1229 2769 annunt
1247 2743 1277 2769 et
1292 2740 1499 2769 consulatum
1521 2735 1591 2780 ejus
1613 2735 1747 2779 interje-

1011 2785 1054 2814 cti
1068 2788 1145 2814 sunt
1159 2784 1240 2814 anni
1254 2783 1312 2813 xii.

1057 2827 1101 2858 P.
1128 2827 1292 2857 Lentulus
1322 2826 1553 2861 Marcellinus,
1578 2823 1667 2856 filius
1697 2824 1747 2856 M.

1011 2870 1178 2908 Marcelli,
1196 2871 1302 2911 patris
1319 2870 1499 2901 AEsernini.
1516 2868 1614 2899 Brut.
1630 2869 1682 2899 36.

1056 2915 1102 2948 P.
1129 2915 1292 2948 Lentulus
1315 2913 1491 2957 Spinther,
1511 2913 1563 2945 ita
1584 2912 1692 2945 dictas
1713 2913 1754 2944 ab
