1920 3196
252 75 336 112 426

254 170 501 201 ambulantium
529 170 726 209 alligantur,
753 179 794 200 ne
826 171 895 200 vari
922 177 981 201 aut

254 212 450 253 compcr'ncs
468 214 562 250 fiant,
582 213 663 243 dicti
680 224 699 243 a
713 214 888 254 siquando.-
906 214 939 244 11.
956 224 985 244 c.

256 257 390 297 ligando
405 269 412 287 ·.
439 257 526 287 undc
541 258 677 297 sirpuloe
696 257 785 297 apud
801 258 984 288 Varronem

255 301 295 330 dc
310 301 347 331 L.
366 301 404 331 L.
428 301 507 331 Ideo
530 300 670 331 fortasse
695 301 906 331 scribendum
923 303 986 331 sir-

250 346 412 384 piraslra.
462 345 534 374 11οο
561 352 676 374 autem
706 345 839 374 nominc
867 345 983 375 Cicero

257 392 354 418 notat
380 389 519 428 legatos,
557 393 751 427 qua-stores,
779 389 931 419 tribunos
951 395 984 418 ct

256 431 337 462 alios
354 443 434 472 quos
452 442 567 461 50011111
584 431 737 468 duxerat,
749 442 891 471 quorum
909 442 986 471 ope-

259 486 295 506 ra
322 477 355 505 in
389 475 572 505 coercendo
599 476 748 505 exercitu
780 482 813 505 ‹2t
841 476 987 514 regenda

257 520 427 560 provincia
445 520 611 549 utebatur.
623 528 678 548 005
692 519 841 549 audierat
854 519 986 549 Atticus

263 564 407 603 pessime¹
425 573 458 592 sc
477 572 589 602 gerere
605 575 611 592 :
638 562 711 592 idco
737 563 915 602 scripserat
932 563 986 592 (Ji-

256 617 346 645 cero,
362 617 395 637 se
412 606 534 636 dolere.
560 606 631 636 11ωο
646 605 764 636 ssosius
790 611 877 636 recte
894 606 935 636 ad
953 606 986 636 11.

302 692 450 734 Serpere.
474 694 532 723 Or.
551 693 584 723 ii.
604 696 654 723 50.
679 692 803 723 dicitur
820 693 859 722 (10
876 697 986 722 orato-

262 747 310 774 re,
324 739 380 776 qui
400 737 608 778 pedetentim
626 737 668 766 ad
684 746 819 766 causam
838 741 987 766 tractan-

257 781 333 811 dam
348 781 489 818 accedit,
506 780 791 819 quemadmodum
809 781 878 820 ipse
893 780 985 810 Cice-

257 835 293 855 ro
311 825 391 854 sccit
417 826 451 854 in
474 825 612 864 Agraria
638 824 795 853 secunda.
819 824 837 841 ’¹‘
853 823 911 860 ali,
928 834 986 853 au-

258 869 340 908 geri.
366 868 457 898 verr.
486 869 531 898 iii.
559 869 612 901 76.
645 869 744 907 serpit
771 868 911 897 insitum
951 868 983 896 in

257 918 380 942 natura
397 912 534 942 malum.
565 911 583 929 *
601 911 761 941 dicuntur
776 921 828 948 ea,
845 920 918 949 quae
937 911 987 940 in-

257 956 468 993 crebescunt,
496 955 688 995 vulgantur,
714 954 855 984 ulterius
873 964 986 994 procc-

258 999 355 1030 dunt.
384 1001 416 1029 in
454 999 565 1029 Caecil.
602 1001 654 1030 21.
685 1000 784 1038 serpit
811 1008 849 1028 ac
878 998 988 1038 prodit

257 1043 474 1074 cousuetudo.
503 1043 615 1074 Rabir.
633 1042 720 1072 Post.
748 1043 778 1072 6.
802 1043 899 1081 serpit
918 1052 988 1071 ma-

259 1087 341 1117 lum.
355 1087 397 1118 cf.
414 1087 483 1117 Att.
502 1087 522 1117 i.
546 1090 594 1117 13.
610 1086 680 1116 Fin.
699 1086 733 1116 ii.
752 1088 799 1116 14.
824 1086 867 1115 ib.
886 1096 915 1115 v.
932 1088 985 1115 ⁴23.

255 1131 397 1161 societas
412 1133 512 1170 serpit
524 1130 646 1160 sensim
659 1129 760 1167 foras,
777 1129 986 1168 cognationi-

257 1175 318 1204 bus
337 1176 483 1214 primum
498 1175 558 1204 810.

301 1219 456 1255 Servare,
480 1226 686 1248 conservare.
711 1216 751 1246 ad
774 1217 851 1247 Div.
878 1226 908 1246 v.
934 1218 986 1247 20.

258 1272 334 1292 cum
345 1262 488 1303 populns
498 1271 596 1292 suum
606 1265 763 1291 servaret.
779 1260 936 1290 *servare
946 1260 985 1290 de

256 1305 338 1336 coelo
355 1309 405 1336 est
421 1315 601 1345 augurum.
625 1305 725 1334 Dom.
747 1307 796 1334 15.
822 1303 934 1334 Vatin.
953 1308 984 1338 7.

255 1349 370 1380 Divin.
397 1350 430 1380 ii.
462 1353 515 1380 35.
553 1359 582 1378 ν.
609 1349 641 1377 111
675 1348 748 1378 111(1.
778 1348 883 1387 Legg.
914 1347 984 1378 Lex

254 1393 355 1431 AElia,
378 1394 434 1423 ubi
464 1392 686 1429 ostendimus,
702 1392 788 1422 hanc
805 1391 985 1422 formulam

254 1441 390 1467 tantum
408 1447 477 1467 esse
496 1436 694 1477 capiendam
719 1435 759 1465 de
776 1435 986 1465 fulminibus.

255 1481 306 1512 Ad
318 1481 351 1511 id
366 1480 635 1511 confirmandum
648 1480 800 1519 inprimis
818 1479 900 1509 illud
913 1490 985 1519 per-

252 1525 354 1562 tinet,
380 1524 468 1564 quod
484 1524 598 1555 Divin.
614 1523 648 1553 ii.
670 1526 717 1554 13.
752 1523 868 1553 scribit
890 1523 985 1553 Cice-

255 1576 311 1599 ro:
340 1568 561 1598 Comitiorum
590 1567 698 1597 solum
717 1567 835 1597 vitium
853 1571 905 1597 est
920 1566 985 1597 ful-

254 1622 345 1643 men.
380 1612 446 1651 Qui
463 1621 542 1650 ergo
559 1611 598 1641 de
613 1610 694 1640 coelo
711 1616 857 1647 servant,
875 1615 913 1641 ut
931 1621 985 1640 co-

255 1657 350 1686 mitia
375 1655 575 1696 impediant,
604 1654 688 1684 1111111
711 1654 801 1684 aliud
828 1655 890 1684 nisi
919 1654 986 1684 ful-

254 1710 332 1730 men
360 1703 419 1730 aut
445 1699 575 1729 tonitru
605 1699 794 1728 observant.
820 1697 926 1728 *Ate
955 1709 983 1728 v.

259 1747 307 1778 17.
332 1744 446 1783 paucis
468 1742 583 1773 diebus
607 1742 770 1772 habebam
793 1747 901 1771 certos
928 1741 987 1772 ho-

255 1788 377 1825 mines,
390 1787 509 1826 quibus
527 1786 639 1816 darem
656 1785 789 1816 literas:
816 1786 928 1824 itaque
947 1796 986 1816 eo

254 1841 308 1861 me
324 1831 451 1862 servavi
467 1842 476 1859 .-
501 1831 522 1860 i.
537 1841 566 1860 e.
583 1829 725 1860 scribere
742 1829 870 1859 distuli.
888 1832 907 1850 *²
921 1829 986 1860 Off.

252 1875 299 1905 iii.
314 1876 368 1909 29.
389 1884 521 1905 servare
538 1873 637 1904 fidem
657 1883 733 1902 cum
751 1872 856 1903 hoste.

297 1918 444 1949 Sei-vitis.
459 1918 516 1948 Or.
534 1918 567 1949 ii.
585 1918 771 1948 8O.se1·z·ilis
787 1924 987 1957 percuncta-

253 1963 315 2001 tio,
330 1967 394 2000 est,
413 1972 490 1992 011111
520 1972 538 1991 0
562 1961 664 1992 servis
691 1960 818 2000 aliquid
844 1970 986 2001 percun—

252 2009 396 2042 ctam‘ur.

297 2050 440 2088 Sei-vire,
458 2050 498 2080 de
515 2048 654 2079 aedibus.
677 2048 735 2078 Or.
752 2048 773 2077 i.
793 2051 845 2082 39.
871 2058 901 2078 ν.
917 2058 986 2078 ser-

252 2095 352 2124 vitus.

297 2137 461 2175 Servitus,
488 2137 629 2167 honesto
656 2145 756 2165 sensu
786 2139 836 2165 est
868 2135 982 2165 Plane.

250 2184 304 2212 30.
318 2182 418 2212 officii
434 2182 626 2211 servitutem
641 2179 849 2218 adstringere
867 2179 983 2209 vincu-

252 2225 285 2255 lo
301 2226 519 2266 sempiterno.
543 2224 562 2242 *²
578 2223 702 2261 injure
720 2228 770 2253 est
786 2222 922 2260 aedium,
949 2229 983 2253 et

249 2268 446 2306 fundorum,
463 2279 489 2298 s.
506 2272 546 2297 ut
558 2267 681 2305 injure
699 2271 763 2305 cst,
780 2266 980 2306 praediorum

249 2313 454 2343 urbanorum
473 2315 507 2341 et
523 2312 737 2341 rusticorum.
761 2310 897 2341 AEdium
915 2320 984 2340 ser-

248 2357 338 2386 vitus
354 2360 417 2393 est,
435 2366 512 2386 cum
536 2355 644 2385 vicino
654 2355 712 2393 jus
728 2357 779 2383 est
795 2353 894 2383 altius
915 2353 980 2384 tol-

248 2400 358 2431 lendae
389 2400 509 2429 domus
540 2408 623 2436 suae,
663 2397 825 2428 stillicidii
859 2398 893 2427 111
925 2407 979 2427 eas

249 2444 434 2481 avertendi,
462 2443 584 2473 cloacae
621 2441 860 2478 immittendae,
891 2441 977 2480 tigni

248 2487 469 2525 immittendi,
499 2490 693 2527 prospectus
719 2484 864 2514 faciendi
890 2485 949 2514 dcc.
970 2497 976 2515 t

248 2532 429 2563 fundorum
458 2537 587 2567 autem,
612 2539 689 2560 cum
715 2529 846 2558 vicinus
877 2527 978 2558 babet

241 2577 300 2615 jus
318 2576 447 2605 itineris
471 2584 530 2614 per
555 2583 624 2610 eos,
642 2573 716 2609 viae,
743 2572 975 2611 aquaeductus,

248 2621 389 2650 haustus
405 2628 514 2657 aquae,
527 2617 656 2657 pecoris
670 2616 712 2646 ad
723 2625 844 2655 aquam
863 2615 977 2655 appel-

246 2663 352 2700 lendi,
366 2662 523 2702 pascendi
541 2662 601 2690 &c.
619 2660 658 2690 de
675 2660 794 2699 quibus
809 2660 974 2689 servitusi-

248 2709 306 2738 bus
317 2712 367 2736 est
379 2707 413 2736 in
427 2706 585 2745 Digestis.
609 2703 649 2743 Ω.
663 2704 713 2733 Fr.
724 2703 772 2733 iii.
789 2706 814 2732 1.
826 2713 854 2732 c.
865 2704 894 2732 2.
907 2713 974 2732 ser-

245 2753 382 2781 vitutem
404 2749 510 2779 fundo
534 2749 718 2788 imponere.
749 2747 818 2777 Att.
844 2756 895 2776 xv.
921 2747 973 2776 ⁶26.

245 2804 369 2835 paucos
386 2803 503 2833 specus
514 2792 549 2822 in
565 2796 717 2821 extremo
730 2790 848 2827 fundo,
866 2794 901 2819 et
916 2800 971 2819 eos

245 2838 380 2878 quidem
412 2837 647 2867 subterraneos
682 2835 847 2864 servitutis
874 2837 974 2874 putat

246 2881 372 2922 aliquid
386 2880 557 2912 habituros
574 2893 579 2910 :
605 2877 639 2909 h.
656 2888 684 2908 e.
702 2877 829 2917 aliquid
844 2878 969 2908 incom-

774 83 817 109 IN
825 82 918 110 DEX
950 84 1051 111 LATI
1058 84 1085 110 N
1093 82 1247 110 [TATls.

1027 169 1114 199 modi
1139 174 1174 199 et
1190 168 1360 200 servitutis
1389 170 1463 209 sibi,
1489 171 1610 209 vicino,
1636 169 1756 200 allatu-

1032 223 1095 243 ros.

1075 256 1205 286 Servus.
1223 255 1287 295 adj.
1311 255 1389 296 Agr.
1407 257 1452 287 iii.
1469 260 1499 289 2.
1523 257 1647 298 praedia
1661 267 1755 288 serva

1028 300 1188 329 —libm-a.
1211 309 1306 330 serva
1322 305 1414 338 sunt,
1439 301 1472 331 in
1489 303 1609 341 quibus
1625 306 1676 331 est
1691 311 1757 331 ser-

1030 349 1128 373 vitus,

1074 387 1206 417 Servus.
1240 386 1370 417 Verrin.
1400 388 1433 418 ii.
1461 392 1512 423 77.
1545 390 1629 419 servi
1653 388 1757 418 socie-

1029 431 1120 466 tatis,
1152 433 1233 459 sunt
1264 430 1407 461 ministri
1432 432 1688 472 publicanorum
1721 432 1756 462 in

1030 473 1212 513 provincia,
1241 474 1296 512 qui
1324 477 1522 514 portorium,
1543 477 1756 516 scripturam,

1030 517 1188 546 decumas
1218 518 1370 556 exigunt,
1400 525 1433 548 ct
1465 521 1611 549 rationes
1651 520 1758 549 confi-

1031 561 1137 590 ciunt.
1164 559 1248 590 l'liil.
1264 561 1331 591 viii.
1348 566 1377 592 8.
1402 565 1484 592 servi
1500 563 1637 603 pumici.

1075 603 1198 643 Sesqui.
1222 604 1315 634 Orat.
1342 606 1394 636 56.
1421 613 1470 636 est
1494 610 1666 636 contracte
1699 615 1758 645 pro

1029 649 1196 686 semisque.
1213 648 1270 677 sed
1296 648 1420 679 dicitur
1444 651 1546 689 sesqui
1564 660 1621 690 pro
1638 660 1757 689 sesque,

1031 697 1068 720 ut
1088 690 1158 720 heri
1176 701 1235 730 pro
1258 691 1348 722 11010.
1383 692 1420 722 Id
1437 695 1574 723 verbum
1603 704 1678 723 011111
1703 693 1759 722 ad-

1026 735 1183 773 jungitur
1207 734 1305 765 alicui
1332 738 1524 774 quantitati,
1542 748 1581 766 ea
1607 748 1681 767 cun:
1712 736 1761 766 di-

1033 778 1135 807 midia
1158 783 1252 817 parte
1282 778 1500 818 intelligenda
1527 787 1587 810 cst.
1615 782 1661 810 sic
1691 780 1711 810 1.
1730 791 1759 810 0.

1030 823 1221 861 εεειμιὶμαόη
1245 826 1296 851 est
1318 832 1413 862 paeon
1442 834 1527 853 unus
1556 834 1631 854 011111
1662 823 1760 853 dimi-

1031 864 1096 895 dio.
1112 867 1158 895 sic
1184 875 1264 905 cape
1291 868 1548 905 sesquimodtum,
1564 867 1760 908 sesquiterti-

1034 918 1090 938 um
1108 910 1167 938 διο.

1079 952 1202 982 Seselz's.
1229 952 1309 983 Nat.
1339 953 1381 983 D.
1413 954 1446 984 ii.
1475 957 1527 985 50.
1552 954 1668 993 herba,
1694 964 1759 994 qua

1033 1006 1138 1026 cervae
1156 1001 1234 1026 ante
1249 1002 1383 1036 partum
1403 1007 1437 1027 se
1452 1002 1608 1038 purgant.

1078 1038 1192 1077 Sessio,
1209 1040 1316 1077 sedes,
1331 1050 1518 1072 scamnum.
1543 1043 1600 1073 Or.
1619 1042 1652 1072 ii.
1669 1044 1700 1073 5.

1079 1082 1274 1114 Sestertius:
1289 1085 1349 1114 int.
1366 1095 1502 1123 numus,
1520 1085 1607 1125 quod
1622 1086 1758 1116 verbum

1033 1127 1202 1158 interdum
1224 1127 1393 1166 adjicitur,
1409 1134 1448 1159 ut
1462 1130 1575 1160 Rabir.
1600 1129 1688 1159 Post.
1711 1132 1758 1163 17.

1032 1170 1137 1200 valuit
1166 1171 1274 1211 primo
1294 1172 1372 1201 duos
1397 1182 1483 1203 asses
1505 1183 1581 1203 eum
1615 1173 1759 1210 dimidio,

1033 1214 1151 1244 deinde
1168 1219 1308 1254 quatuor
1323 1225 1407 1246 asses
1419 1229 1429 1245 .·
1464 1222 1503 1247 ut
1518 1217 1687 1254 (1011311115,
1703 1217 1760 1256 qui

1033 1262 1176 1297 quatuor
1193 1260 1363 1289 sestertios
1390 1260 1557 1299 aeqnabat,
1580 1261 1688 1301 primo
1704 1260 1761 1290 de-

1032 1312 1118 1338 cem,
1135 1307 1209 1342 post
1225 1303 1370 1333 sedecim
1386 1313 1474 1334 asses
1490 1304 1618 1334 habuit.
1636 1304 1761 1335 Sester-

1031 1347 1115 1375 tium
1133 1350 1260 1382 autem,
1290 1347 1324 1376 in
1342 1357 1407 1386 quo
1424 1347 1682 1387 intelligendum
1707 1351 1759 1377 est

1025 1389 1140 1429 pondo,
1167 1390 1321 1429 aequabat
1345 1392 1438 1421 mille
1455 1393 1675 1422 sestertiorum
1698 1401 1761 1421 nu-

1030 1442 1158 1463 merum
1174 1443 1354 1464 summam.
1409 1435 1497 1466 Nam
1516 1436 1673 1475 quoniam
1692 1435 1760 1465 sin-

1031 1476 1100 1516 guli
1128 1487 1214 1507 asses
1241 1482 1321 1508 sunt
1345 1478 1386 1508 ad
1403 1478 1522 1509 libram
1549 1480 1693 1519 argenti,
1719 1483 1760 1508 ut

1031 1530 1135 1550 unum
1150 1521 1191 1550 ad
1205 1521 1294 1551 mille
1308 1534 1314 1551 z
1332 1521 1365 1552 h.
1383 1532 1409 1552 e.
1423 1523 1580 1563 quoniam
1595 1533 1661 1553 una
1676 1523 1762 1552 libra

1030 1565 1160 1604 argenti
1177 1568 1289 1604 aequat
1316 1565 1406 1596 mille
1425 1567 1549 1597 assium
1576 1575 1758 1604 summam,

1030 1608 1223 1638 sestertium
1256 1609 1409 1649 pondus:
1442 1610 1476 1641 h.
1504 1621 1533 1640 e.
1561 1611 1636 1641 duae
1667 1610 1759 1641 librae

1032 1662 1108 1682 cum
1133 1651 1283 1690 dimidia,
1299 1654 1402 1684 etiam
1425 1654 1474 1684 bis
1498 1654 1589 1685 mille
1614 1658 1648 1684 et
1663 1654 1760 1694 quin-

1031 1701 1148 1734 gentos
1189 1706 1275 1726 asses
1316 1698 1483 1736 aequarint
1519 1708 1653 1729 necesse
1697 1701 1759 1728 est.

1030 1739 1185 1769 Teneant
1207 1744 1320 1770 autem
1336 1742 1462 1772 tirones
1485 1741 1569 1772 hoc:
1606 1742 1692 1772 Cum
1712 1742 1760 1771 510

1031 1783 1174 1813 dicitur:
1193 1784 1419 1824 quadraginta
1447 1787 1553 1817 millia
1574 1794 1627 1816 Hs.
1644 1790 1703 1816 aut
1719 1786 1762 1815 si-

1032 1826 1102 1856 mili
1121 1827 1220 1857 modo
1238 1828 1271 1857 in
1289 1827 1360 1858 aliis
1378 1830 1539 1867 numeris,
1556 1829 1758 1870 capiendum

1030 1875 1081 1900 est
1097 1870 1136 1900 de
1149 1871 1262 1901 munis
1274 1873 1449 1911 sestertiis,
1465 1877 1500 1904 et
1524 1881 1578 1904 ns.
1595 1876 1646 1903 est
1666 1873 1761 1913 geni-

1031 1914 1119 1944 tivus
1140 1914 1289 1954 pluralis.
1306 1915 1369 1946 Pro
1385 1927 1424 1946 eo
1441 1917 1506 1947 dici
1518 1918 1620 1948 etiam
1648 1921 1760 1957 potest

1030 1958 1255 1998 quadraginta
1266 1962 1422 1991 sestertia.
1431 1960 1495 1991 Sed
1507 1971 1582 1991 cum
1594 1961 1717 1991 dicitur
1728 1970 1759 1991 v.

1031 2012 1059 2032 0.
1077 2003 1277 2043 quadragies
1292 2006 1487 2042 sestertium,
1498 2005 1606 2044 primo
1622 2006 1761 2035 sesterti-

1031 2055 1087 2075 um
1100 2050 1150 2075 est
1160 2047 1386 2078 nominativus
1399 2054 1459 2078 aut
1475 2050 1682 2079 accusativus
1691 2049 1759 2079 sin-

1032 2089 1156 2128 gularis
1172 2091 1303 2120 numeri
1323 2103 1332 2129 ;
1350 2091 1468 2122 deinde
1493 2097 1544 2122 est
1568 2091 1762 2132 compendi-

1030 2133 1099 2162 aria
1109 2134 1245 2171 locutio,
1259 2144 1318 2174 pro
1333 2136 1531 2174 quadragies
1542 2141 1675 2167 centena
1688 2136 1761 2166 mil-

1028 2178 1076 2206 lia
1090 2179 1281 2208 sestertizlm.
1306 2178 1394 2209 Nam
1408 2180 1507 2210 decies
1514 2181 1699 2210 sestertium
1709 2179 1759 2209 di-

1028 2221 1148 2251 cebant
1164 2231 1223 2262 pro
1240 2222 1342 2252 decies
1357 2228 1491 2254 centena
1515 2225 1621 2254 millia
1647 2227 1761 2254 sester-

1027 2265 1160 2301 tiorum,
1179 2269 1212 2295 et
1242 2265 1288 2295 sic
1315 2266 1349 2297 in
1376 2267 1521 2306 reliquis.
1567 2268 1657 2308 Ergo
1679 2277 1761 2307 qua-

1026 2308 1161 2347 dragies
1177 2310 1359 2340 sestertium
1386 2310 1475 2340 idem
1492 2315 1556 2349 est,
1574 2311 1663 2350 quod
1677 2321 1759 2351 qua-

1025 2352 1157 2391 dragies
1184 2357 1320 2383 centena.
1343 2356 1449 2385 millia
1463 2357 1682 2386 sestertiorum
1699 2365 1760 2385 nu-

1024 2405 1153 2433 merum
1169 2406 1194 2427 5.
1221 2400 1337 2437 quater
1363 2399 1482 2429 millies
1509 2401 1597 2429 mille
1618 2399 1757 2429 sestertii

1022 2434 1127 2469 monii.
1183 2440 1265 2471 Haec
1297 2441 1363 2471 late
1393 2446 1428 2471 et
1457 2442 1589 2473 erudite
1618 2442 1759 2472 demon-

1020 2484 1141 2513 stravit
1165 2483 1309 2514 Gronov.
1324 2485 1364 2515 de
1381 2486 1520 2516 Sestert.
1538 2486 1560 2516 l.
1590 2487 1611 2517 i.
1627 2486 1714 2525 inpr.
1731 2496 1761 2516 0.

1019 2529 1049 2557 4.
1076 2526 1240 2567 Exempla
1255 2528 1432 2568 utriusque
1458 2530 1602 2560 nominis
1636 2533 1671 2559 et
1694 2529 1761 2559 for-

1020 2580 1151 2600 marum
1168 2570 1327 2610 loquendi
1344 2573 1473 2610 afferre,
1491 2575 1649 2612 quoniam
1671 2582 1758 2613 saepe

1018 2614 1052 2643 in
1078 2615 1249 2645 Ciceronis
1276 2615 1367 2646 libris
1384 2621 1579 2654 occurrunt,
1598 2617 1683 2647 nibil
1710 2620 1761 2647 at-

1015 2658 1117 2688 tinet.

1061 2701 1187 2731 Severe.
1220 2702 1284 2732 Off.
1302 2702 1336 2732 ii.
1354 2706 1384 2733 3.
1417 2713 1523 2733 severe
1546 2707 1580 2733 et
1603 2703 1761 2738 honeste:

1017 2744 1055 2774 dc
1074 2745 1292 2785 philosophis,
1309 2747 1365 2785 qui
1389 2746 1573 2777 utilitatem
1599 2748 1639 2777 ab
1657 2747 1762 2778 lione-

1015 2793 1102 2818 statc
1135 2798 1203 2818 non
1229 2790 1425 2829 seiungunt.
1472 2790 1686 2821 Contrarium
1711 2795 1763 2821 est

1017 2832 1175 2870 molliter,
1193 2834 1340 2863 remisse.
1364 2833 1421 2863 ubi
1438 2843 1468 2864 v.

1058 2876 1235 2914 severitas,
1252 2877 1391 2916 justitia
1397 2877 1553 2917 judicum
1567 2878 1601 2907 in
1613 2886 1760 2918 pronun-
