1985 3206
673 324 1259 392 PRAEFATIO

481 488 1012 545 EDITIONIS
1081 486 1437 542 PRIMAE.

205 764 373 842 (QUAE
404 806 482 832 nos
514 807 654 833 causae
686 791 738 832 ad
776 790 854 832 hos
894 790 1063 832 Indices
1100 787 1390 830 conficiendos
1429 787 1692 843 impulerint,

199 849 401 903 quodque
430 850 562 890 simus
585 850 627 890 in
651 849 700 889 iis
722 847 949 889 consilium
974 847 1124 897 secuti,
1146 846 1393 901 expositum
1417 855 1481 885 est
1511 860 1536 885 a
1566 847 1691 886 nobis

201 913 307 955 tum,
340 921 439 947 cum
480 907 688 947 universis
726 905 947 946 Ciceronis
978 904 1180 959 operibus
1219 912 1317 943 ante
1352 901 1434 942 hoc
1468 902 1692 944 biennium

198 962 492 1015 praefaremur.
552 963 735 1018 Nempe,
757 977 856 1003 cum
879 961 943 1001 his
970 960 1164 1016 inprimis
1186 958 1430 1000 consultum
1461 958 1542 1000 hac
1564 959 1691 1001 Cice-

198 1020 312 1059 ronis
335 1021 523 1061 editione
552 1020 768 1070 vellemus,
791 1019 864 1074 qui
897 1029 1074 1074 propter
1106 1018 1167 1058 rei
1198 1015 1418 1057 familiaris
1451 1017 1688 1072 angustias,

197 1089 284 1115 non
307 1086 485 1132 possunt
508 1077 558 1117 iis
583 1076 804 1117 Ciceronis
826 1076 1088 1117 editionibus
1120 1074 1199 1124 uti,
1221 1088 1317 1128 quae
1349 1073 1577 1113 doctorum
1610 1074 1690 1114 ho-

194 1132 361 1173 minum
393 1134 505 1174 curis
542 1133 761 1174 illustratae
798 1148 848 1173 ac
890 1133 1115 1188 perpolitae
1159 1131 1423 1187 prodierunt,
1460 1143 1596 1184 eaque
1633 1132 1687 1172 de

193 1203 321 1229 causa
347 1199 390 1230 et
419 1205 561 1231 carere
585 1190 806 1231 Ciceronis
836 1190 954 1230 libris
987 1189 1199 1245 plerisque
1221 1196 1449 1243 coguntur,
1472 1196 1515 1227 et
1547 1188 1601 1227 ab
1634 1188 1684 1229 iis

189 1244 381 1301 legendis
424 1248 682 1289 retinentur:
732 1247 920 1303 ipsarum
962 1261 1089 1303 porro
1129 1245 1368 1286 editionum
1411 1243 1593 1295 illarum,
1636 1254 1685 1286 ut

190 1316 373 1358 quaeque
403 1314 467 1346 est
497 1304 784 1360 praestantior,
807 1304 867 1344 ita
888 1304 1029 1345 minus
1060 1312 1125 1343 est
1150 1316 1298 1343 eorum
1331 1301 1480 1341 usibus
1511 1316 1685 1342 accom-

189 1360 378 1411 modata,
400 1362 591 1417 qui⁰non
622 1362 805 1403 multum
837 1362 879 1401 in
909 1361 992 1401 hoc
1014 1359 1266 1401 eruditionis
1301 1372 1456 1414 genere
1486 1358 1682 1414 profece-

190 1426 311 1468 runt;
345 1428 586 1475 propterea,
609 1419 723 1474 quod
747 1418 833 1458 fere
857 1418 949 1474 plus
976 1418 1220 1459 doctiorum
1243 1417 1389 1457 usibus
1413 1424 1526 1466 sunt,
1549 1431 1679 1470 quam

187 1473 447 1528 reliquorum
469 1485 755 1532 comparatae:
787 1475 890 1516 illud
913 1475 1070 1516 relictis
1086 1473 1286 1515 omnibus
1306 1472 1580 1513 efficiendum
1600 1488 1678 1515 no-

186 1530 250 1570 bis
270 1533 512 1584 sumsimus,
537 1544 582 1574 ut
603 1543 646 1574 et
667 1533 807 1574 verbis
829 1542 872 1573 et
893 1533 1034 1583 rebus,
1056 1541 1265 1587 quantum
1288 1530 1461 1585 quidem
1484 1529 1676 1573 indicum

181 1588 292 1628 ratio
315 1599 546 1644 pateretur,
562 1590 829 1646 explicandis
850 1600 893 1630 et
915 1589 1188 1640 illustrandis,
1206 1587 1442 1628 faciliorem
1462 1587 1674 1629 tironibus

184 1643 405 1687 Ciceronis
426 1647 656 1689 lectionem
678 1647 957 1698 efficeremus,
971 1656 1014 1687 et
1036 1646 1176 1702 plures
1193 1645 1247 1686 ad
1265 1659 1359 1686 eam
1379 1644 1672 1697 invitaremus,

181 1702 254 1755 qui
282 1717 397 1744 nunc
429 1714 472 1745 et
504 1706 731 1746 verborum
762 1715 804 1744 et
839 1719 979 1745 rerum
1011 1703 1284 1759 ignoratione
1315 1716 1379 1752 ea,
1412 1701 1481 1742 cui
1513 1703 1673 1744 mederi

180 1757 260 1813 ipsi
293 1774 377 1801 non
411 1772 604 1817 possunt,
626 1763 680 1803 ab
711 1776 760 1802 ea
791 1762 1056 1816 rejiciuntur.
1118 1759 1330 1815 Equidem
1352 1773 1437 1814 quo
1460 1760 1597 1815 magis
1619 1761 1672 1801 de

178 1816 343 1858 ratione
371 1820 634 1861 edendorum
662 1830 854 1860 veterum
884 1827 1109 1860 auctorum
1136 1816 1570 1871 illustr-andorumque
1598 1832 1671 1858 co-

177 1872 285 1927 gito,
310 1874 390 1916 hoc
422 1876 528 1917 mihi
558 1876 698 1933 magis
729 1877 898 1917 videtur
927 1875 1117 1926 difficile,
1139 1888 1235 1929 quae
1267 1874 1322 1915 sit
1354 1873 1534 1928 optima,
1564 1874 1670 1915 defi-

175 1930 280 1971 nire.
341 1932 442 1979 Quo
465 1943 658 1990 tempore
684 1934 802 1974 docti
832 1933 876 1974 in
907 1933 990 1974 hoc
1023 1932 1242 1973 literarum
1274 1944 1428 1988 genere
1454 1931 1667 1984 homines,

174 1986 350 2042 depulsa
379 1991 635 2032 scholastica
665 1991 875 2042 barbarie,
897 1989 1164 2045 incipiebant
1188 2003 1211 2030 e
1233 1988 1420 2029 tenebris
1442 2002 1602 2039 eruere,
1623 1999 1667 2031 et

174 2044 299 2086 tineis
329 2045 559 2103 blattisque
584 2048 748 2104 eripere
772 2057 963 2090 veterum
994 2056 1219 2087 auctorum
1250 2045 1464 2099 reliquias,
1490 2055 1666 2102 propter

171 2116 380 2144 summam
403 2106 596 2146 omnium
618 2106 661 2146 in
684 2106 767 2146 hoc
797 2119 953 2161 genere
983 2103 1288 2160 ignorantiam,
1310 2111 1664 2156 cousentaneum,

172 2159 233 2199 uti
256 2171 361 2210 erat,
380 2161 440 2202 ita
469 2163 694 2218 putabant,
717 2163 863 2204 omnia
883 2161 1100 2218 explicare
1121 2170 1165 2201 et
1195 2160 1418 2209 illustrare,
1441 2159 1483 2199 in
1506 2160 1662 2214 quibus

170 2213 331 2257 haerere
353 2219 524 2260 inscitia
544 2220 767 2261 hominum
791 2229 949 2276 posset.
999 2218 1151 2273 Itaque
1172 2231 1329 2272 magna
1352 2231 1447 2272 pars
1470 2218 1664 2259 animad-

168 2274 413 2316 versionum
447 2276 491 2316 in
521 2278 647 2318 rebus
678 2277 860 2327 levibus,
893 2277 937 2317 in
970 2275 1149 2331 singulis
1179 2274 1320 2314 verbis
1349 2274 1660 2329 occupabatur,

166 2330 386 2386 multaque
406 2333 694 2375 afferebantur
714 2334 942 2390 ejusmodi,
959 2347 1056 2388 quae
1078 2346 1193 2373 nunc
1215 2331 1259 2371 in
1281 2329 1467 2386 vulgatis
1488 2331 1660 2375 Lexicis

163 2388 449 2442 reperiuntur,
470 2405 549 2431 nec
570 2391 783 2432 tironibus
806 2399 907 2432 sunt
927 2391 1092 2447 ignota.
1140 2389 1312 2438 Postea,
1334 2401 1433 2427 cum
1454 2388 1594 2443 major
1615 2390 1661 2431 in

162 2444 253 2484 dies
293 2445 368 2486 lux
410 2447 616 2503 affulgere
657 2449 866 2505 coepisset
906 2447 1030 2488 bonis
1069 2446 1218 2496 literis,
1254 2444 1551 2500 imprimisque
1594 2445 1660 2490 his

161 2502 318 2542 nostris
350 2505 632 2560 temporibus,
654 2520 753 2547 cum
785 2519 952 2546 summa
981 2503 1157 2560 ingenia
1184 2502 1228 2542 in
1262 2501 1344 2543 hoc
1378 2515 1535 2556 genere
1564 2502 1660 2544 illu-

162 2559 334 2600 strando
352 2561 640 2614 elaborarunt,
664 2563 856 2619 vulgaria
886 2561 1035 2611 multa,
1061 2559 1219 2609 facilia,
1238 2568 1281 2599 et
1312 2559 1524 2599 tironibus
1555 2569 1661 2602 nota

162 2625 276 2665 sunt,
297 2631 393 2670 quae
427 2619 718 2674 superioribus
748 2619 829 2660 illis
860 2617 1176 2660 renascentium
1208 2616 1426 2656 literarum
1451 2618 1660 2672 tempori·-

161 2671 239 2712 bus
263 2687 375 2714 nova
395 2684 438 2716 et
468 2677 651 2718 obscura
674 2677 773 2732 jure
807 2677 1086 2733 putabantur.
1148 2673 1299 2728 Itaque
1319 2682 1658 2716 consentaneum

158 2728 256 2780 fuit,
295 2730 421 2772 aliam
462 2733 810 2775 illustrandorum
853 2742 1079 2774 auctorum
1113 2731 1324 2772 rationem
1352 2730 1474 2770 inire.
1537 2730 1657 2772 Hinc

156 2787 298 2829 exorti
327 2798 440 2843 sunt,
463 2790 537 2846 qui
570 2791 686 2834 hunc
717 2791 800 2832 sibi
831 2790 1010 2833 modum
1042 2797 1296 2838 statuerent,
1318 2795 1367 2828 ut
1388 2801 1485 2841 quae
1509 2802 1553 2829 se
1583 2798 1658 2830 aut

886 2861 918 2888 B
