1985 3206
260 82 341 120 *196

264 181 297 211 in
315 181 526 210 libertatem:
552 179 638 218 quod
667 184 761 220 patet
787 190 805 210 e
830 179 923 211 Livio
945 181 992 211 iii.

264 227 318 255 44.
335 234 383 262 sq.
407 224 463 262 qui
487 223 577 253 loeus
596 228 646 253 est
670 223 838 254 classicus,
856 224 889 254 h.
912 223 933 255 l.
950 229 1000 255 est

265 269 351 305 ejus,
374 269 430 306 qui
460 267 608 297 vindicat
635 267 668 296 iu
695 266 897 298 libertatem.
935 268 1001 298 ¹1*in

265 311 389 342 Lexico
411 311 589 342 Nizoliano
605 321 644 340 ex
662 312 757 341 offic.
775 311 821 340 iii.
844 313 890 341 13.
908 312 1003 342 affor-

265 361 336 391 tur,
353 360 392 384 ut
409 354 457 384 illi
473 359 641 384 asserunt:
670 354 727 383 scd
745 364 809 384 non
827 357 877 384 est
895 364 1000 394 neque

268 399 303 428 in
321 399 414 428 bonis
441 398 534 428 codd.
557 408 665 437 neque
690 397 765 428 edd.
797 397 1001 428 efissorrich.

266 441 399 472 vindic.
416 452 447 481 p.
468 445 515 476 17.

308 486 463 516 Assertio.
490 485 591 515 Acad.
619 485 639 514 i.
671 487 719 515 12.
744 485 914 515 assertione
943 495 1001 524 ap-

267 529 418 569 probare.
464 529 528 558 Sed
556 529 711 559 Davisius
738 532 827 558 recte
852 529 1000 569 reposuit

267 582 454 603 assensione.

309 617 467 646 Assertio.
501 615 601 645 Tusc.
627 615 659 644 ii.
689 617 741 646 2²4.
765 619 838 645 toto
862 623 998 654 corpore

266 660 478 689 contentioni
502 659 590 688 vocis
614 660 783 689 asservire.
812 659 832 688 i.
866 669 895 688 e.
920 668 997 687 cum

266 714 345 733 vove
363 713 431 733 una
443 707 555 732 totum
574 712 692 742 eorpus
709 701 922 732 contendere.

310 748 458 777 Assessz'n.
476 746 517 775 ad
531 747 606 776 Div.
618 747 660 775 xi.
671 748 723 778 527.
737 745 932 775 Oblitumne
946 755 998 774 me

266 796 378 830 putas,
406 800 478 829 quie
502 796 563 820 tua
581 790 684 819 fuerit
707 790 847 826 asses-sio,
878 789 997 827 oratio,

266 835 488 864 continuatio.

305 879 467 908 Ass-evera.
492 877 519 907 V
523 877 623 906 errin.
655 877 687 906 ii.
706 879 752 906 10.
779 880 896 906 utrum
914 886 998 906 asse-

264 927 402 952 ver-atur
429 923 463 951 in
494 921 567 955 boe,
585 930 626 949 an
641 921 821 949 tentatur?
849 919 880 949 h.
904 930 932 950 e.
960 930 998 949 u-

263 970 356 995 trum
384 966 469 995 serio
494 964 557 993 ista
583 964 755 1000 dicuutur,
786 973 827 993 an
862 968 997 993 tantum

265 1009 404 1049 periculi
434 1007 575 1038 fxv-iens}
598 1017 710 1043 eausa,
731 1008 756 1037 si
780 1007 866 1036 forte
883 1007 998 1047 hujus—

265 1054 355 1083 modi
372 1052 600 1082 defensionem
617 1051 755 1091 probare
771 1051 898 1090 possit?

307 1097 480 1132 Assiduus,
495 1095 656 1134 locuples,
667 1096 750 1134 Top.
763 1096 793 1124 2.
808 1105 825 1124 e
841 1095 895 1124 xii.
906 1094 997 1124 tabl).

265 1142 394 1170 assiduo
406 1140 568 1168 vindicem
586 1139 752 1169 assiduum
770 1148 853 1173 esse,
877 1138 910 1167 id
933 1142 996 1175 est,

264 1184 467 1223 locupletem
482 1182 652 1222 locupleti.
674 1183 752 1221 quia
768 1192 813 1211 se.
831 1183 872 1211 sit
884 1182 923 1211 ab
934 1191 998 1211 {Fre

264 1228 387 1265 dando,
401 1234 438 1257 ut
451 1227 498 1256 ait
523 1225 664 1265 Quintil.
683 1237 711 1255 x.
731 1229 760 1256 5.
774 1225 814 1254 ci.
829 1225 913 1254 Gell.
930 1225 997 1254 viii.

265 1274 295 1301 8.
309 1272 371 1300 xvi.
391 1275 438 1301 10.
460 1270 522 1299 Sed
532 1270 602 1299 haec
616 1270 708 1299 notio
718 1269 805 1298 verbi
817 1274 934 1308 postea
942 1269 998 1298 ob-

264 1314 393 1344 solevit.
426 1314 652 1344 Ciceronianae
672 1313 822 1342 notiones
832 1312 883 1342 hae
895 1317 995 1342 sunt:

269 1361 294 1388 l.
309 1359 364 1397 qui
378 1362 540 1398 perpetuo
558 1358 590 1386 in
619 1357 690 1386 loco
704 1356 815 1395 aliquo
835 1360 998 1386 versatur.

265 1401 362 1432 Rose.
382 1403 456 1431 Am.
473 1405 503 1435 7.
521 1401 674 1430 assiduus
698 1401 731 1429 in
751 1399 881 1439 praediis
899 1404 997 1429 esset.

263 1446 342 1475 lbid.
361 1448 413 1479 29.
441 1445 563 1475 assidui
577 1449 674 1474 erant
691 1445 817 1474 Romae.
851 1443 928 1472 ibid.
949 1444 996 1473 16.

263 1490 319 1527 qui
336 1489 454 1519 liberos
471 1498 547 1518 suos
572 1488 714 1518 assiduos
739 1487 899 1526 agricolas
925 1496 996 1516 esse

262 1533 392 1563 volunt.
409 1533 441 1563 h.
465 1543 494 1562 e.
509 1542 641 1572 semper
657 1532 691 1561 in
709 1531 796 1570 agris
812 1541 894 1568 esse,
913 1535 946 1560 et
962 1531 996 1560 in

263 1577 417 1616 praedii53
454 1586 559 1615 neque
586 1576 677 1605 enim
696 1575 735 1605 de
753 1576 791 1604 iis
809 1585 917 1604 sermo
933 1580 996 1612 est,

263 1621 319 1659 qui
355 1621 479 1650 rustico
514 1629 625 1659 opere,
656 1619 794 1655 arando,
825 1618 995 1655 fodiendo,

262 1665 464 1703 funguntur,
481 1663 538 1693 sed
554 1663 593 1692 de
617 1662 760 1692 dominis
781 1661 994 1702 praediorum,

262 1717 404 1746 quorum
437 1707 615 1747 praesentia
645 1711 779 1736 tantum
815 1715 897 1745 opus
933 1711 995 1735 est.

263 1752 359 1781 Clare
379 1752 474 1782 Cato.
494 1751 542 1781 16.
573 1760 705 1789 semper
721 1750 797 1779 boni
814 1750 996 1788 assiduique

262 1795 390 1825 domini
420 1794 542 1825 referta
576 1793 659 1823 cella
689 1794 818 1823 vinaria
845 1794 904 1822 ἃς.
932 1799 994 1824 est.

261 1839 325 1868 Sed
351 1839 402 1868 his
432 1839 568 1868 assiduis
595 1837 748 1876 agricolis
779 1841 996 1876 opponuntur

260 1883 385 1914 assidui
400 1882 520 1912 urbani
537 1892 588 1921 ap.
607 1881 716 1910 Plaut.
733 1880 887 1910 Trinum.
903 1880 923 1910 i.
945 1883 993 1910 11.

260 1926 302 1955 cf.
327 1926 470 1956 Gronov.
499 1926 574 1955 Pee.
600 1925 675 1954 Vet.
700 1925 741 1954 iv.
759 1929 789 1958 9.
811 1924 919 1954 Pison.
941 1924 993 1955 26,

261 1970 295 2009 in
327 1970 388 1999 hac
415 1969 612 2008 quotidiana
641 1968 774 1998 assidua
801 1967 995 2007 urbanaque

259 2014 337 2044 vita.
385 2013 509 2043 Caecin.
535 2014 588 2042 253.
613 2011 803 2041 convocatis
820 2021 995 2052 opponun-

258 2061 317 2086 tur
331 2058 455 2087 assidui
472 2055 724 2094 domesticisque.
756 2055 844 2085 Hinc
861 2054 995 2094 elegan-

256 2105 309 2131 ter
325 2102 382 2131 Or.
394 2102 428 2130 ii.
441 2103 492 2134 39.
520 2100 640 2129 assidui
657 2099 817 2128 dicuntur
832 2098 994 2137 rhetores,

257 2150 293 2174 et
310 2145 500 2183 quicunque
516 2143 550 2172 in
568 2152 635 2173 una
659 2149 729 2172 arte
745 2149 908 2182 perpetuo
925 2152 996 2172 ver-

258 2194 388 2219 santur.
413 2188 463 2218 Ab
485 2187 546 2217 hac
563 2187 810 2225 significatione
828 2185 925 2215 fluxit
948 2185 995 2215 al-

258 2237 345 2268 tera,
363 2242 428 2270 qua
455 2229 487 2268 2)
516 2231 638 2260 assidui
665 2229 836 2267 dicuntur,
853 2229 912 2269 qui
936 2229 996 2259 ali-

260 2286 359 2315 quem
378 2276 499 2314 ubique
514 2278 700 2311 sectantur,
718 2277 948 2303 assectatores.
964 2283 994 2303 v,

259 2320 444 2351 assiduitas.
470 2318 512 2347 ad
539 2327 638 2356 quem
657 2317 794 2347 modum
824 2316 898 2347 Act.
916 2316 938 2346 i.
960 2317 995 2346 in

259 2363 353 2393 verr.
374 2365 422 2392 1⁶2.
447 2362 571 2391 dicitur
598 2361 749 2391 assiduus
765 2365 938 2390 accusator
961 2364 996 2390 et

259 2406 406 2442 odiosus,
431 2405 536 2444 qualis
555 2404 609 2434 ille
636 2409 687 2434 est
709 2414 761 2443 ap.
778 2403 995 2442 Xenophont.

260 2449 446 2482 Memorab.
470 2450 559 2478 Socr.
572 2449 606 2478 ii.
622 2452 653 2482 9.
671 2448 701 2479 6.
718 2447 745 2480 ὃς
761 2446 811 2477 οὐκ
827 2447 996 2479 ἀπηλλάτ-

256 2505 341 2531 τετο,
353 2492 401 2527 ἓως
416 2494 475 2522 Sco.
495 2493 589 2523 Ruso.
602 2493 704 2524 A.24.
722 2491 772 2521 hae
785 2496 864 2520 sunt
881 2491 993 2530 impiis

259 2538 398 2568 assidua>
420 2536 679 2574 domesticaeque
703 2534 822 2564 Furiae.
851 2532 883 2572 3)
913 2536 994 2564 assi-

259 2582 363 2612 duum
380 2580 515 2617 dicitur,
534 2579 622 2618 quod
638 2583 689 2608 est
706 2583 922 2618 perpetuum,
951 2578 994 2607 si-

258 2635 301 2654 ne
319 2624 576 2654 intermissione.
621 2622 693 2653 Att.
713 2622 781 2651 xiii.
804 2622 851 2651 16.
868 2621 995 2651 assidui

259 2668 392 2698 imbres.
410 2667 487 2697 ibid.
507 2669 555 2697 1⁶2.
573 2666 722 2696 assiduus
738 2674 865 2695 cursus.
884 2664 994 2695 Plane.

261 2716 290 2742 8.
309 2712 443 2742 assidua
458 2711 657 2749 frequentia.
673 2709 714 2738 ad
729 2709 804 2739 Div.
818 2709 897 2741 iv.7.
913 2710 994 2738 assi-

257 2756 330 2786 duoe
347 2755 504 2784 lam-imre.
521 2754 599 2784 ibid.
616 2764 647 2783 x.
666 2755 718 2784 21.
736 2751 897 2782 febricula
912 2753 994 2781 assi-

257 2799 337 2835 dua,
354 2809 430 2839 opp.
447 2798 701 2828 intermittenti.
717 2796 811 2826 Verr.
829 2796 850 2825 i.
869 2798 921 2829 39.
939 2805 993 2826 as-

256 2843 353 2876 sidua
369 2841 645 2872 commemoratio
663 2841 723 2870 «Sic,

301 2886 492 2918 Arsiduitas.
519 2889 547 2917 1.
564 2888 727 2925 perpetua
738 2882 936 2924 praesentia:
955 2886 994 2913 ut

744 89 890 119 INDEX
922 92 1217 121 LATlNlTArls.

1039 181 1078 210 de
1096 181 1264 211 advocatis
1292 175 1404 211 Plane.
1426 184 1474 211 ll.
1499 180 1588 211 Sext.
1605 185 1634 213 3.
1660 181 1773 213 Pirum«

1045 226 1097 258 27.
1121 224 1237 255 Valuit
1257 225 1466 257 ussaiwau,-
1493 234 1566 263 quae
1582 225 1652 255 κατ’
1672 223 1775 264 {zozim

1046 267 1181 303 dieitur,
1198 278 1273 298 cum
1293 269 1365 307 quis
1381 273 1542 308 perpetuo
1567 269 1682 299 Romae
1709 272 1774 304 est,

1046 311 1080 340 in
1102 312 1223 341 civium
1249 311 1366 348 oculis,
1391 312 1478 350 quod
1500 322 1540 342 ea
1555 322 1605 342 res
1623 312 1663 341 ad
1689 312 1775 351 peti..

1045 355 1152 384 tiones
1185 354 1337 394 prodesse
1363 359 1515 395 putatur,
1539 360 1573 385 et
1599 360 1775 395 propterea

1045 398 1134 428 inter
1149 398 1301 437 praesidia
1315 399 1516 438 petitionum
1534 407 1775 429 commemora-

1043 445 1111 471 tur.
1135 441 1228 471 Verr.
1251 442 1271 472 i.
1289 445 1341 476 39.
1370 447 1441 479 aut,
1458 442 1546 481 quod
1568 442 1772 472 levissimum

1043 489 1107 522 est,
1137 485 1474 524 assiduitate-gratis
1512 493 1634 525 praetor
1666 485 1776 515 factus

1042 532 1104 557 est.
1131 528 1264 559 Muren.
1281 534 1312 563 9.
1336 530 1677 569 assiduitatis—putat
1701 538 1771 558 esse

1042 571 1267 602 consulatum.
1307 572 1350 603 N.
1378 573 1420 602 l).
1453 573 1485 602 ii.
1511 576 1563 603 33.
1598 573 1774 602 assiduitas

1041 616 1256 653 quotidiana3
1281 616 1321 646 de
1344 616 1441 646 rebus
1466 615 1665 651 coelestibus,
1691 625 1773 653 quas

1041 659 1189 696 quotidie
1213 659 1373 690 videmus.
1395 659 1467 690 Att.
1483 660 1538 689 xii.
1556 663 1608 690 33.
1637 659 1774 689 assidui-

1041 705 1092 731 tas
1116 703 1246 734 medici.
1285 705 1315 734 2.
1340 703 1648 742 assectatio,neque
1664 702 1774 733 solum

1040 746 1246 783 tenuiorum,
1260 747 1428 776 sedetiam
1441 746 1661 776 salutatorum
1680 747 1772 786 prin·

1041 789 1164 828 cipum.
1209 791 1274 829 Qu.
1300 790 1352 820 Fr.
1378 791 1399 819 i.
1426 793 1457 820 3.
1492 789 1693 819 Hortensius
1717 800 1770 819 me

1040 842 1172 863 summa
1187 832 1400 863 simulatione
1423 834 1556 869 amoris,
1574 842 1772 871 summaque

1040 877 1230 907 assiduitate
1246 877 1441 916 quotidiana
1452 876 1706 906 sceleratissime
1723 875 1775 905 in-

1040 920 1319 959 sidiosissimeque
1337 921 1506 950 tractavit.
1544 919 1644 950 Petit.
1671 920 1770 950 Cons.

1044 967 1070 993 1.
1095 964 1291 1002 quotidiana
1325 964 1509 994 amicorum
1538 963 1711 993 assiduitas
1736 967 1771 992 et

1040 1007 1239 1046 frequentia.
1263 1011 1293 1038 3.
1317 1007 1536 1047 perpetuitas,
1563 1006 1774 1036 continuatio

1039 1051 1110 1080 sine
1138 1050 1326 1088 intervallo,
1351 1051 1550 1089 frequentia.
1580 1050 1677 1080 Rosc.
1695 1049 1770 1080 Am.

1041 1098 1092 1125 53.
1115 1095 1290 1125 assiduitas
1312 1094 1553 1124 molestiarum.
1577 1094 1641 1123 Off.
1664 1094 1698 1123 ii.
1715 1095 1769 1124 21.

1039 1139 1214 1168 assiduitas
1240 1137 1414 1168 bellorum.
1440 1137 1510 1167 InV.
1537 1138 1559 1167 i.
1582 1141 1613 1168 3.
1638 1137 1771 1167 dicendi

1039 1182 1224 1212 assiduitas.
1244 1182 1283 1212 ad
1300 1183 1374 1212 Div.
1388 1181 1452 1211 xvi.
1465 1183 1518 1211 225.
1543 1181 1717 1211 assiduitas
1733 1180 1773 1210 li-

1039 1230 1199 1256 terarum.
1218 1225 1259 1255 ad
1277 1226 1426 1255 Herenn.
1450 1225 1491 1254 iv.
1515 1228 1565 1255 13.
1588 1225 1769 1254 vitabimus

1040 1269 1135 1299 istius
1153 1269 1257 1299 literae
1272 1270 1409 1299 nimiam
1427 1269 1660 1299 assidu-itatem.

1084 1313 1274 1350 Assignare,
1292 1313 1382 1349 (lare,
1401 1313 1559 1342 tribuere.
1596 1311 1666 1341 Att.
1683 1322 1712 1341 x.
1735 1313 1769 1341 4.

1041 1356 1124 1385 nihil
1145 1357 1339 1395 assignabis,
1361 1366 1422 1385 nee
1439 1362 1572 1395 patruo,
1586 1365 1648 1385 nec
1671 1354 1768 1391 mihi,

1040 1410 1085 1429 sc.
1103 1400 1222 1440 culpae.
1245 1400 1398 1440 inprimis
1426 1406 1539 1429 autem
1568 1398 1714 1428 notanda
1730 1408 1770 1428 ea

1040 1443 1137 1479 ratio,
1155 1453 1232 1473 cum
1248 1444 1288 1473 de
1305 1444 1391 1483 agris
1406 1443 1605 1477 distributis,
1623 1442 1771 1472 muneri-

1039 1487 1112 1523 bus,
1130 1487 1311 1517 honoribus
1332 1487 1466 1516 dicitur.
1499 1487 1553 1516 Sic
1582 1487 1691 1515 Pison.
1716 1486 1769 1515 36.

1039 1531 1141 1569 quid?
1168 1541 1228 1570 per
1243 1535 1341 1561 tuum
1358 1530 1527 1560 servulum
1544 1529 1674 1559 ordines
1691 1530 1770 1559 assi-

1036 1575 1144 1613 gnati.
1170 1574 1336 1613 Chai-gen,
1353 1575 1387 1604 in
1404 1584 1437 1603 re
1458 1573 1606 1604 militari.
1629 1584 1658 1603 v.
1674 1572 1773 1603 Ordi-

1040 1628 1107 1647 nes.
1132 1618 1246 1648 Somn.
1272 1619 1324 1648 Se.
1351 1621 1381 1648 3.
1410 1627 1533 1647 munus
1562 1618 1771 1655 assignatum

1039 1661 1216 1701 defugisse.
1252 1661 1330 1701 Agr.
1352 1662 1398 1691 iii.
1413 1665 1443 1692 3.
1477 1664 1648 1699 assignare
1675 1669 1771 1699 agros

1039 1705 1175 1736 colonis.
1194 1706 1253 1735 &a
1277 1705 1342 1735 vid.
1358 1706 1544 1744 assignatio.

1082 1750 1278 1787 Ass-ignatio.
1296 1749 1338 1779 ad
1353 1749 1429 1780 Div.
1448 1749 1517 1778 xiii.
1532 1751 1562 1779 8.
1578 1747 1771 1786 assignatio-

1038 1803 1092 1823 nes
1108 1792 1265 1828 Sulhmae,
1283 1803 1329 1823 sc.
1350 1802 1518 1832 agrorum.
1545 1792 1771 1830 Distinguun-

1038 1841 1095 1868 tur
1110 1841 1224 1867 autem
1248 1836 1302 1866 hic
1325 1841 1360 1866 et
1382 1835 1455 1866 aliis
1478 1835 1558 1866 locis
1575 1845 1594 1865 a
1610 1835 1772 1867 venditio·

1038 1881 1148 1918 nibus,
1172 1884 1212 1910 ut
1239 1881 1408 1918 assignare
1434 1885 1468 1910 et
1490 1879 1633 1909 vendere
1663 1887 1770 1917 agros.

1037 1923 1116 1963 Agr.
1143 1924 1189 1954 iii.
1206 1926 1236 1954 3.
1276 1923 1318 1954 ad
1344 1924 1422 1954 Div.
1448 1924 1490 1953 xi.
1520 1925 1573 1953 (ΣΟ.
1597 1922 1653 1952 ubi
1680 1925 1770 1951 sorte

1038 1967 1200 1999 dicuntur
1215 1968 1285 2006 agri
1302 1966 1487 2006 legionibus
1513 1966 1690 2005 assignari.
1719 1974 1771 1995 as-

1037 2013 1177 2050 signatio
1199 2011 1238 2041 fit
1253 2021 1312 2050 per
1338 2010 1427 2048 leges
1451 2010 1619 2049 Agrarias,
1634 2008 1772 2039 coloniis

1038 2055 1262 2092 deducendi53
1287 2054 1435 2084 venditio
1461 2057 1576 2083 autem
1600 2053 1769 2082 auctione.

1082 2099 1208 2129 Assicio.
1218 2099 1275 2129 Or.
1293 2099 1326 2128 ii.
1341 2101 1392 2129 53.
1406 2107 1467 2127 nee
1479 2096 1691 2127 assiliendum
1703 2099 1772 2124 sta-

1037 2142 1101 2173 tim
1119 2147 1168 2172 est
1188 2142 1229 2171 ad
1245 2141 1327 2172 illud
1343 2151 1459 2180 genus.
1489 2141 1510 2171 i.
1528 2150 1557 2170 e.
1585 2149 1653 2170 non
1669 2139 1770 2169 nimis

1038 2186 1119 2223 cito,
1130 2189 1208 2215 ante
1225 2189 1373 2225 tempus,
1390 2184 1628 2214 accedendum.

1082 2229 1312 2260 Assimulatus.
1338 2228 1419 2259 Coel.
1446 2229 1477 2258 6.
1494 2229 1689 2258 assinmlata
1704 2227 1772 2258 vir-

1037 2277 1103 2304 tus.
1129 2272 1221 2303 Verr.
1239 2273 1272 2302 ii.
1290 2275 1343 2306 77.
1367 2271 1471 2302 literae
1499 2271 1676 2310 lituraeque
1700 2281 1771 2301 om·

1038 2326 1097 2346 nes
1113 2317 1516 2355 assimulatoe,expressae.
1562 2314 1697 2345 Cluent.
1720 2317 1769 2345 13.

1037 2361 1233 2390 assimulata
1249 2360 1474 2389 familiaritas.

1081 2404 1263 2434 Assumere.
1295 2403 1366 2433 Fin.
1397 2403 1442 2433 iii.
1474 2405 1504 2434 5.
1533 2411 1632 2432 sensu
1660 2401 1773 2431 Stoico

1038 2447 1162 2478 dicitur
1197 2447 1237 2477 de
1271 2445 1475 2488 προηγμένος.
1524 2445 1543 2464 ²*
1565 2446 1635 2475 Fin.
1665 2445 1686 2474 i.
1721 2448 1772 2476 10.

1038 2492 1146 2521 omnis
1173 2490 1326 2530 voluptas
1351 2490 1558 2526 assumenda,
1583 2489 1692 2519 omnis
1717 2488 1774 2518 do-

1038 2534 1087 2564 lor
1132 2533 1359 2574 depellendus.
1406 2535 1426 2554 *⁵
1453 2543 1645 2573 comparare
1684 2532 1770 2570 sibi;

1037 2583 1211 2616 tamquam
1254 2578 1289 2607 iu
1327 2576 1522 2607 subsidium.
1572 2577 1629 2607 Or.
1668 2576 1689 2605 i.
1721 2579 1774 2607 50.

1037 2623 1063 2651 si
1095 2623 1167 2661 quis
1196 2621 1296 2651 aliam
1327 2630 1457 2659 quoque
1488 2627 1594 2650 artem
1625 2619 1686 2649 sibi
1723 2630 1775 2650 as-

1035 2667 1200 2695 sumserit.
1239 2664 1316 2695 ibid.
1345 2667 1397 2697 37.
1429 2664 1492 2694 nisi
1517 2663 1649 2693 dicendi
1683 2664 1772 2702 copi-

1037 2719 1091 2738 am
1122 2710 1334 2745 assumsisset,
1375 2717 1420 2737 se.
1449 2714 1571 2748 praeter
1600 2708 1658 2746 jus
1695 2707 1774 2736 civi-

1036 2752 1077 2782 le.
1117 2753 1136 2770 ⁹⁸·
1152 2762 1305 2791 arrogare
1341 2751 1416 2788 sibi,
1454 2751 1634 2781 vindicare.
1676 2749 1774 2780 Offic.

1037 2796 1058 2825 i.
1094 2799 1120 2826 1.
1152 2797 1178 2825 si
1217 2795 1250 2826 id
1289 2794 1372 2825 mihi
1410 2805 1550 2831 assumo,
1589 2793 1702 2823 videor
1739 2792 1774 2823 id

1037 2849 1111 2869 meo
1139 2841 1216 2879 jure
1249 2838 1496 2878 quodammodo
1527 2837 1705 2868 vindicare.
1733 2836 1775 2866 ad

1035 2883 1111 2915 Div.
1128 2884 1150 2913 i.
1167 2887 1197 2919 9.
1215 2893 1323 2923 neque
1341 2882 1523 2922 quicquam
1539 2881 1623 2913 mihi
1646 2890 1775 2912 assum·
