1920 3196
665 93 819 126 mnnx
849 94 1145 124 ιΛτῐΝιΤΑτιε.
1570 82 1652 120 391

155 224 168 238 ·.
200 186 410 226 Pwtentmn,
440 185 529 217 unde
554 183 711 217 dicatur?
737 185 817 217 Nat.
842 184 886 217 D.

155 232 192 264 ni.
209 233 240 263 3.

200 275 364 312 Porticus,
391 272 575 304 ambulatio
605 273 769 304 columnis
809 279 879 303 sus-

159 328 262 359 pensa
275 319 362 348 circa
377 317 516 356 templa,
533 323 567 347 et
580 318 614 347 in
631 317 755 347 aedibus
774 316 881 356 priva-

157 362 202 392 tis
217 362 250 391 in
279 361 376 398 atrio,
405 360 565 400 impluvio
587 361 666 390 item
686 365 763 391 ante
780 359 879 396 aedeS,

159 414 225 444 qua
240 415 258 434 a
274 404 407 444 pluviis,
432 407 466 434 et
481 404 559 435 solis
584 404 698 434 ardore
725 403 880 433 defende-

156 453 285 478 rentur.
309 448 402 478 Verr.
420 448 462 477 iv.
479 450 532 478 40.
557 449 736 487 Sopatrum
753 446 792 476 de
804 457 881 486 por-

157 493 225 521 ticu
238 491 271 520 in
293 501 358 530 qua
373 491 508 521 sedebat
525 491 585 521 διο.
604 491 645 520 cf.
659 491 700 531 Ω.
716 490 767 521 Fr.
784 491 831 521 iii.
852 492 879 520 1.

154 544 184 565 c.
206 538 232 565 l.
248 535 348 565 Doni.
365 537 417 565 44.

201 576 392 616 Portitor-es,
404 580 483 608 sunt
489 587 597 618 operae
609 577 879 618 publicanorum,

155 621 213 661 qui
224 623 369 661 portoria
394 621 616 659 redemerant,
633 630 706 660 quae
723 621 757 651 in
779 623 881 659 portu

154 664 329 703 cedebant,
346 674 472 695 merces
488 665 716 702 excutiebant,
731 667 765 694 et
774 667 880 703 porto-

155 710 244 739 rium
258 709 446 748 exigebant.
505 708 545 738 In
559 718 625 747 quo
642 718 718 738 cum
735 707 879 746 iniquius

158 758 194 782 et
218 753 367 782 acerbius
391 756 616 790 versarentur,
641 752 795 782 omnibus
822 750 881 779 ho-

157 796 303 827 minibus
320 795 416 826 invisi
431 800 541 834 erant,
558 800 598 826 ut
623 796 725 825 etiam
748 804 765 824 e
789 794 881 824 libris

153 839 255 869 sacris
273 843 414 869 constat.
459 839 547 870 Nam
564 839 620 878 qui
637 839 680 869 ibi
693 847 883 868 memoran-

153 888 212 913 tur
238 882 370 918 τιλὸναι,
387 886 466 913 sunt
486 885 669 923 portitores,
688 891 795 922 operte
820 891 882 921 pu·

157 926 380 962 blicanorum,
404 935 470 956 non
494 926 674 967 publicani.
698 935 728 956 ν.
753 925 831 964 Agr.
848 924 882 954 ii.

154 972 208 1001 913.
249 970 302 999 ubi
347 970 523 1000 Turnebus
566 969 652 1000 male
688 969 883 1008 publicanos

158 1014 411 1053 interpretatur,
437 1014 494 1051 qui
518 1013 549 1042 ei
573 1022 664 1043 error
689 1022 765 1042 eum
795 1011 882 1042 mul-

154 1057 200 1086 tis
245 1057 432 1086 communis
479 1061 543 1092 est,
581 1063 615 1086 et
653 1056 694 1086 ab
741 1056 882 1086 Asconio

157 1100 308 1130 haustus.
324 1100 436 1130 Vatin.
453 1103 482 1131 5.
509 1099 549 1129 ad
572 1100 613 1139 Q.
632 1100 683 1130 Fr.
701 1100 723 1129 i.
744 1102 771 1130 1.
785 1110 814 1128 c.
832 1101 880 1128 11.

155 1144 221 1174 Off.
254 1144 274 1173 i.
305 1145 357 1173 42.
390 1143 454 1173 vid.
489 1143 674 1173 Casaubon.
707 1142 748 1173 ad
774 1142 884 1172 Theo-

155 1187 282 1227 phrast.
300 1197 327 1216 c.
345 1187 375 1217 6.
402 1186 585 1217 Burmann.
607 1186 646 1216 de
661 1185 824 1225 Vectigal.
847 1196 880 1226 p.

159 1234 230 1262 140.

200 1274 402 1310 Portorium‚
429 1273 584 1313 vectigal,
609 1273 697 1313 quod
722 1275 756 1304 in
782 1277 882 1314 portu

157 1327 216 1358 pro
244 1317 407 1347 mercibus
435 1317 583 1348 solvitur.
608 1317 702 1348 Font.
728 1321 758 1348 5.
777 1322 883 1358 porto-

152 1363 243 1391 rium
260 1361 338 1390 vini.
362 1360 492 1390 verrin.
510 1362 544 1392 ii.
570 1364 622 1396 75.
643 1362 779 1402 portoriz‘
795 1362 881 1391 vice-

156 1405 264 1435 sima:
297 1404 330 1434 h.
355 1414 382 1434 e.
403 1404 560 1435 vicesima
584 1406 759 1443 mercium,
779 1414 880 1444 quam

150 1449 289 1489 portoriz'
330 1447 402 1477 loeo
442 1448 623 1479 solvebant.
667 1448 738 1479 Inv.
769 1449 790 1479 i.
827 1452 880 1478 30.

150 1493 333 1533 portorium
344 1490 464 1521 locare.
477 1492 519 1521 cf.
536 1493 606 1523 Att.
622 1492 656 1522 ii.
677 1493 724 1522 16.
750 1492 815 1522 Pis.
828 1492 882 1523 36.

159 1536 218 1565 &c.
250 1535 289 1565 de
310 1536 449 1575 portorio
481 1536 632 1566 omnium
658 1536 784 1576 optime
812 1536 882 1575 egit

158 1579 345 1612 Burmann.
364 1578 384 1607 l.
403 1588 430 1608 c.
448 1589 475 1608 c.
490 1582 519 1609 5.

201 1622 389 1652 Formosus.
413 1622 454 1651 ad
478 1623 553 1653 Div.
579 1624 621 1652 vi.
639 1625 691 1654 c20.
715 1622 884 1661 navigatio

151 1671 303 1707 portuosa
318 1679 326 1694 :
351 1665 383 1695 h.
400 1676 429 1696 e.
446 1667 479 1695 in
497 1676 562 1705 qua
578 1666 676 1696 multi
694 1672 808 1706 portus
826 1676 883 1705 pa.-

156 1715 244 1739 tent.
268 1709 362 1739 Orat.
376 1709 422 1738 iii.
443 1712 492 1742 l9.
516 1720 605 1740 mare
614 1715 815 1751 portuosum,
833 1714 885 1740 cst

157 1753 319 1795 portubus
335 1752 500 1791 frequens.

202 1796 337 1826 Portus.
361 1796 484 1825 Caecin.
502 1799 553 1826 34.
572 1801 686 1836 portus
714 1796 883 1836 supplicii,

157 1848 297 1869 vocatur
329 1839 496 1877 exsilium,
539 1841 625 1878 quod
653 1840 687 1870 in
729 1840 882 1870 exsilium

159 1883 308 1913 damnati
326 1887 421 1920 eunt,
438 1887 475 1912 ut
487 1883 687 1922 supplicium
704 1884 846 1923 fugiant.

203 1926 351 1963 Poscere,
377 1936 564 1965 provocare.
586 1928 680 1957 Verr.
704 1928 725 1958 i.
742 1929 794 1958 2⁷6.
813 1937 886 1966 pos-

158 1980 229 2001 cere
246 1970 424 2008 majoribus
442 1970 580 2009 poculis.
597 1981 625 1999 v.
643 1971 761 2000 Ascon.
786 1970 882 2001 Rosc.

159 2014 271 2044 Amer.
304 2017 334 2043 5.
359 2023 439 2052 quos
462 2014 601 2053 populus
620 2016 739 2053 poscit.-
764 2015 826 2044 int.
843 2014 883 2043 ad

159 2056 382 2097 supplicium:
408 2056 548 2087 ductum
574 2067 591 2087 e
612 2058 701 2094 ‚ludis
722 2057 884 2097 gladiato-

157 2101 228 2137 riiS,
245 2101 278 2129 in
295 2100 413 2139 quibus
436 2101 577 2140 populus
601 2101 770 2131 interdum
792 2101 884 2140 flagi-

160 2148 233 2173 tare
249 2142 444 2182 gladiatores
462 2148 557 2174 notos
582 2145 621 2174 ab
646 2145 772 2175 editore
791 2138 885 2174 ludo-

161 2197 237 2217 rum
254 2186 391 2217 solebat.
407 2197 437 2216 V.
460 2187 597 2218 Suctou.
623 2188 708 2227 Aug.
735 2191 788 2219 44.
812 2188 883 2218 haec

162 2230 383 2269 gladiatorum
397 2231 488 2269 paria
502 2231 715 2271 postulaticia
726 2232 886 2262 dicuntur

160 2283 181 2304 a
197 2275 322 2303 Seneca
337 2284 389 2313 ep.
406 2277 435 2307 7.
459 2279 492 2304 et
512 2280 728 2315 opponuntur
752 2275 885 2304 ordina-

160 2317 228 2348 riis.
252 2316 397 2347 Verbum
425 2318 591 2357 postulare
617 2329 704 2358 saepe
730 2319 776 2348 sic
802 2318 885 2348 dici-

159 2366 227 2391 tur.
245 2360 309 2390 vid.
325 2371 355 2390 v.
372 2371 400 2390 c,
418 2363 509 2391 Suet.
529 2361 632 2401 Calig.
650 2365 703 2393 30.

206 2403 314 2434 Posse.
331 2404 415 2433 bene
432 2405 551 2434 valere.
574 2405 674 2436 Tusc.
691 2406 725 2436 ii.
745 2408 794 2440 19.
813 2415 884 2445 pos-

160 2451 236 2478 sunt
252 2447 353 2485 oculi,
365 2453 465 2487 potest
489 2453 602 2489 caput,
613 2449 731 2487 latera,
755 2449 885 2489 pulmo-

163 2499 234 2527 nes,
245 2496 377 2530 possunt
392 2492 515 2521 omnia.

208 2534 362 2564 Possessio
378 2534 417 2564 de
435 2537 535 2574 agris,
548 2535 689 2576 praediis.
706 2536 778 2567 Att.
793 2534 836 2566 vi.
856 2538 887 2566 l.

158 2577 225 2608 iter
239 2577 300 2607 feci
314 2588 372 2617 per
387 2579 457 2617 ejus
468 2581 701 2618 possessionem.

206 2620 381 2651 Possessor.
405 2621 482 2661 Agr.
500 2623 520 2652 i.
549 2627 579 2654 5.
603 2623 737 2653 invidia>
754 2626 813 2653 aut
829 2632 885 2662 pe-

160 2663 318 2694 stilentiae
352 2675 536 2704 possessores
549 2679 557 2695 .-
596 2666 629 2696 h.
659 2677 688 2698 e.
729 2676 885 2705 agrorum

160 2706 406 2747 pestilentium,
423 2712 456 2739 et
483 2709 639 2740 invidiam
659 2710 886 2750 possessoribus

161 2750 385 2781 afferentium.

208 2793 387 2825 Pars-idere.
398 2796 565 2826 vindicare
577 2797 637 2827 sibi
650 2801 689 2827 ut
698 2806 806 2827 suum.
818 2796 886 2826 He-

162 2846 234 2885 ren.
257 2838 277 2867 i.
309 2841 356 2869 ll.
380 2849 409 2869 v,
427 2844 497 2870 not.
525 2840 566 2870 ad
579 2840 685 2871 Tacit.
708 2841 817 2880 Agric.
838 2844 886 2871 13.

164 2884 247 2912 item
264 2891 439 2924 occupare,
453 2883 548 2917 Verr.
566 2883 613 2916 iii.
627 2884 681 2917 68.
699 2885 779 2925 Agr.
793 2885 816 2915 i.
830 2886 862 2916 9.

966 183 1056 215 Post.
1078 183 1208 214 Veri-in.
1226 181 1246 213 i.
1263 185 1294 216 7.
1315 186 1387 223 post
1408 180 1500 211 hune
1524 181 1654 209 statum

924 228 1064 269 reipubl.
1079 227 1112 258 h.
1127 237 1157 257 e.
1177 236 1196 256 a
1209 236 1274 265 quo
1285 228 1437 266 tempore
1454 224 1507 255 hic
1522 228 1573 253 est
1588 225 1655 253 sta-

923 277 978 302 tus
994 272 1076 311 reip.

968 315 1158 346 Posteritas.
1192 312 1233 342 de
1259 317 1412 352 tempore
1434 311 1561 342 futuro.
1587 309 1649 339 Ca-

920 358 972 388 til.
989 359 1010 389 i.
1026 363 1057 393 9.
1081 358 1114 387 in
1143 366 1287 397 praesens
1315 355 1529 395 tempus—in
1547 357 1654 393 posto:

922 412 953 432 rt
957 406 1054 432 talem
1060 424 1066 430 .

966 444 1261 476 Postmeridianas.
1286 443 1344 473 Or.
1370 444 1423 474 47.
1451 439 1650 479 pomeridia—

922 499 983 520 nas
998 488 1187 528 quadrigas,
1208 497 1308 525 quarn
1320 484 1594 525 postmeridianas
1611 481 1650 511 li‹

923 533 1054 563 bentius
1071 531 1221 561 dixerim.
1250 529 1349 569 Apud
1363 533 1492 558 veteres
1507 536 1594 566 saepe
1611 525 1651 556 fit·

922 576 1050 606 mentio
1062 574 1306 605 matutinorum
1320 578 1353 602 et
1367 571 1626 601 meridianorum
1638 580 1648 608 ;

923 620 978 659 qui
1005 623 1085 650 sunt
1111 617 1310 657 gladiatores
1336 615 1415 645 dicti
1440 625 1460 644 a
1482 618 1648 653 tempore,

922 673 988 702 quo
1003 662 1198 692 edebantur.
1222 660 1274 690 Illi
1300 659 1458 689 dicuntur
1472 657 1575 687 etiam
1592 656 1647 686 be-

921 707 1026 736 stiarii
1044 715 1097 745 ap.
1124 704 1262 734 Sueton.
1279 702 1396 733 Claud.
1413 703 1465 731 34.
1490 700 1531 731 ad
1547 709 1647 739 quem

922 749 1032 780 locum
1050 760 1079 779 v.
1094 749 1250 779 Torrent.
1277 752 1313 776 et
1338 747 1427 785 Lips.
1451 744 1584 774 Saturn.
1611 743 1646 773 ii.

926 797 975 825 15.
1001 794 1057 832 qui
1092 792 1131 822 de
1172 796 1315 829 utroque
1353 798 1473 828 genere
1515 786 1647 816 erudite

922 843 1038 876 agunt.
1055 835 1241 867 Dabantur
1255 838 1368 864 autem
1392 830 1580 867 meridiani,
1596 834 1649 866 ut,

922 879 1204 920 quemadmodum
1222 878 1348 907 Seneca
1363 876 1384 906 l.
1397 886 1427 905 c.
1443 875 1503 912 ait,
1524 872 1611 903 oculi
1629 883 1650 903 a

922 923 1048 955 crudeli
1064 921 1255 963 spectaculo
1272 920 1518 956 matutinorum
1533 918 1650 947 refice-

923 972 1051 999 rentur.
1075 967 1185 1005 Atque
1206 964 1346 994 eandem
1363 964 1403 993 ob
1421 971 1556 992 causam
1572 966 1649 1001 post

921 1011 1134 1052 gladiatores,
1151 1013 1301 1049 tempore
1322 1005 1564 1048 pomeridian0‚
1590 1004 1648 1035 da-

911 1056 1045 1086 bantur
1053 1053 1221 1084 interdum
1233 1049 1494 1086 Circensesludi,
1504 1056 1648 1088 quorum

922 1103 1003 1130 sunt
1027 1097 1206 1138 quadrigae.
1230 1095 1347 1134 Itaque
1362 1093 1542 1132 Aug-nstin.
1559 1092 1648 1122 Con-

923 1143 999 1173 fess.
1018 1143 1041 1172 l.
1069 1142 1136 1171 viii.
1161 1140 1331 1171 Circenses
1355 1138 1478 1168 diserte
1503 1134 1652 1176 appellat

923 1185 1155 1226 spectaculum
1171 1183 1437 1224 pomeridianum
1453 1191 1463 1219 3
1487 1188 1587 1219 quem
1600 1178 1647 1208 lo-

923 1240 1001 1260 cum
1018 1229 1120 1259 debeo
1135 1228 1324 1265 Torrentio,
1342 1225 1398 1265 qui
1413 1233 1490 1255 eum
1508 1223 1529 1253 1.
1553 1233 1582 1252 c.
1599 1225 1650 1252 at-

921 1273 1014 1304 tulit.
1029 1273 1107 1303 binc
1124 1272 1294 1302 Ciceronis
1314 1268 1491 1310 quadrigas
1506 1266 1650 1307 pomeri·

923 1317 1038 1348 dianas
1054 1315 1216 1355 intellige.

967 1360 1144 1398 Posterior,
1167 1357 1358 1398 improbior.
1381 1356 1476 1386 Prov.
1504 1353 1602 1385 Cons.
1617 1356 1650 1384 4.

923 1405 970 1435 sic
984 1404 1121 1434 fortuna
1133 1412 1209 1432 cum
1218 1400 1432 1441 improbitate
1445 1398 1598 1434 certavit,
1611 1400 1651 1427 ut

925 1458 1024 1478 nemo
1038 1451 1160 1488 posset,
1177 1450 1293 1476 utrum
1313 1444 1482 1485 posterior,
1507 1451 1549 1471 an
1566 1440 1651 1471 infe-

924 1492 1020 1522 licior
1035 1495 1134 1528 esset,
1145 1489 1308 1529 judicare.
1321 1488 1391 1518 Viri
1407 1486 1495 1516 docti
1510 1484 1652 1515 laudant

927 1535 969 1566 ad
985 1535 1018 1565 h.
1037 1533 1218 1564 1.Turueb.
1243 1532 1378 1562 Advers.
1395 1540 1448 1560 xx.
1467 1533 1498 1564 9.
1520 1529 1583 1559 Pis.
1597 1529 1650 1562 27.

924 1578 1010 1609 nihil
1032 1579 1151 1609 scitote
1178 1586 1247 1606 esse
1273 1574 1487 1610 luxuriosius,
1506 1571 1589 1602 nihil
1612 1571 1652 1601 li-

925 1622 1121 1658 bidinosius,
1144 1619 1228 1650 nihil
1246 1619 1418 1659 posterius,
1435 1616 1520 1647 nihil
1535 1615 1653 1654 nequi-

927 1675 975 1696 us.
1022 1666 1074 1696 Sic
1104 1665 1202 1695 Rosa
1229 1663 1268 1694 A.
1291 1665 1345 1697 47.
1362 1661 1518 1703 postremi
1544 1659 1652 1690 homi-

924 1719 994 1740 nes.

969 1753 1226 1789 Posile'minium,
1243 1747 1385 1782 ἱπόνοῖας.
1398 1746 1553 1783 reversio,
1570 1745 1655 1775 redi-

925 1801 992 1828 tus.
1026 1796 1143 1835 Topic.
1175 1798 1206 1826 8.
1242 1803 1315 1833 quae
1342 1803 1362 1822 a
1389 1791 1483 1822 nobis
1507 1790 1653 1820 alienata.

928 1844 1021 1878 sunt,
1039 1849 1117 1869 cum
1145 1839 1186 1868 ad
1209 1837 1340 1867 hostem
1366 1834 1591 1876 pervenerint,
1618 1838 1654 1862 et

927 1895 968 1914 ex
994 1894 1053 1913 suo
1079 1888 1250 1921 tamquam
1268 1880 1383 1910 limine
1406 1878 1560 1914 exierint,
1577 1886 1660 1906 cum·

927 1927 1088 1958 redierint
1103 1926 1144 1955 ad
1159 1925 1246 1955 idem
1267 1924 1383 1961 limen,
1394 1921 1591 1962 postliminio
1605 1919 1655 1949 di—

927 1976 1053 2001 cuntur
1068 1969 1185 1999 redire.
1230 1967 1293 1997 Sed
1308 1971 1399 1996 totus
1416 1965 1472 1996 ille
1489 1965 1596 2001 locus,
1619 1967 1655 1994 et

928 2015 970 2044 ibi
1002 2013 1162 2044 Boethius
1193 2010 1364 2051 legendus.
1398 2009 1438 2040 cf.
1462 2009 1519 2039 Or.
1547 2008 1568 2037 i.
1599 2009 1653 2037 40.

927 2057 1021 2088 Ball).
1053 2060 1101 2087 ll.
1120 2056 1316 2095 postliminio
1342 2053 1415 2083 fieri
1439 2055 1550 2092 potest
1573 2050 1653 2080 civi-

927 2102 1007 2131 tatis
1024 2100 1178 2131 mutatio.
1194 2099 1273 2129 ibid.
1295 2100 1342 2129 12.
1367 2097 1431 2127 civi
1447 2096 1598 2127 Romano
1614 2093 1655 2123 li-

929 2152 981 2175 cet
1001 2154 1072 2174 csse
1101 2143 1319 2179 Gaditanum,
1345 2141 1411 2171 sive
1437 2139 1565 2175 exsilio,
1589 2138 1656 2167 sive

922 2189 1118 2229 postliminio
1134 2187 1194 2216 ἃς.
1221 2186 1254 2216 h.
1269 2195 1299 2214 c.
1327 2185 1354 2215 si
1382 2183 1518 2214 redierit
1534 2181 1656 2217 Gades,

930 2233 986 2262 nbi
1002 2235 1079 2261 ante
1096 2231 1174 2260 civis
1190 2229 1312 2265 fuerat,
1329 2237 1430 2267 quam
1443 2227 1521 2257 civis
1533 2225 1656 2255 Rom-a-

929 2286 990 2305 nus
1006 2275 1116 2305 factus
1132 2278 1217 2310 erat,
1231 2278 1267 2303 et
1281 2272 1351 2311 ejus
1367 2270 1511 2301 civitatis
1531 2269 1588 2306 jus
1604 2277 1656 2298 re-

929 2319 1023 2359 cipit,
1050 2319 1185 2348 civitate
1202 2317 1299 2347 Rom.
1315 2319 1454 2354 accepta
1479 2313 1652 2343 amissum.

927 2364 984 2393 ubi
1001 2373 1030 2392 v.
1047 2362 1155 2392 Graev.
1177 2366 1212 2390 et
1227 2359 1329 2390 Salui.
1355 2358 1397 2388 ad
1416 2357 1450 2387 .J.
1467 2356 1538 2387 Att.
1555 2366 1583 2385 c.
1601 2355 1655 2386 26.

928 2416 1027 2446 quem
1045 2405 1150 2435 Graev.
1176 2403 1302 2434 laudat.
1322 2402 1404 2432 Intt.
1421 2400 1461 2431 ad
1479 2400 1550 2430 Caii
1571 2399 1604 2430 J.
1631 2398 1656 2430 i.

931 2450 962 2481 6.
976 2452 1006 2481 2.
1030 2449 1165 2487 Menag.
1181 2447 1256 2478 Am.
1272 2446 1304 2476 J.
1323 2446 1359 2475 C.
1377 2448 1428 2479 39.

973 2492 1160 2529 Postulat-e,
1177 2500 1264 2531 saepe
1291 2490 1415 2519 dicitur
1430 2496 1530 2517 sensu
1544 2485 1655 2515 soren-

930 2537 971 2574 si,
983 2537 1017 2566 in
1033 2546 1099 2575 quo
1115 2536 1245 2575 proprie
1255 2538 1317 2571 est,
1332 2534 1366 2563 in
1381 2531 1488 2561 causis
1504 2529 1654 2570 privatis,

931 2580 1111 2610 Praetorem
1141 2588 1270 2617 rogare,
1295 2581 1335 2607 ut
1360 2576 1458 2605 liceat
1486 2573 1655 2603 actionem

931 2624 1031 2653 alicui
1044 2622 1218 2653 intendere
1236 2633 1242 2651 z
1270 2621 1304 2651 in
1316 2619 1424 2649 causis
1439 2616 1581 2657 publicis
1598 2625 1657 2645 au-

931 2671 1014 2704 tem,
1044 2671 1084 2696 ut
1114 2665 1213 2696 liceat
1240 2673 1363 2695 nomen
1392 2661 1539 2698 deferre3
1565 2659 1654 2689 unde

931 2721 990 2750 per
1006 2709 1246 2750 metonymiam
1262 2705 1490 2738 antecedentis
1507 2713 1565 2745 pro
1578 2712 1657 2732 con-

932 2758 1107 2792 sequente,
1128 2762 1187 2792 pro
1202 2760 1359 2782 accusare
1374 2748 1510 2779 dicitur.
1534 2747 1655 2777 Exem-

932 2797 988 2838 pla
1007 2796 1078 2827 haec
1111 2799 1224 2833 sunto,
1247 2799 1282 2825 et
1308 2792 1440 2833 quidem
1468 2789 1659 2832 posterioris

935 2841 1087 2879 generis:
1113 2849 1190 2869 nam
1206 2837 1323 2879 prioris
1350 2835 1480 2867 nullum
1507 2831 1659 2864 animad-

930 2884 1026 2914 verti.
1043 2883 1084 2923 Ω.
1099 2883 1151 2916 Fr.
1163 2883 1209 2917 iii.
1222 2886 1250 2915 1.
1260 2891 1288 2913 c.
1302 2885 1332 2916 5.
1344 2879 1522 2914 Gabinium
1535 2882 1602 2910 tres
1613 2874 1661 2911 f·-

953 2936 981 2957 ‹c
997 2936 1019 2957 c
1042 2929 1064 2959 4
