1920 3196
219 110 302 150 ³58

746 123 892 155 INDEX
915 124 1047 154 LA'rtN
1056 126 1211 154 rmus.

269 207 491 247 Mustaeenm,
522 218 628 249 genus
661 209 841 251 placentae,
868 213 956 252 quod
1001 213 1064 244 hac
1097 223 1131 243 re
1156 213 1382 254 disputantem
1408 214 1544 245 exercit,
1571 214 1644 244 adv.
1666 213 1731 245 Ba-

228 251 325 291 quzile
342 252 456 289 suerit,
474 253 556 283 Catu
581 258 621 283 de
649 263 682 284 re
710 256 835 285 rustica
861 267 959 296 expo-
1003 267 1074 287 ron.
1093 257 1156 286 xvi.
1173 260 1226 287 43.
1250 257 1267 274 *⁸
1282 257 1393 287 Roinae
1407 260 1563 298 mysteria
1574 258 1730 288 diceban-

227 296 307 325 suit.
325 306 354 324 v.
374 295 452 325 Lex.
478 296 571 326 fabr.
595 298 635 327 ab
661 297 722 328 hoc
750 300 959 337 proverbium
1003 308 1060 330 tur
1079 310 1172 330 sacra
1204 300 1303 331 Bonae
1335 301 1426 331 Deae.
1451 302 1521 332 Att.
1544 312 1574 331 v.
1601 303 1654 333 21.
1678 310 1730 331 xv.

230 338 302 369 Att.
319 350 349 368 v.
367 342 419 370 90.
443 339 624 370 laureolam
643 342 676 371 in
695 346 855 373 mustaceo
870 353 960 382 quae-
1003 346 1057 375 25.
1082 353 1112 374 v·
1129 345 1272 374 Gronov.
1295 344 1374 375 Obs.
1392 346 1435 376 iv.
1450 350 1482 380 9.

230 392 317 412 rere.

276 425 451 457 Museosus.
466 427 507 466 Ω.
525 427 575 457 Fr.
592 427 637 457 iii.
659 431 686 458 1.
704 431 776 460 02.
789 427 971 473 drohn-„3521

236 469 319 499 nihil
336 470 449 506 alsius,
468 470 550 500 nihil
577 474 767 503 muscosius:
800 483 864 503 nou
886 483 964 512 qum

233 522 383 543 muscum
417 513 573 549 habebat,
593 517 649 543 sed
681 517 760 554 quia
789 526 896 555 aequc,
925 526 963 545 ae

235 566 364 588 metiscus
393 557 427 586 in
459 557 604 588 humidis
636 557 728 596 locis,
764 560 963 590 delectabat.

234 599 423 631 Manutius.

278 644 497 674 Matabtlztas.
520 644 619 674 Tusc.
638 645 680 674 iv.
694 648 747 677 34.
771 646 964 677 inconstan-

233 687 283 717 tia
299 688 561 727 mutabilitasque
575 689 709 718 mentis.

279 730 425 768 Mutari,
450 731 490 761 de
524 732 596 761 cibo
629 732 785 762 consecto
816 734 850 762 111
880 732 964 762 alvo.

235 773 314 805 Nat.
338 776 377 804 }›.
396 776 429 804 ii.
448 778 498 804 54.
522 775 568 804 sic
589 775 696 806 Graeci
715 777 833 806 dicunt
852 777 963 806 einum

237 818 501 857 μεταέάλλεσὸαι.

280 861 433 892 Miaatin.
453 872 510 901 pro
522 863 768 901 permutatione
785 866 845 893 est.
862 863 926 893 Off.
944 864 965 893 i.

240 908 272 939 7.
298 906 335 935 it.
360 906 417 936 Or.
449 906 494 935 iii.
523 909 575 936 38.
611 906 667 936 ubi
693 912 806 936 tamen
837 908 966 937 variant

235 948 323 978 libri.

279 993 443 1023 lllutatus.
469 992 585 1022 Partit.
613 996 643 1026 7.
679 998 808 1023 mutata
836 994 963 1023 oratio:

239 1036 355 1066 eadem
374 1042 436 1073 est,
454 1046 526 1074 quae
544 1046 711 1066 conversa.
730 1047 758 1066 v.
779 1047 966 1067 comersus.

238 1089 288 1112 co*
319 1087 473 1110 mutatio.

280 1123 460 1159 Matwsio,
485 1132 630 1153 versura.
661 1123 761 1154 Tusc.
778 1124 799 1154 i.
819 1126 870 1154 4‘2.
895 1124 966 1153 sine

235 1169 438 1197 minutatione
451 1167 637 1196 dissolvere.
651 1168 708 1197 Or.
724 1169 770 1198 iii.
789 1171 841 1198 33.
860 1176 966 1197 trans-

235 1210 377 1241 lationes
395 1211 570 1240 verborum
588 1217 665 1240 sunt
683 1212 776 1249 quasi
794 1213 967 1241 mutualz'o-

237 1263 303 1284 nes.

282 1298 408 1328 Mutus.
434 1296 503 1326 Att.
521 1298 588 1327 viii.
612 1300 658 1328 14.
685 1304 819 1339 tempus
835 1303 967 1329 <mutum

239 1340 391 1371 aliteris.
414 1340 471 1370 Or.
489 1341 534 1371 iii.
565 1345 593 1375 7.
621 1348 708 1372 artes
735 1343 827 1381 quasi
856 1348 967 1379 multe,

237 1390 317 1415 sunt
347 1385 500 1423 pictoria,
518 1386 692 1422 statuaria,
718 1392 753 1415 et
779 1385 916 1424 similes,
934 1387 967 1416 in

239 1428 359 1468 quibus
389 1428 500 1458 nullus
518 1430 606 1458 vocis
633 1440 724 1466 usus,
752 1440 825 1468 quae
852 1430 968 1470 adspe-

237 1475 330 1501 ctum
348 1472 457 1511 po›ius
482 1482 580 1511 quam
609 1473 762 1503 auditum
787 1473 966 1504 delectant.

238 1513 436 1556 Explieabat
454 1515 531 1551 hinc
558 1526 623 1546 non
642 1527 739 1546 nemo
757 1524 843 1547 artes
861 1522 968 1548 mutas

238 1559 327 1599 apud
354 1558 547 1597 Virgilium,
566 1561 622 1598 qui
653 1561 700 1590 sic
723 1566 830 1590 artem
863 1562 967 1591 medi-

238 1612 312 1633 cam
344 1602 517 1641 appellat?
546 1604 609 1633 Sed
640 1611 836 1634 contextum
861 1606 968 1635 consi-

238 1646 370 1676 deranti
400 1646 495 1676 facile
519 1648 706 1686 apparebit,
739 1654 847 1678 musas
880 1653 966 1679 artes

238 1699 309 1720 esse
324 1690 367 1719 ibi
385 1689 560 1729 ignobiles,
578 1701 650 1729 quae
675 1701 741 1721 non
769 1698 900 1722 tantam
920 1693 967 1722 sa-

238 1743 327 1763 mam
347 1733 504 1770 affxrunt,
531 1739 691 1772 quantam
724 1743 812 1765 artes
843 1736 966 1766 milita-

236 1786 302 1814 res,
320 1778 439 1816 quibus
459 1778 635 1807 manifeste
665 1779 831 1809 medicina
849 1780 891 1809 ibi
909 1791 966 1820 op-

235 1821 385 1861 ponitur.
409 1820 513 1851 Matre
541 1825 626 1852 artes
651 1822 823 1860 dicuntur,
841 1829 877 1853 ut
895 1834 966 1853 sur-

238 1863 289 1894 dae
309 1864 416 1894 herbae
435 1865 522 1904 apud
543 1865 700 1902 Plinium,
727 1867 758 1896 h.
777 1877 805 1896 e.
823 1877 965 1906 quarum

235 1908 375 1938 nomina
391 1908 505 1946 ignota
518 1914 606 1938 sunt.
632 1909 805 1947 Adjectiva
822 1911 965 1941 ιιι-11111111

233 1952 301 1981 vim
328 1951 488 1981 habentia
513 1962 600 1991 saepe
629 1959 663 1982 et
691 1954 817 1993 passive
848 1955 966 1984 dicun-

232 1998 303 2031 tur,
321 1999 359 2025 ut
375 1996 494 2033 gravis,
513 2002 565 2026 not
575 2007 611 2025 us
630 2000 688 2027 «Xe.
723 1997 840 2028 Talem
857 2005 964 2028 artem

233 2047 304 2068 esse
322 2039 500 2077 medicam,
523 2042 571 2070 xe:
597 2040 686 2070 locus
716 2041 854 2071 Luciani
873 2042 961 2072 Dial.

233 2082 337 2113 Deor.
357 2085 405 2114 13.
431 2085 543 2120 docet,
572 2084 628 2114 ubi
657 2085 696 2114 Ης
713 2085 818 2115 miles
846 2086 963 2115 sEscu-

231 2125 312 2166 lapi'i
339 2132 459 2164 artem,
488 2132 525 2157 ut
552 2129 739 2163 obscuram,
764 2130 964 2160 contemnit.

231 2168 251 2188 θ’
271 2179 387 2210 expers
420 2172 489 2201 rati<⁴
506 2172 565 2200 nis.
598 2171 692 2201 Vei-r.
719 2183 749 2202 v.
773 2173 824 2206 67.
850 2173 964 2203 omnia

232 2218 328 2243 mula
352 2220 451 2252 atque
469 2215 592 2244 inania.
640 2215 797 2245 Imitatus
823 2222 871 2245 cst
899 2216 964 2246 Ta-

232 2257 290 2286 cit.
307 2257 398 2287 Hist.
422 2258 442 2288 i.
462 2262 512 2290 84.
537 2264 571 2288 et
588 2258 714 2288 Piinius
733 2260 766 2289 in
792 2260 915 2299 Paneg.
934 2271 963 2291 c.

231 2302 284 2331 50.

276 2343 445 2384 llffyoparo‚
460 2346 706 2384 navispiraticae
720 2346 881 2377 facienda»
897 2347 966 2376 ido-

232 2396 307 2418 nea.
344 2389 435 2419 Verr.
451 2389 472 2419 i.
492 2392 543 2420 34.
559 2390 600 2419 iv.
620 2392 670 2420 59.
696 2400 726 2420 ν.
743 2390 899 2420 Scheffer.
917 2391 965 2421 Re

231 2430 317 2463 Nav.
339 2432 373 2462 ii.
391 2435 422 2463 2.
448 2433 569 2463 Saxam
587 2433 626 2463 ad
643 2434 756 2464 Sidon.
772 2434 879 2474 Epist.
896 2435 963 2465 viii.

273 2517 499 2560 mystagogus.
523 2520 617 2551 verr.
642 2521 684 2551 iv.
714 2524 764 2555 59.
789 2521 846 2560 qui
875 2522 963 2553 dica·

229 2564 314 2594 tur?
456 2598 458 2600 Ι

273 2605 447 2646 Illy-steria.
472 2606 552 2637 Nat.
577 2608 621 2638 D.
654 2608 687 2638 ii.
721 2610 774 2638 24.
798 2608 837 2638 de
861 2610 962 2639 sacris

230 2648 362 2680 Cereris
395 2656 427 2680 ct
464 2650 587 2681 Bacchi
620 2653 762 2688 arcanis,
795 2662 868 2691 quae
901 2652 961 2683 lat.

228 2693 329 2723 iniria
360 2693 530 2724 dit-untur.
594 2695 694 2725 Initia
723 2695 814 2725 dicta
837 2701 915 2725 sunt.
944 2706 964 2726 a

227 2735 403 2770 Romanis,
421 2739 500 2776 quia
514 2742 548 2768 et
564 2739 684 2774 Graeei,
698 2746 730 2768 et
748 2739 823 2778 ipsi,
840 2747 962 2778 myste-

226 2781 285 2810 riis
302 2780 451 2811 homines
468 2785 508 2812 ad
533 2792 644 2812 veram
671 2783 843 2819 xiriuteni,
869 2789 903 2813 et
920 2783 962 2813 ad

225 2821 322 2854 illum
343 2829 467 2854 statum
484 2826 618 2865 perduci
638 2827 829 2863 crembam,
846 2828 878 2856 in
896 2837 960 2866 quo

225 2867 329 2897 animi
350 2869 487 2905 tuerint,
506 2876 688 2908 antequam
708 2870 741 2899 in
760 2880 879 2910 corpus
905 2880 958 2899 ve-

222 2910 366 2943 nissent.
393 2922 426 2944 v,
455 2913 609 2953 inprimis
648 2913 886 2945 Casaubonum
916 2914 956 2946 de

1341 475 1386 506 N.

1051 560 1184 591 A'oem'a.
1208 560 1288 600 Leg.
1305 561 1340 591 ii.
1356 561 1410 592 24.
1434 565 1517 592 extr.
1534 560 1614 600 quid
1628 560 1695 590 sit?

1052 605 1185 636 Naerus.
1219 603 1314 634 Brut.
1342 608 1393 639 91.
1430 611 1540 634 totum
1573 603 1734 643 aliquem,

1007 657 1073 677 non
1094 658 1187 677 na‘vo
1203 652 1300 686 atque
1309 648 1510 688 crepundiiS,
1524 648 1581 678 sed
1597 656 1732 687 corpore

1007 693 1098 721 ouini
1115 691 1198 721 veile
1215 701 1403 730 agnoscere.
1430 691 1575 721 Petitum
1592 701 1625 721 es
1655 701 1672 720 e
1685 690 1734 720 fa-

1007 734 1105 769 bulis,
1122 736 1154 764 in
1180 735 1297 773 quibus
1316 735 1490 774 finguntur
1512 734 1678 771 homines,
1695 733 1736 763 li-

1008 778 1075 807 beri
1093 777 1171 807 olim
1190 779 1344 817 expositi,
1361 789 1378 808 e
1405 778 1505 808 naevis
1530 778 1636 818 agniti
1663 787 1734 807 esse

1009 826 1066 850 aut
1084 822 1282 860 crepundiis.
1297 821 1339 850 cf.
1355 821 1545 860 crepundia.

1055 865 1156 894 Nam.
1184 865 1217 894 111
1235 865 1501 895 transitionibus.
1532 865 1624 894 Verr.
1642 864 1663 894 i.
1681 867 1734 898 57.

1011 908 1102 938 Λάιη
1122 908 1200 946 quid
1216 914 1503 947 argumentamur,
1521 918 1584 946 quo
1602 908 1665 937 ista
1682 918 1738 947 pe-

1010 952 1109 980 cunia
1151 952 1366 990 pervenerit?
1406 951 1476 982 Art.
1507 952 1551 981 i=i.
1583 954 1613 982 5.
1655 960 1735 980 nam

1010 995 1098 1033 quod
1115 1004 1235 1034 purgas
1253 1005 1307 1024 eos
1328 996 1386 1025 ἃς.
1404 1006 1433 1024 ν.
1452 995 1584 1025 Manut.
1600 994 1641 1024 ad
1657 994 1734 1024 Div.

1010 1038 1056 1067 iii.
1077 1041 1166 1068 ll.v.
1187 1040 1238 1067 (ΣΟ.
1263 1042 1280 1059 ²*
1299 1040 1389 1068 enim
1408 1048 1496 1075 vero,
1512 1038 1616 1076 atqui.
1640 1038 1735 1068 Verr.

1010 1082 1056 1111 iii.
1082 1085 1134 1112 85.
1162 1082 1255 1112 Num
1282 1092 1505 1121 speraveram,
1526 1082 1635 1120 inquit
1663 1090 1735 1110 ara-

1009 1129 1075 1160 tor,
1093 1135 1145 1154 me
1162 1125 1202 1154 ad
1219 1125 1369 1155 denarios
1391 1131 1629 1165 perventurum
1645 1136 1654 1162 ;
1679 1123 1736 1154 sed

1010 1169 1035 1198 si
1059 1169 1106 1198 ita
1131 1178 1263 1198 necesse
1293 1174 1355 1206 est,
1382 1169 1496 1208 qut-‚nti
1525 1169 1736 1198 frumentum

1010 1213 1066 1248 sit,
1091 1213 1273 1242 considera.
1300 1213 1356 1242 ulii
1381 1213 1446 1242 vid.
1475 1212 1610 1242 Hotom.
1639 1212 1683 1241 il).
1702 1212 1737 1240 ii.

1011 1258 1061 1289 29.
1087 1260 1169 1285 extr.
1195 1256 1271 1292 Dic,
1295 1256 1426 1295 inquit:
1452 1255 1499 1285 illi
1530 1255 1643 1285 adesse
1670 1263 1737 1284 non

1010 1306 1161 1339 possunt.
1215 1300 1309 1330 [Velm
1326 1299 1450 1336 hercle,
1468 1299 1590 1337 inquit,
1607 1299 1647 1338 Ω.
1673 1298 1737 1328 Mi-

1011 1344 1144 1379 nucius,
1169 1353 1221 1373 me
1244 1354 1373 1382 quoque
1392 1344 1541 1379 Petilius,
1559 1348 1597 1372 ut
1623 1342 1683 1371 sibi
1702 1342 1736 1371 in

1011 1386 1149 1416 consilio
1178 1388 1340 1423 adessem,
1368 1388 1505 1426 rogavit.
1532 1386 1610 1416 ibid.
1643 1386 1664 1415 i.
1686 1385 1739 1415 56.

1011 1429 1110 1469 Lapis
1128 1430 1245 1469 aliquis
1263 1431 1441 1461 eaedendus
1459 1436 1491 1460 et
1511 1429 1737 1470 apportandus

1011 1474 1075 1503 su·t
1099 1474 1256 1504 machina
1277 1484 1347 1504 sua.
1375 1476 1438 1514 (est
1463 1473 1634 1511 objectio).
1658 1482 1739 1502 nam

1010 1517 1067 1547 illo
1096 1528 1161 1547 non
1186 1527 1315 1555 saxum,
1334 1528 1400 1548 non
1422 1519 1577 1547 materies
1601 1516 1739 1546 advecta

1010 1568 1071 1590 est.
1121 1562 1274 1591 Clarkius
1299 1566 1410 1591 autem
1440 1561 1480 1591 ad
1502 1561 1687 1591 Homerum
1704 1560 1738 1589 in

1010 1604 1200 1643 hujusmodi
1233 1605 1311 1635 locis
1341 1605 1471 1645 ellipsin
1495 1614 1564 1633 esse
1593 1613 1658 1633 non
1683 1603 1739 1632 ab·

1009 1649 1107 1678 surde
1123 1649 1241 1678 statuit
1257 1649 1340 1687 ejus,
1354 1649 1447 1687 cujus
1461 1648 1543 1678 ratio
1560 1647 1734 1677 reddaturz

1011 1696 1048 1722 ut
1066 1703 1094 1723 v,
1112 1702 1140 1722 e.
1164 1693 1196 1722 in
1226 1692 1286 1722 hoc
1303 1692 1437 1729 ultimo,
1460 1693 1493 1722 111
1525 1690 1738 1730 responsione

1009 1736 1049 1766 ad
1076 1736 1297 1774 objectionem
1326 1737 1485 1766 omissum
1512 1735 1556 1764 sit
1579 1734 1625 1771 id,
1650 1733 1740 1773 quod

1008 1780 1105 1810 facile
1131 1780 1363 1819 intelligatur:
1399 1780 1534 1809 minime
1566 1787 1654 1807 vero.
1685 1777 1738 1807 De

1008 1823 1108 1853 simili
1137 1823 1245 1863 ellipsi
1273 1834 1302 1853 ν.
1333 1823 1499 1853 Gesnerus
1524 1821 1564 1851 V.
1594 1820 1664 1850 Cel.
1696 1820 1738 1851 ad

1007 1867 1149 1907 Quintil.
1165 1868 1198 1898 ii.
1219 1870 1267 1897 11.
1280 1871 1311 1901 7.

1053 1912 1220 1951 Namque,
1238 1921 1296 1950 pro
1313 1919 1404 1946 num,
1421 1909 1523 1938 enim.
1554 1907 1594 1938 ad
1612 1907 1688 1937 Div.
1705 1917 1738 1938 x.

1013 1957 1060 1985 15.
1088 1965 1228 1995 namque
1251 1954 1389 1984 assiduis
1413 1951 1636 1982 internunciis
1659 1961 1737 1981 cum

1007 1998 1134 2038 Lepido
1161 1999 1224 2037 egi.
1250 1998 1369 2028 *enim
1393 2005 1482 2033 vero,
1506 1995 1610 2034 atqui.
1636 1994 1693 2025 Or.
1719 1995 1742 2024 i.

1008 2044 1059 2072 ⁶22.
1082 2043 1171 2072 Tum
1189 2041 1244 2071 ille
1259 2054 1266 2071 ι
1290 2050 1432 2080 namquo
1447 2039 1534 2078 quod
1549 2043 1586 2068 tu
1601 2047 1743 2078 uon-po-

1006 2087 1099 2123 teris,
1125 2095 1222 2115 nenio
1250 2085 1384 2126 poterit.
1418 2082 1436 2101 ²*
1453 2083 1520 2113 sed.
1555 2082 1611 2113 Or.
1638 2082 1658 2111 i.
1692 2082 1741 2113 16.

1009 2130 1166 2168 Namque
1182 2129 1266 2159 illud
1282 2138 1382 2167 quare
1399 2126 1547 2157 Scaevola
1563 2126 1704 2165 negasti.

1052 2173 1177 2204 Narro.
1212 2172 1312 2202 Tusc.
1337 2173 1358 2202 i.
1384 2172 1414 2202 6.
1446 2180 1488 2200 au
1512 2175 1551 2200 tu
1575 2169 1646 2199 haec
1673 2177 1742 2199 non

1007 2218 1140 2247 credis?
1166 2217 1204 2245 A.
1223 2217 1361 2245 minime
1380 2224 1466 2244 vero,
1493 2213 1540 2243 M.
1566 2213 1650 2242 male
1667 2212 1743 2242 her-

1008 2261 1082 2290 cule
1110 2269 1242 2290 narras.
1266 2259 1294 2289 A
1317 2259 1401 2289 cur?
1428 2267 1550 2297 quaeso.
1582 2257 1653 2286 Att.
1677 2256 1742 2286 xvi.

1013 2307 1059 2334 14.
1092 2303 1178 2333 male
1194 2314 1313 2334 narras
1330 2303 1369 2332 de
1386 2301 1527 2340 Nepotis
1543 2299 1623 2330 filio.
1646 2299 1741 2330 valde

1008 2347 1198 2377 mehercule
1239 2356 1385 2383 moveor,
1419 2350 1451 2374 et
1484 2344 1621 2374 moleste
1660 2343 1741 2372 fero.

1008 2391 1086 2421 ibid.
1118 2392 1188 2421 xiii.
1220 2394 1274 2421 33.
1304 2390 1487 2425 Othonem,
1511 2387 1597 2426 qnocl
1629 2396 1741 2426 speras

1007 2445 1102 2474 posse
1134 2435 1234 2471 vinci,
1263 2443 1341 2464 sane
1373 2433 1456 2462 bene
1487 2441 1619 2461 narras.
1654 2432 1741 2460 Sunt

1006 2478 1160 2508 formulae
1185 2478 1322 2508 alterius
1345 2486 1511 2512 sermone,
1536 2475 1741 2511 narratione,

1008 2522 1097 2552 dieto
1115 2522 1165 2551 vel
1182 2521 1325 2551 dolentis
1343 2520 1394 2550 vel
1411 2519 1601 2559 gaudentis
1633 2518 1742 2547 *nar-

1006 2576 1043 2595 ro
1067 2567 1140 2602 tibi,
1158 2571 1209 2595 est
1231 2563 1388 2600 formula,
1405 2573 1471 2602 qua
1495 2567 1640 2592 utuntur
1656 2562 1690 2591 in
1707 2571 1741 2590 re

1007 2618 1103 2646 nova,
1129 2610 1371 2648 inexspectata,
1398 2607 1482 2636 mira
1508 2608 1567 2636 ἃς.
1597 2605 1637 2635 ad
1664 2605 1744 2635 Div.

1007 2653 1050 2682 xi.
1075 2654 1126 2683 24.
1154 2662 1255 2682 narro
1276 2652 1357 2681 tibi:
1392 2655 1493 2680 antea
1515 2648 1743 2679 subirascebar

1007 2696 1159 2726 brevitati
1183 2703 1318 2725 tuarum
1345 2694 1533 2729 literarum,
1550 2702 1639 2721 nunc
1658 2691 1740 2722 mihi

1007 2739 1126 2778 loquax
1155 2750 1224 2769 esse
1243 2739 1365 2769 videor.
1387 2738 1459 2768 Att.
1486 2747 1536 2767 xv.
1565 2738 1613 2766 lo'.
1637 2745 1740 2765 narro

1004 2783 1087 2813 tibi:
1108 2783 1179 2813 haeo
1194 2783 1264 2812 loca
1281 2790 1422 2812 venusta
1438 2784 1527 2810 sunt.
1542 2779 1619 2809 ibid.
1637 2779 1671 2808 ii.
1692 2782 1742 2809 11.

1004 2836 1103 2856 narro
1120 2828 1177 2856 tibi
1193 2839 1199 2856 t
1219 2829 1316 2867 plane
1335 2824 1502 2862 relegatus
1521 2823 1601 2854 mihi
1615 2823 1740 2859 videor,

1005 2880 1080 2899 cum
1111 2871 1145 2900 in
1174 2871 1348 2901 Formiano
1375 2878 1462 2898 sum.
1501 2867 1580 2897 ibid.
1607 2876 1658 2895 xv.
1686 2868 1739 2896 2²1.

1003 2923 1104 2945 narro
1133 2915 1219 2946 tibi:
1255 2913 1416 2955 Quintius
1446 2910 1579 2942 exultat
1608 2909 1739 2941 laetitia.
