1985 3206
274 60 353 98 188

793 71 939 101 INDEX
969 72 1269 103 LATINITATIS·

265 157 385 188 tudine
422 165 489 188 non
527 158 608 188 satis
645 160 813 190 convenit.
851 160 1007 193 Volusius
1045 168 1160 203 poesta.
1193 163 1292 194 Tusc.
1320 163 1365 194 iii.
1391 165 1442 195 24.
1475 163 1557 196 illud
1582 171 1786 208 anapaestunt

265 200 451 232 Maecianus
470 205 505 230 ct
521 201 636 231 Festus
654 203 810 234 tribuunt
825 207 878 235 48.
896 210 1007 236 sexta-
1053 208 1150 245 regis.
1167 207 1188 236 i.
1202 218 1231 236 e.
1246 217 1379 237 carmen
1393 211 1634 248 anapoesez'cum.
1659 211 1784 243 Defen-

265 246 343 276 rios.
375 244 416 274 ad
444 245 520 275 Div.
549 245 603 274 xii.
634 248 682 275 15.
712 250 763 277 est
789 249 1003 287 amplwrzlnm

266 288 355 327 quod
374 287 428 317 alii
450 288 567 318 dicunt
583 298 653 317 esse
676 299 735 328 pro
757 293 1004 330 amphorarum.

1052 250 1137 280 dunt
1154 255 1270 280 contra
1284 250 1486 282 Lambinum
1509 253 1662 284 Davisius
1685 255 1728 285 ad
1749 256 1783 286 h.

1049 293 1071 323 l.
1088 298 1121 323 et
1139 294 1370 325 Hemsterhus.
1387 294 1428 325 ad
1452 295 1591 327 Lueian.
1613 298 1783 330 Prometh.

264 331 332 361 vid.
350 331 483 361 Mauut.
507 331 687 368 Victorius,
700 332 834 363 formari
853 335 893 364 ab
910 336 1007 375 ἀμφα-
1050 340 1075 366 t.
1094 337 1115 366 i.
1133 347 1164 375 p.
1182 339 1233 367 32.

265 373 336 417 ςιύς.
370 374 531 404 Similiter
559 374 643 404 Plin.
668 375 712 405 11.
729 377 770 406 N.
790 378 833 406 vi.
851 380 903 409 22.
936 389 1004 408 ma-

265 417 408 456 gnitudo
435 418 570 447 navium
598 418 639 447 ad
664 423 717 449 ter
741 420 847 451 millia
872 424 1003 461 amplio-

263 469 354 491 rum.
371 461 427 490 ubi
444 461 508 490 vid.
526 461 689 491 Harduin.

308 504 425 544 Amph:
455 504 574 534 dicere.
610 506 705 535 Brut.
736 508 787 537 55.
822 507 855 537 in
884 517 1003 546 genere

266 548 446 585 magnifico
463 553 496 577 et
513 548 659 578 sublimi.

309 592 502 631 Amplector.
525 592 625 621 Tusc.
654 593 688 622 ii.
720 596 767 623 13.
795 594 883 632 quod
910 594 999 624 idem

265 635 438 666 interdum
457 635 590 664 virtutis
612 636 746 666 nomine
761 639 1000 676 (amplectimur.

264 679 288 709 i.
299 688 327 708 e.
339 678 570 717 exprimimus,
581 679 818 717 significamus.
827 681 1002 720 *amplecti

265 722 407 752 dicimus
441 732 508 759 ros,
536 732 616 760 quos
648 724 738 752 omni
767 725 894 754 ratione
923 725 1002 754 0011-

265 775 355 801 mus,
391 765 575 804 quibusque
613 766 798 796 studemus.
836 768 909 797 Mil.
948 772 1000 802 537.

264 809 418 849 amplecti
448 808 592 848 plebem,
623 810 710 848 quod
740 810 869 841 faciunt
897 821 1001 851 popu-

264 850 361 884 lares.
402 851 486 881 Phil.
517 852 570 882 vii.
606 856 635 883 8.
673 856 824 892 amplecti
859 856 999 893 equites.

264 896 308 926 ad
334 896 410 926 Div.
439 896 480 925 iv.
508 899 536 926 8.
571 897 723 935 amplecti
750 897 941 928 nobilitates
967 907 1001 929 et

265 940 448 979 dignitates
486 938 672 969 hominum.
718 940 781 980 Qu.
807 942 857 971 Fr.
889 943 921 972 ii.
952 945 1000 973 1⁶3.

261 987 377 1014 totum
416 982 560 1021 aliquem
598 985 759 1024 amplecti.
809 985 914 1016 Flaec.
951 989 999 1017 18.

264 1028 416 1067 amplecti
446 1036 550 1066 remp.
582 1033 632 1056 est
663 1028 818 1067 ambigue
845 1029 998 1068 dictum;

262 1079 342 1101 nam
367 1076 417 1100 est
437 1080 552 1100 curare
577 1080 680 1110 remp.
702 1071 798 1110 eique
815 1073 999 1112 consulere,

263 1119 299 1144 et
328 1114 503 1154 pecuniam
535 1113 703 1152 publicam
733 1115 775 1144 ad
805 1125 838 1145 se
873 1127 998 1157 rapere.

261 1155 445 1193 ἢ1131111010,
470 1157 618 1197 probare.
652 1158 735 1188 Phil.
759 1169 789 1188 x.
813 1163 844 1190 4.
875 1164 998 1201 ample-

261 1203 306 1232 cta·
330 1201 502 1230 virtutem.
538 1200 640 1231 *Ate
666 1202 720 1231 xii.
746 1206 797 1233 35.
823 1204 998 1242 cogitatio-

263 1254 343 1275 nem
366 1249 440 1274 toto
463 1248 597 1284 pectore
620 1247 779 1285 amplecti.
807 1246 824 1264 *ἱ
838 1247 937 1278 Catil.
956 1250 997 1279 iv.

262 1292 294 1319 4.
319 1287 457 1317 Caesaris
473 1289 641 1318 sententia
656 1291 865 1328 amplectitur
880 1301 996 1323 omnes

262 1332 462 1362 acerbitates
508 1337 694 1362 ceterorum
743 1333 995 1374 suppliciorum.

261 1376 281 1394 ’ὅ
294 1375 390 1405 Rosc.
408 1375 502 1404 Com.
522 1377 571 1405 12.
589 1376 677 1414 quod
686 1386 747 1415 ego
758 1384 995 1416 argumentum

263 1419 414 1459 pluribus
436 1419 543 1448 verbis
566 1422 789 1458 amplecterer,
807 1422 833 1451 si
850 1431 916 1451 non
933 1423 998 1453 alia

261 1463 405 1492 certiora
422 1467 458 1492 et
481 1462 620 1492 clariora
634 1464 829 1494 testimonia
844 1465 878 1495 in
896 1476 996 1497 causa

259 1506 428 1537 haberem.

304 1550 509 1589 Amplexari,
526 1549 673 1587 laudare,
688 1551 837 1590 probare.
871 1552 944 1583 Fin.
962 1554 996 1584 ii.

262 1597 294 1628 9.
333 1593 540 1634 voluptatem
571 1596 756 1634 amplexari
785 1605 872 1635 saepe
899 1597 997 1627 vehe-

261 1638 420 1667 mentius.
444 1637 544 1667 Aead.
563 1637 583 1666 i.
600 1642 631 1671 9.
654 1639 793 1677 species,
806 1649 886 1678 quas
904 1641 993 1670 miri-

262 1681 324 1710 fice
341 1681 435 1711 Plato
451 1686 522 1710 erat
537 1683 754 1720 amplectitur.
778 1681 796 1701 *ἓ
809 1683 996 1715 defendere.

260 1724 350 1755 Mur.
368 1728 420 1755 38.
443 1726 627 1765 mnplemrz'
642 1725 761 1755 otium.

304 1768 486 1808 Ampliare.
524 1768 616 1798 Verr.
648 1768 669 1798 i.
700 1774 732 1803 9.
770 1773 820 1799 est
855 1770 992 1800 verbum

259 1809 403 1848 forense,
417 1811 505 1850 quod
516 1812 838 1851 significat‚ju‹lices
855 1823 920 1843 non
938 1814 994 1843 de—

260 1862 408 1892 cernere,
424 1856 482 1885 sed
497 1856 734 1894 pronunciasse
754 1858 904 1896 amplius.
930 1857 994 1888 vid.

260 1900 420 1938 Amplius.
444 1899 531 1928 unde
554 1901 732 1938 ampliatio.
759 1900 904 1930 formula
922 1911 994 1931 am-

253 1943 385 1982 pliandi
402 1950 473 1972 erat
488 1955 494 1972 ;
520 1942 596 1972 Non
614 1943 731 1981 liquet.

302 1986 513 2026 Amplg'jz'care
536 1996 617 2016 rem.
642 1986 681 2015 de
704 1986 760 2016 Or.
785 1987 831 2016 iii.
856 1988 908 2017 26.
942 1992 993 2018 est

258 2039 328 2060 rem
353 2029 492 2059 dicendo
516 2034 575 2059 aut
599 2030 758 2067 nmjorem
776 2034 835 2060 aut
852 2030 993 2061 deterio-

257 2082 327 2103 rem
346 2073 454 2102 facere
471 2084 529 2113 pro
546 2073 682 2103 consilio
700 2074 850 2104 oratoris.
868 2074 947 2104 hinc

301 2117 532 2157 Amplfficctfio.
562 2117 678 2147 Pax-tit.
710 2121 757 2148 15.
788 2122 839 2147 est
862 2119 993 2157 gravior

257 2160 410 2199 qua-dam
435 2161 624 2197 affirmatio,
648 2171 721 2199 quae
746 2166 840 2190 motu
864 2162 991 2192 animo·

258 2214 333 2234 rum
350 2203 507 2233 conciliat
525 2204 557 2233 111
573 2204 713 2233 dicendo
731 2205 842 2234 fidem.

301 2248 489 2287 Amplitudo
504 2248 618 2277 animi.
651 2248 752 2278 Tusc.
770 2249 800 2278 ii.
818 2249 870 2278 2⁰.
902 2248 921 2266 ’κ
933 2248 992 2279 110-

258 2291 389 2320 minum
413 2291 593 2330 (muslitztdo
617 2291 656 2320 de
676 2301 742 2330 qua
756 2301 843 2331 saepe
863 2292 991 2329 Cicero,

255 2335 363 2364 oritur
390 2345 428 2364 cx
456 2335 619 2374 potentia,
644 2340 703 2365 aut
730 2336 904 2375 majestate
932 2340 992 2366 aut

257 2378 369 2417 copiis.
386 2388 417 2408 ν.
433 2378 472 2407 de
491 2378 559 2407 [nv.
577 2378 609 2407 ii.
627 2382 678 2409 55.

298 2422 460 2461 Amplius.
497 2422 589 2452 Verr.
621 2422 642 2451 i.
677 2424 729 2456 99.
768 2422 990 2462 pronunciare

255 2467 410 2504 amplius.
433 2475 478 2495 50.
502 2475 571 2494 10111
589 2475 659 2495 esse
676 2466 940 2505 cognoscendam
956 2472 993 2496 et

255 2508 516 2538 deliberandam.
529 2508 570 2538 cf.
587 2508 681 2539 Brut.
700 2512 751 2539 922.
768 2519 797 2539 V.
808 2510 990 2548 Amplssare.

298 2552 364 2590 An,
381 2558 540 2591 sequente
559 2562 626 2582 non
646 2562 686 2582 ne
709 2552 874 2582 redundat
890 2553 990 2583 Arch.

259 2598 307 2626 12.

295 2639 504 2677 Anagnmres.
526 2648 652 2676 servus,
669 2639 725 2678 qui
749 2639 837 2668 inter
856 2648 990 2668 0113111111-

252 2682 332 2712 dum
350 2682 475 2721 aliquid
491 2682 583 2721 legit.
608 2682 680 2713 Att.
698 2683 718 2712 i.
740 2684 786 2713 12.
811 2682 853 2712 ad
868 2682 943 2712 Div.
958 2693 987 2712 v.

294 2770 496 2808 Anapoestus.
510 2769 566 2799 Or.
578 2769 629 2799 56.
643 2768 918 2807 Aristophaneus,
932 2778 988 2807 ge-

252 2822 315 2842 nus
331 2822 500 2848 versuum,
518 2812 659 2849 dietum,
670 2812 765 2850 (quod
781 2822 819 2841 eo
835 2821 913 2841 usus
936 2816 987 2842 est

250 2856 403 2898 inprimis
429 2855 680 2897 Aristophanes.
710 2855 797 2887 *On
825 2855 878 2887 56.
902 2865 985 2887 arm.-

1093 380 1329 410 Anatocz'smus.
1355 391 1465 412 usurae
1491 393 1679 414 usurarum.
1710 384 1783 416 Att.

1050 433 1079 453 v.
1105 425 1157 453 21.
1181 426 1397 455 anatocismus
1423 426 1679 464 anniversarius,
1703 438 1782 459 cum

1049 466 1225 497 solvuntur
1248 477 1357 498 usurae
1381 479 1569 507 usurarum,
1584 470 1642 500 sed
1665 481 1781 502 earum

1048 514 1197 547 tantum,
1216 521 1287 549 quze
1304 512 1442 551 siugulis
1460 514 1554 543 annis
1570 513 1687 544 solutae
1700 518 1783 545 sunt

1048 563 1107 592 pro
1133 558 1233 591 sorte,
1262 564 1327 584 non
1355 566 1413 595 pro
1441 557 1558 586 usuris.
1592 557 1781 596 Tamquam

1047 597 1073 626 si
1098 597 1169 635 quis
1194 598 1336 637 accipiat
1360 599 1449 628 mille
1477 600 1676 630 florenorum
1701 610 1781 630 usu-

1046 649 1115 669 ram
1141 650 1200 680 pro
1223 648 1324 679 sorte,
1349 643 1590 673 anniversarius
1622 645 1780 674 anatocis-

1047 693 1118 713 mus
1149 690 1212 721 est,
1243 695 1319 714 cum
1349 691 1480 725 postero
1512 696 1612 722 anno,
1641 687 1778 725 adjeet'n

1046 726 1136 756 mille
1161 728 1289 757 florenis
1314 729 1354 758 ad
1381 737 1495 768 eaput,
1522 730 1700 769 capiuntur
1726 734 1779 761 50.

1046 770 1160 800 floreni
1198 771 1353 810 amplius,
1397 776 1501 810 1050;
1542 773 1643 802 tertio
1684 777 1778 811 1100,

1045 819 1163 852 quarto
1196 817 1288 845 1150.
1319 818 1378 844 otc.
1408 815 1502 845 nulla
1532 820 1645 845 autem
1675 827 1779 847 usura

1045 857 1183 886 solvitur
1206 867 1292 887 anno
1316 858 1416 888 tertio
1440 868 1498 898 pro
1522 858 1586 888 illis
1608 862 1659 890 50.
1684 860 1780 890 flore-

1045 901 1108 937 nis,
1127 901 1182 939 qui
1206 901 1247 930 ad
1271 906 1371 940 caput
1396 911 1455 941 pro
1474 902 1583 931 usuris
1599 912 1777 934 usurarum

1045 950 1262 974 accesserant.
1288 944 1376 974 111110
1393 945 1433 974 vi.
1450 948 1481 975 3.
1507 946 1710 983 centesimis,
1727 957 1776 976 re-

1045 992 1166 1017 novato
1183 988 1217 1017 in
1229 988 1375 1026 singulos
1389 998 1492 1018 annos
1504 989 1626 1018 foenore
1640 994 1779 1019 conten-

1044 1035 1099 1060 tus
1118 1041 1183 1060 non
1201 1031 1277 1061 fuit.
1296 1032 1376 1061 item
1393 1042 1443 1072 ep.
1466 1035 1491 1062 l.
1513 1032 1704 1063 centesimae
1727 1043 1779 1064 re-

1045 1080 1173 1104 novatae
1191 1076 1380 1113 quotannis.

1086 1118 1220 1157 Anceps.
1259 1118 1315 1147 Or.
1347 1119 1393 1148 iii.
1425 1119 1476 1149 36.
1515 1118 1576 1149 viae
1607 1120 1776 1158 ancipites,

1041 1166 1120 1190 sunt
1136 1162 1280 1191 rationes
1296 1161 1568 1192 Academicorum
1591 1163 1624 1192 in
1648 1169 1776 1193 utram-

1041 1215 1104 1242 que
1132 1210 1259 1244 partem
1285 1205 1324 1234 (le
1348 1215 1381 1235 re
1405 1206 1608 1245 disputandi.
1632 1206 1671 1236 de
1694 1206 1775 1237 Nat.

1042 1248 1073 1277 D
1098 1248 1118 1278 i.
1132 1252 1183 1282 37.
1208 1250 1361 1288 ancipites
1372 1249 1499 1286 bestiae,
1512 1255 1592 1279 sunt
1605 1251 1776 1289 geminam

1042 1296 1197 1321 naturam
1216 1291 1385 1322 habentes.

1083 1335 1268 1365 Amlabala.
1297 1335 1338 1365 ad
1362 1336 1438 1366 Div.
1466 1336 1589 1367 vii.10.
1617 1346 1715 1375 quem
1733 1347 1775 1367 ne

1039 1378 1248 1409 Amlabalam
1271 1379 1403 1417 quidem
1428 1379 1622 1409 defraudare
1644 1385 1776 1420 potera-

1042 1432 1128 1452 mus.
1168 1423 1228 1452 Est
1266 1432 1370 1460 genus
1409 1422 1645 1461 gladiatorum,
1687 1423 1775 1462 quod

1041 1475 1081 1494 ex
1107 1466 1199 1504 equis
1225 1466 1319 1504 galea
1343 1465 1488 1495 frontem
1516 1466 1693 1505 oculosque
1723 1472 1775 1496 te-

1040 1513 1133 1538 ctum
1173 1510 1355 1548 pugnabat.
1389 1509 1428 1538 de
1460 1520 1525 1548 quo
1558 1520 1678 1549 genere
1708 1510 1775 1541 vid.

1041 1551 1132 1592 Lips.
1150 1553 1283 1583 Saturn.
1301 1554 1405 1582 Serm.
1422 1553 1456 1582 ii.
1478 1555 1526 1584 12.

1085 1597 1250 1634 singulus.
1282 1596 1360 1626 Nat.
1377 1597 1422 1626 D.
1439 1597 1471 1627 ii.
1492 1600 1541 1628 18.
1565 1596 1648 1627 nihil
1664 1607 1775 1636 angu-

1042 1640 1083 1669 lis
1103 1640 1255 1669 incisum.

1086 1683 1247 1721 Anguste,
1264 1684 1427 1719 tenuiter,
1450 1683 1594 1720 exiliter,
1612 1682 1775 1714 Dialecti-

1040 1736 1154 1756 corum
1166 1737 1266 1756 more.
1281 1727 1369 1757 Part.
1384 1730 1436 1758 40.
1449 1732 1588 1766 anguste
1601 1727 1774 1765 disserere,

1040 1774 1078 1799 ut
1094 1769 1270 1800 Dialectici
1287 1771 1342 1808 qui
1360 1770 1585 1810 appellantur.
1607 1771 1702 1801 Brut.
1720 1773 1773 1801 84.

1039 1817 1179 1851 anguste
1205 1814 1324 1843 dicere..
1347 1814 1426 1844 Nat.
1455 1815 1497 1844 D.
1523 1815 1556 1844 ii.
1580 1817 1610 1845 8.
1633 1818 1775 1852 anguste

1041 1856 1252 1894 concludere,
1282 1857 1320 1886 de
1351 1857 1527 1887 subtilibus
1555 1862 1589 1887 et
1618 1858 1772 1887 brevibus

1038 1901 1233 1930 ratiunculis
1264 1901 1461 1930 Stoicorum.
1494 1901 1582 1931 Mur.
1610 1904 1658 1931 13.
1690 1900 1773 1931 1111111

1038 1948 1088 1973 est
1111 1949 1182 1973 tam
1206 1948 1344 1982 anguste
1365 1945 1538 1984 scriptum.
1556 1944 1595 1974 (le
1619 1943 1772 1974 formulis

1036 1987 1211 2017 dCtorum.
1239 1987 1367 2017 *Tusa
1385 1998 1414 2017 v.
1433 1991 1484 2017 31.
1514 1988 1633 2017 habere
1655 1997 1688 2017 se
1711 1996 1772 2017 mz-

1035 2032 1180 2069 g'uslius,
1197 2031 1218 2060 i.
1235 2042 1263 2061 e.
1280 2030 1430 2070 pluribus
1446 2031 1699 2061 difficultatibus
1715 2040 1772 2061 ur-

1038 2075 1119 2113 geri.

1079 2118 1253 2156 Anguslia.
1282 2117 1377 2148 Brut.
1400 2121 1454 2151 47.
1481 2117 1544 2147 11151
1571 2118 1606 2147 in
1633 2127 1689 2147 eas
1711 2127 1772 2147 αη-

1033 2163 1161 2199 gustias
1194 2162 1363 2201 petitionis
1401 2161 1584 2198 incidisset,
1615 2171 1689 2200 quae
1724 2170 1772 2191 se.

1035 2204 1128 2234 fuere
1152 2205 1359 2244 tenu-«nibus
1383 2205 1556 2242 Marianis,
1573 2215 1648 2234 cum
1671 2203 1771 2244 pauci

1036 2247 1078 2277 ad
1096 2248 1315 2277 Consulatum
1332 2249 1502 2287 pervenire
1520 2252 1666 2288 possent,
1682 2246 1772 2286 quod

1036 2291 1162 2321 Marius
1176 2292 1205 2321 ei
1218 2301 1350 2331 semper
1361 2292 1558 2321 imminebat
1572 2292 1631 2321 &c.
1659 2291 1678 2309 ²¹⁸
1690 2291 1771 2321 Nat.

1035 2335 1078 2365 D.
1097 2335 1130 2365 ii.
1149 2340 1178 2366 8.
1210 2336 1367 2374 angustia
1391 2335 1612 2365 conclusionis
1636 2344 1703 2364 non
1720 2333 1771 2364 fa-

1036 2378 1096 2407 cile
1114 2389 1147 2408 se
1165 2383 1308 2408 tutatur.
1329 2379 1350 2408 1.
1371 2389 1400 2408 e.
1421 2378 1599 2415 subtilitas,
1616 2378 1771 2408 brevitas.

1035 2432 1063 2451 v.
1080 2427 1230 2460 auguste.
1253 2422 1272 2440 ²*
1284 2422 1348 2451 Pis.
1366 2425 1413 2452 ll.
1437 2422 1599 2460 angustia!
1612 2421 1770 2461 pectoris,

1034 2465 1232 2496 tribuuntur
1243 2465 1371 2495 homini
1384 2465 1516 2503 humili,
1529 2465 1670 2505 abjecto,
1682 2468 1771 2494 tam-

1037 2519 1137 2548 quam
1154 2509 1278 2546 invido,
1297 2519 1393 2539 avaro
1410 2509 1469 2539 810.

1076 2553 1254 2591 Angustus.
1273 2552 1490 2592 periculosus,
1506 2553 1618 2581 miser.
1634 2551 1675 2581 ad
1690 2551 1770 2582 Div.

1033 2605 1064 2624 x.
1086 2598 1134 2625 16.
1159 2597 1191 2625 111
1211 2596 1306 2625 rebus
1324 2600 1393 2625 tam
1411 2596 1530 2626 subitis
1547 2600 1647 2633 atque
1661 2604 1771 2633 angu-

1032 2640 1100 2668 stis.
1126 2639 1305 2676 *liumilis,
1324 2639 1483 2677 abjectus.
1508 2638 1578 2669 Pin.
1595 2639 1616 2668 i.
1640 2641 1688 2668 18.
1712 2638 1773 2668 110-

1036 2682 1141 2713 mines
1158 2683 1281 2712 minuti
1300 2687 1333 2712 et
1345 2685 1490 2721 angusti.
1506 2685 1525 2703 ²*
1540 2682 1685 2718 subtilis,
1703 2681 1772 2711 exi-

1032 2724 1245 2765 lis,jejunus.
1263 2727 1321 2756 Or.
1335 2726 1368 2755 ii.
1391 2729 1438 2756 14.
1455 2730 1606 2764 angustae
1623 2725 1774 2764 disputa·-

1032 2769 1152 2799 tiones.
1177 2769 1195 2787 ²*
1209 2770 1312 2799 Acad.
1329 2770 1350 2800 i.
1372 2772 1420 2801 10.
1445 2779 1521 2798 cum
1540 2779 1579 2798 ea
1595 2768 1775 2798 contrahe-

1033 2818 1120 2848 rent,
1142 2813 1176 2842 in
1200 2817 1441 2853 angustumque
1464 2812 1684 2851 deducerent,
1701 2811 1722 2842 i.
1738 2820 1771 2844 e-

1033 2855 1170 2888 modum
1187 2856 1414 2889 adhibendum
1432 2856 1595 2888 dicerent.
