1920 3196
148 79 232 120 318

194 181 398 221 Hypotheca.
428 179 470 210 ad
500 179 578 210 Div.
610 179 679 211 xiii.
707 182 758 212 56.
790 181 887 221 hypo-

149 226 247 255 theme
270 225 456 255 commissas
480 227 570 254 sunt.
600 234 629 253 v.
648 223 721 253 Ind.
740 224 797 255 Gr.
815 223 886 256 nim-

149 268 242 301 sar-n.
266 269 404 300 Salmas.
421 267 511 298 mod.
529 268 629 298 Usur.
646 277 674 298 c.
697 270 746 298 11.
764 277 813 308 sq.

504 397 531 428 1.

195 485 223 516 I.
246 485 354 515 litera.
377 486 471 515 Orat.
488 484 534 514 iii.
557 487 605 516 19.
632 485 732 516 Cotta
755 488 884 522 noster,

149 530 243 567 eujus
267 534 305 559 tu
330 528 387 559 illa
402 528 481 565 lata,
498 527 636 569 Sulpici,
655 529 818 560 imitaris:
844 535 883 560 ut

148 574 214 603 iota
237 572 371 603 literam
395 571 506 609 tollas,
532 576 568 602 et
596 573 623 603 E
649 572 881 612 plenissimum

149 617 252 654 dicas,
269 626 336 646 non
361 615 444 646 mihi
467 620 615 647 oratores
640 616 808 656 antiquos,
823 616 883 647 sed

148 669 310 690 messores
326 659 460 690 videtur
476 660 612 690 imitari.

190 703 325 741 dacore,
356 703 556 734 commorari
586 702 793 743 aliquamdiu
822 702 883 733 ali-

147 748 236 778 cubi.
267 747 339 778 Att.
360 747 403 778 xi.
420 748 450 778 6.
473 744 588 788 jacere
604 747 786 778 Brundisii.
812 747 879 777 *in

147 791 257 822 medio
280 800 365 829 esse,
391 791 541 821 nondum
565 795 770 831 occupatum
798 800 883 821 esse.

145 836 204 866 Or.
228 835 275 865 iii.
292 839 346 865 45.
377 834 435 865 sed
456 844 496 865 ea
509 832 659 875 jacentia
682 833 880 865 sustulimus

146 890 164 909 e
177 878 297 909 medio.
326 878 420 908 &e.¹‘
427 888 542 920 Jacere
556 878 728 916 dicuntur,
744 877 800 917 qui
817 877 880 908 mi-

146 932 209 953 nus
226 923 361 962 gratiosi
380 928 469 952 sunt.
493 924 564 952 Att
579 932 610 952 x.
627 925 659 955 7.
674 919 791 962 jacere
807 921 880 952 Cae-

145 976 255 997 sarem
267 967 448 997 offensione
458 965 621 1006 populari.
646 964 805 1005 Inprimis
821 975 880 995 au-

144 1017 229 1048 tem,
246 1011 301 1049 qui
318 1009 446 1040 nullam
462 1019 556 1050 spem
568 1009 786 1048 magistratus
799 1018 879 1039 con-

145 1054 305 1093 sequendi
330 1053 468 1092 habent,
492 1063 570 1083 cum
599 1052 766 1083 candidati
797 1053 879 1089 sint,

143 1102 205 1128 aut
226 1107 301 1127 eam
324 1097 431 1137 ipsam
454 1097 496 1127 ob
520 1106 669 1134 causam,
693 1096 772 1135 quia
794 1095 881 1126 nihil

144 1147 295 1182 sperant,
312 1150 353 1171 ne
377 1145 499 1181 petunt
516 1140 662 1180 quidem.
687 1139 821 1170 Muren.
847 1142 878 1170 Β.

146 1185 261 1216 multis
284 1185 362 1216 viris
385 1184 527 1215 fortibus
551 1194 593 1214 ne
613 1183 840 1223 ignobilitas„
823 1193 878 1213 «re-

145 1229 233 1260 neris
257 1229 470 1268 obiiceretur,
487 1237 563 1258 meo
587 1227 698 1258 labore
716 1236 787 1258 esse
804 1237 878 1268 per-

142 1274 293 1310 fectum;
314 1269 576 1319 qui—Jacebmzt.
598 1271 677 1302 ibid.
694 1273 747 1302 21.
772 1271 879 1302 vides-

145 1327 186 1346 ne
210 1322 250 1346 tu
265 1316 360 1347 illuni
376 1316 532 1346 tristem?
549 1313 656 1357 jacet,
672 1314 804 1352 diffidit,
819 1315 878 1345 ab-

136 1361 222 1399 jecit
234 1360 357 1391 hastas.
374 1359 438 1390 Off.
456 1360 502 1389 iii.
516 1362 567 1391 20.
593 1359 630 1390 C.
644 1358 785 1395 Marius,
798 1367 876 1388 cum

144 1414 162 1434 a
178 1414 236 1444 spe
260 1403 453 1434 consulatus
478 1404 576 1442 longe
592 1403 735 1440 abesset,
752 1405 787 1432 et
802 1403 874 1441 jam

143 1449 325 1489 septimum
349 1457 477 1478 annum
494 1452 567 1487 post
584 1452 766 1487 praeturam
781 1444 878 1487 juce-

142 1497 206 1529 ret,
223 1502 332 1530 neque
356 1491 524 1532 petiturus
549 1500 698 1530 unquam
722 1489 876 1520 consula-

142 1541 216 1566 tum
240 1536 419 1566 videretur.
442 1535 461 1553 ¹*
474 1535 660 1571 contemni,
677 1533 769 1575 parvi
786 1533 875 1564 duci.

143 1579 229 1611 Phil.
253 1580 296 1610 vi.
322 1583 353 1611 5.
376 1577 469 1619 jacet
491 1578 693 1608 beneficium
718 1577 874 1608 Nuculae.

141 1622 242 1654 Tusc.
265 1624 287 1653 i.
311 1625 341 1654 2.
361 1621 477 1662 jacent
501 1633 541 1652 ea
562 1631 706 1662 semper,
722 1630 796 1660 quae
812 1621 875 1651 im-

143 1668 338 1708 probantur.
364 1667 462 1697 Rosc.
487 1666 583 1696 Com.
610 1669 637 1696 l.
656 1663 751 1706 jacet
772 1674 875 1705 pecu-

143 1712 198 1741 nia
221 1710 507 1741 extraordinaria?
538 1709 572 1741 h.
596 1720 625 1739 e.
650 1710 696 1739 ita
720 1708 874 1748 neglig-is,

142 1760 182 1785 ut
199 1764 265 1785 non
283 1754 405 1785 referas
422 1765 462 1784 ex
478 1753 671 1784 adversariis
686 1754 718 1782 in
731 1752 876 1783 tabulas.

141 1799 205 1830 Off
222 1799 268 1829 iii.
285 1802 338 1829 33.
362 1798 497 1836 justitia
510 1795 613 1839 jacet.
644 1796 744 1826 Acad.
763 1796 804 1826 iv.
820 1798 874 1827 43.

141 1844 300 1873 virtutem
302 1840 429 1883 jacere.
442 1841 675 1871 *diminutum
685 1850 767 1870 csse.
776 1840 876 1871 Rosc.

142 1887 236 1917 Com.
259 1889 305 1918 12.
321 1884 436 1927 Jacent
459 1886 578 1925 pretia.
601 1895 632 1914 v.
651 1885 815 1914 Passerat.
834 1883 875 1914 ad

139 1930 173 1961 h.
192 1931 213 1961 1.
230 1929 284 1960 Sic
301 1930 461 1960 dicuntur
476 1930 546 1969 agri
555 1926 671 1970 jacere
687 1927 729 1957 ad
744 1928 815 1958 Att.
831 1927 874 1958 ix.

141 1978 172 2005 8.
189 1978 224 2004 et
239 1984 292 2015 ap.
307 1974 440 2004 petron.
457 1975 510 2003 44.
527 1971 772 2003 *confutatum
789 1980 873 2003 esse.

140 2018 217 2049 Div.
242 2018 275 2048 ii.
292 2020 344 2049 51.
368 2015 461 2058 jacet
483 2017 588 2056 igitur
602 2020 677 2046 tota
691 2015 874 2046 conclusio.

139 2062 212 2092 Fin.
228 2071 258 2092 v.
275 2063 328 2093 528.
343 2059 435 2103 jacet
450 2060 559 2090 omnis
573 2060 657 2090 ratio
675 2058 874 2099 Peripateti-

140 2115 268 2137 corum.
297 2105 317 2124 *
330 2105 371 2135 ad
393 2105 470 2135 Div.
485 2104 553 2134 viii.
570 2104 601 2134 6.
633 2103 698 2134 dici
715 2112 782 2133 non
798 2107 873 2143 pot-

139 2153 203 2187 est,
221 2149 388 2189 quomodo
411 2148 465 2178 hic
482 2147 596 2178 omnia
609 2145 767 2189 jaceant:
792 2146 824 2176 h.
842 2156 872 2177 e.

140 2192 225 2223 nihil
248 2197 377 2232 agatur.
408 2191 488 2222 *nil
511 2192 633 2228 valere,
658 2190 706 2221 nil
729 2191 873 2221 efficere.

138 2236 213 2267 Mil.
234 2240 284 2268 18.
308 2234 422 2278 jacent
438 2236 506 2266 suis
520 2235 674 2266 testibus.
696 2234 872 2273 *Adiicie-

139 2290 214 2311 mus
234 2281 336 2311 etiam
353 2280 475 2310 formas
494 2278 653 2318 quasdam
670 2279 870 2319 promiscue.

137 2324 231 2355 Verr.
256 2325 277 2354 i.
296 2327 348 2358 39.
378 2325 413 2354 in
430 2323 594 2354 oblivione
606 2320 734 2365 jaeerme
761 2322 824 2353 Or.
837 2321 872 2352 ii.

142 2372 192 2399 15.
217 2369 251 2398 in
267 2364 546 2408 silentiojacere:
570 2366 611 2397 de
628 2376 669 2397 ea
685 2376 732 2404 re,
747 2366 788 2396 de
805 2375 872 2405 qua.

137 2412 224 2443 nihil
239 2413 403 2461 scriptum
417 2417 468 2441 est
480 2415 539 2441 aut
554 2414 773 2451 praeceptum.
797 2409 870 2439 Att.

138 2467 169 2486 x.
186 2459 218 2487 4.
242 2454 409 2498 jaeerein
429 2464 579 2484 moerore.
612 2454 654 2484 ad
676 2454 753 2484 Div.
770 2463 800 2483 v.
821 2455 869 2487 17.

135 2505 291 2540 tempora
306 2500 340 2529 in
357 2499 460 2529 ruinis
477 2499 558 2538 reip.
566 2496 761 2539 jacuerunt.

180 2543 287 2593 dacio,
311 2543 443 2583 proprie
467 2542 590 2572 dicitur
612 2541 653 2572 de
676 2540 871 2578 missilibus,

137 2589 171 2618 in
203 2588 319 2628 primis
345 2586 446 2624 telis3
483 2586 571 2616 unde
598 2584 802 2616 transfertur
828 2584 870 2614 ad

136 2630 214 2670 alia,
232 2631 350 2670 quibus
375 2630 519 2669 aliquem
544 2628 709 2666 laedimus,
725 2632 760 2658 et
783 2631 870 2658 tam-

137 2685 237 2715 quam
250 2674 476 2704 vulneramus.
493 2673 605 2703 Plane.
621 2675 669 2703 1⁶3.
677 2670 765 2714 Jacis
777 2671 872 2702 adul-

134 2720 232 2749 teria.
247 2719 344 2748 Rosc.
359 2718 452 2748 (orn.
462 2722 493 2752 9.
502 2715 769 2758 Jacevecrimen.
787 2714 870 2746 Sull.

134 2766 166 2797 7.
182 2760 298 2804 jacere
321 2761 572 2791 contumeliam.
601 2760 658 2790 Or.
682 2761 734 2791 ‘26-
754 2757 871 2800 jacere

135 2814 170 2837 et
188 2807 323 2836 mittere
347 2805 542 2835 ridiculum.
565 2803 644 2843 *site
634 2804 798 2840 rnifieare,
815 2803 873 2834 de-

135 2850 309 2900 nunciare,
327 2849 460 2879 minari.
481 2848 553 2879 Att.
574 2848 609 2878 ii.
635 2851 665 2881 7.
689 2846 773 2877 illud
790 2846 871 2886 quid

132 2894 191 2933 sit,
207 2894 291 2925 scire
313 2893 424 2933 cupio,
441 2891 530 2932 quod
543 2889 633 2934 jacis
648 2891 796 2922 obscure.
821 2891 865 2922 ib.

664 92 812 123 INDEX
843 94 1141 123 LATINITATIS.

928 185 980 214 ⁶23.
1004 189 1147 214 terrores
1164 178 1251 223 jacie
1267 182 1367 221 atque
1383 179 1578 214 denunciat.
1601 182 1619 203 ’Ν
1630 193 1665 214 e-

927 226 1018 263 dere,
1034 225 1220 256 ostendere.
1243 225 1314 256 Att.
1332 235 1384 255 xv.
1403 227 1456 256 QG.
1483 227 1663 257 nonnullos

927 270 1097 300 interdum
1105 267 1194 309 jacit
1208 267 1373 308 igniculos
1385 269 1504 299 viriles.
1530 270 1548 287 ¹*
1560 280 1664 310 pone-

928 323 974 344 re.
1005 313 1084 352 Agr.
1102 313 1134 343 ii.
1157 315 1206 344 15.
1236 312 1377 352 gradum
1398 319 1433 342 et
1456 313 1586 344 aditum
1601 312 1662 355 J'a-

926 367 1008 388 cere.

969 399 1128 435 ‹Iac-tatio,
1144 399 1264 429 vitium
1285 399 1387 430 animi
1415 410 1454 430 ex
1470 401 1663 440 arrogantia

925 448 961 473 et
975 443 1077 474 fastu.
1108 443 1209 473 Tusc.
1225 443 1267 473 iv.
1284 447 1316 477 9.
1338 441 1480 483 jactatio
1502 447 1552 473 est
1568 444 1662 474 volu-

926 491 1000 527 ptas
1023 486 1169 527 gestiens
1191 490 1227 516 et
1242 496 1276 517 se
1292 486 1431 516 efferens
1450 486 1660 518 insolentiuS.

926 527 1091 571 *jactatio
1113 534 1163 560 est
1187 531 1290 561 etiam
1314 530 1465 561 studium
1483 531 1659 570 captandae

923 575 1053 614 gratiae,
1082 573 1274 604 venditandi
1300 584 1334 604 se
1362 573 1476 604 alicui.
1512 573 1593 604 Har.
1617 575 1659 605 R.

925 620 977 648 2³0.
1013 617 1067 648 hic
1095 618 1222 658 primus
1254 617 1366 648 aditus
1392 617 1434 647 ad
1465 618 1660 657 popularem

913 659 1143 701 jactationem.
1168 660 1303 692 Cluent.
1332 664 1386 691 35.
1417 661 1512 691 Prov.
1541 661 1578 691 C.
1609 662 1659 692 16.

913 702 1057 745 jactatio
1083 704 1265 745 popularis.
1297 704 1355 735 Or.
1383 707 1413 734 3.
1440 703 1657 746 jactationem

922 748 1041 779 habuit
1058 748 1091 779 in
1113 748 1237 789 populo
1254 746 1456 787 eloquentia.
1479 748 1498 766 ²*
1511 747 1551 778 de
1576 758 1661 779 nave

921 793 956 823 in
973 796 1189 832 tempestate.
1220 791 1354 821 Muren.
1371 793 1402 822 2.
1427 802 1445 821 e
1462 801 1586 830 magna
1598 791 1659 834 J'a-

918 836 1058 866 ctatione
1073 841 1198 865 terram
1214 834 1338 865 videre.
1354 845 1384 864 v.
1400 835 1538 874 jactare.

961 880 1115 916 Jactare,
1132 883 1184 909 est
1206 881 1316 909 motus
1334 879 1427 918 quasi
1445 878 1657 919 prolusionis.

917 921 1018 953 Tusc.
1046 923 1079 953 ii.
1103 924 1156 953 23..
1178 920 1314 964 jactare
1337 926 1489 952 caestum.
1512 922 1657 952 *osten-

917 970 1002 1004 tare,
1016 966 1198 997 insolenter
1214 976 1248 996 se
1265 966 1394 1003 efferre,
1408 966 1553 1005 gloriari.
1577 967 1658 996 Dei-

918 1014 965 1040 ot.
992 1014 1039 1041 10.
1076 1015 1218 1049 quantos
1243 1019 1425 1040 concursus
1447 1009 1557 1040 facere
1573 1009 1658 1039 sole-

917 1053 988 1092 bat,
1006 1064 1105 1093 quam
1129 1064 1164 1084 se
1178 1052 1327 1095 jactare,
1349 1063 1450 1092 quam
1475 1057 1658 1085 ostentare.

918 1097 990 1128 Att.
1015 1098 1049 1128 ii.
1073 1099 1126 1128 21.
1151 1099 1207 1137 qui
1231 1102 1333 1127 antea
1354 1097 1474 1127 solitus
1494 1095 1657 1137 essetja-

918 1146 1009 1172 ctare
1031 1151 1065 1171 se
1090 1141 1422 1180 magnificentissime
1448 1141 1482 1170 in
1507 1141 1565 1171 illo
1583 1139 1655 1171 loco

918 1195 1051 1215 summo
1067 1195 1145 1215 cum
1161 1195 1272 1215 amore
1289 1184 1489 1225 populi—ut
1505 1184 1559 1214 ille
1575 1189 1652 1215 tum

919 1228 1119 1265 humilis,ut
1137 1228 1299 1259 demissus
1316 1232 1397 1258 erat.
1423 1227 1529 1258 Flacc.
1542 1230 1593 1260 26.
1619 1229 1653 1258 in

918 1272 981 1302 hac
1005 1273 1110 1312 igitur
1132 1273 1213 1302 urbe
1237 1283 1271 1302 se
1289 1270 1432 1313 jactent,
1449 1282 1549 1311 quam
1576 1272 1655 1302 ode-

917 1320 1009 1346 runt.
1033 1317 1130 1346 Rosc.
1148 1316 1186 1347 A.
1204 1320 1235 1350 9.
1261 1316 1294 1345 in
1319 1316 1413 1345 bonis
1433 1316 1524 1346 Sext.
1540 1316 1652 1346 Roscii

915 1357 1157 1401 sejactantem.
1190 1359 1291 1390 Catil.
1309 1360 1342 1389 ii.
1358 1364 1390 1393 9.
1420 1359 1475 1397 qui
1492 1369 1526 1389 se
1544 1359 1656 1399 inspe-

917 1405 997 1434 ratis
1030 1404 1283 1443 repentinisqne
1315 1403 1466 1443 pecuniis
1500 1407 1655 1433 sumtuo-

916 1447 984 1478 sius
1002 1447 1267 1486 insolentiusque
1275 1444 1466 1488 jactarant.
1484 1446 1526 1477 cf.
1544 1447 1601 1477 Or.
1617 1447 1654 1477 ii.

917 1494 970 1522 58.
994 1491 1115 1522 ‘Hinc
1138 1492 1242 1521 etiam
1266 1499 1380 1521 orator
1401 1490 1526 1520 dicitur
1541 1500 1575 1520 se
1589 1489 1651 1531 J'a-

913 1539 1032 1565 ctare:
1070 1537 1153 1565 item
1184 1533 1414 1575 philosophus,
1445 1544 1522 1564 cum
1554 1543 1654 1573 argu-

915 1587 1031 1609 mento
1047 1578 1147 1609 alicui
1168 1578 1321 1615 confidit,
1338 1578 1368 1608 ei
1391 1578 1603 1616 immoratur,
1619 1578 1654 1609 id

915 1629 1015 1662 urget
1038 1623 1098 1652 ἀρ.
1122 1622 1216 1652 Verr.
1240 1632 1270 1652 v.
1294 1625 1320 1652 l.
1352 1622 1429 1652 novi
1447 1622 1579 1651 locum:
1604 1623 1654 1652 vi-

914 1665 990 1704 deo,
1013 1666 1069 1697 ubi
1094 1676 1129 1696 se
1145 1663 1341 1706 jactaturus
1367 1665 1410 1695 sit
1436 1665 1651 1696 Hortensius.

916 1709 988 1740 Fin.
1006 1709 1027 1741 i.
1049 1713 1098 1741 10.
1132 1710 1167 1740 in
1185 1720 1250 1749 quo
1270 1720 1304 1739 se
1318 1707 1456 1751 jactare
1469 1713 1582 1749 posset
1596 1719 1652 1739 ve-

913 1757 982 1784 stra
1004 1753 1121 1785 oratio.
1144 1754 1241 1785 Rosc.
1263 1754 1302 1784 A.
1326 1755 1378 1784 32.
1404 1764 1470 1792 quo
1492 1758 1527 1783 te
1551 1752 1651 1783 modo

904 1795 1067 1839 jactares.
1093 1797 1136 1828 cf.
1163 1797 1270 1828 Flacc.
1297 1799 1350 1828 20.
1374 1796 1578 1827 *venditare
1602 1807 1652 1833 se,

913 1841 1057 1881 gratiam
1086 1847 1231 1881 captare.
1272 1842 1364 1871 Sext.
1392 1843 1444 1872 53.
1480 1841 1529 1870 ita
1554 1850 1588 1870 se
1615 1841 1650 1871 in

914 1885 1067 1926 populari
1081 1881 1384 1925 rationejaclarat.
1416 1883 1487 1914 Att.
1503 1884 1538 1914 ii.
1558 1887 1586 1914 1.
1618 1895 1650 1915 v.

914 1929 1021 1959 Graev.
1050 1929 1092 1959 ad
1116 1929 1186 1959 Cic.
1212 1928 1254 1959 ad
1278 1929 1353 1959 Div.
1377 1928 1444 1958 viii.
1473 1930 1521 1958 10.
1552 1927 1649 1958 video

913 1973 1097 2003 Curionem
1133 1982 1170 2003 se
1208 1971 1386 2011 dupliciter
1421 1969 1646 2012 jactaturum.

912 2026 1118 2056 quamquam
1131 2016 1177 2046 ibi
1178 2013 1313 2057 jactare
1322 2015 1447 2045 dictum
1464 2025 1535 2046 esse
1549 2015 1648 2046 aliter

911 2064 1009 2100 puto,
1028 2070 1162 2100 nempe,
1180 2065 1218 2090 ut
1234 2059 1276 2090 ad
1292 2059 1368 2091 Div.
1385 2060 1418 2089 ii.
1444 2062 1492 2090 15.
1525 2060 1560 2090 in
1583 2069 1650 2098 qua.

909 2111 950 2134 tu
980 2113 1049 2134 non
1077 2103 1172 2134 valde
1201 2108 1237 2133 te
1256 2101 1397 2144 jactas:
1435 2102 1468 2133 h.
1502 2113 1530 2133 c.
1564 2102 1649 2133 nihil

911 2157 1116 2188 magnopere
1145 2148 1231 2187 agis,
1257 2147 1410 2187 quiescis,
1441 2146 1533 2177 *Est
1563 2146 1647 2177 adeo

910 2202 970 2231 pro
985 2191 1128 2231 placere.
1155 2191 1253 2222 Brut.
1269 2191 1322 2222 66.
1354 2200 1421 2220 non
1445 2190 1493 2220 ita
1514 2190 1572 2221 diu
1585 2188 1648 2231 ja-

908 2239 999 2265 ctare
1014 2245 1049 2266 se
1065 2235 1177 2276 potuit
1193 2236 1253 2266 &c.
1281 2235 1300 2253 '¹‘
1314 2235 1375 2265 Est
1388 2235 1489 2265 etiam
1505 2235 1647 2264 actionis

909 2279 1044 2317 vitium,
1061 2279 1149 2319 quod
1163 2278 1236 2309 scil.
1251 2279 1425 2319 proprium
1440 2283 1492 2307 est
1506 2278 1576 2308 fere
1592 2277 1645 2315 iis,

911 2323 967 2362 qui
986 2332 1020 2352 se
1037 2321 1226 2360 venditant,
1243 2326 1303 2352 aut
1319 2322 1380 2352 sibi
1399 2322 1432 2351 in
1448 2321 1558 2361 aliqua
1572 2331 1645 2351 ora-

907 2367 1010 2397 tionis
1027 2369 1121 2407 parte
1134 2366 1232 2396 nimis
1247 2365 1391 2406 placent.
1408 2366 1502 2396 Brut.
1515 2366 1567 2396 60.
1581 2365 1645 2396 nisi

907 2420 941 2439 se
965 2420 1026 2440 suo
1051 2420 1142 2440 more
1160 2408 1364 2449 jactaris-set,
1389 2409 1485 2439 hodie
1510 2413 1544 2439 te
1569 2409 1646 2439 istic

907 2463 1033 2484 muscae
1058 2453 1293 2484 comedissent.
1321 2454 1415 2483 Verr.
1440 2453 1487 2483 iii.
1516 2456 1563 2484 l‘).
1586 2451 1646 2494 ja-

905 2498 1006 2528 ctabit
1015 2498 1238 2536 cerviculam;
1255 2497 1296 2528 de
1309 2497 1502 2527 Hortensio.
1526 2496 1544 2514 ¹*
1555 2507 1646 2527 com-

908 2551 1040 2571 movere
1055 2551 1104 2579 se,
1126 2541 1227 2571 Tusc.
1245 2542 1279 2572 ii.
1299 2544 1348 2575 19.
1378 2540 1429 2570 his
1443 2545 1482 2570 tu
1499 2550 1646 2580 praesen-

908 2585 997 2614 tibus
1014 2595 1161 2625 gemere,
1174 2590 1209 2615 et
1224 2592 1257 2615 te
1268 2582 1401 2626 jactare
1415 2594 1482 2614 non
1495 2584 1644 2615 audebis.

907 2628 1038 2659 *Tusa
1056 2629 1096 2659 iv.
1124 2631 1173 2659 10.
1189 2626 1398 2669 jactantibus
1420 2638 1454 2658 se
1477 2629 1646 2668 opinioni-

905 2672 967 2702 bus
994 2672 1225 2703 inconstanter
1251 2677 1286 2703 et
1306 2670 1451 2703 turbide.
1475 2672 1493 2690 ἕ
1509 2672 1646 2702 Jacfari

908 2715 1081 2754 dicuntur,
1106 2717 1162 2755 qui
1191 2721 1249 2746 aut
1277 2717 1311 2746 in
1337 2716 1438 2746 turba
1465 2715 1577 2754 aliqua
1603 2716 1645 2746 ab

908 2769 976 2789 uno
994 2759 1067 2790 loco
1091 2761 1124 2790 in
1142 2760 1246 2790 alium
1263 2759 1462 2796 truduntur,
1480 2766 1519 2789 ut
1535 2760 1643 2789 consi-

908 2808 996 2833 stere
1018 2814 1084 2833 non
1115 2805 1254 2843 possint.
1279 2803 1393 2833 Plane.
1419 2800 1582 2842 7.j11cl0r
1608 2803 1644 2833 in

908 2847 1020 2878 turba.
1044 2846 1137 2877 Verr.
1162 2848 1182 2878 i.
1205 2848 1257 2879 26.
1273 2845 1430 2889 jactatur
1445 2846 1535 2876 domi
1551 2856 1620 2877 suae
1635 2858 1643 2874 z

907 2896 968 2922 aut
991 2901 1011 2922 a
1033 2892 1205 2923 maritima
1227 2894 1428 2933 tempestate
1445 2889 1644 2933 deprehensi
