1920 3196
237 88 324 128 460

237 194 274 219 et
285 189 412 218 torulus
423 194 473 217 est
484 186 665 219 funiculus.
682 188 746 219 vid.
759 189 837 220 Lex.
848 189 977 221 Rustic.

237 233 377 262 Gesneri
403 232 436 261 in
463 236 563 261 torus.
602 232 643 262 cf.
669 232 808 262 casaub.
833 233 873 263 ad
898 233 979 264 Sue-

238 279 310 305 ton.
327 276 406 305 Ner.
424 278 476 305 535.
505 276 625 314 Cuper.
643 276 683 305 ad
708 276 884 316 Apotheos.
910 277 978 307 llo·

238 328 320 349 mer.
340 329 414 358 pag.
436 322 505 353 139.
534 319 627 349 Viros
646 318 732 349 doct.
752 320 791 349 ad
808 320 977 351 Ammian.

237 363 326 393 xxix.
344 365 374 396 7.

285 406 393 436 Totus.
411 409 520 435 totum
539 415 597 444 pro
610 416 644 436 re
661 415 804 443 summa,
818 417 842 437 s.
856 417 914 446 pro
926 417 978 445 co,

236 449 324 489 quod
348 454 399 479 est
423 456 524 488 caput
549 453 581 479 et
606 459 738 479 summa
762 451 819 480 rei.
850 451 920 481 Art.
946 460 975 481 v.

235 495 290 525 ⁶20.
313 500 364 523 est
389 497 504 529 totum,
532 493 610 530 quid
634 492 708 523 Kal.
731 493 861 524 Martiis
886 495 977 524 futu—

236 546 310 567 rum
330 537 382 566 sit.
401 537 441 566 ad
453 536 517 575 Ωιι.
530 537 580 566 Fr.
594 537 639 566 iii.
653 540 678 567 1.
694 547 722 566 c.
739 540 764 567 1.
781 542 881 568 totum
893 540 925 568 in
939 548 977 567 eo

235 585 300 617 est,
318 584 355 609 ut
371 581 430 609 διο.
457 580 475 596 *⁷
488 580 528 609 ad
544 580 619 610 Div.
637 590 688 610 xv.
705 583 736 610 4.
764 586 824 610 tolo
853 582 905 619 iis,
922 586 976 620 qui

236 624 351 653 novari
379 623 503 662 aliquid
529 623 694 653 volebant.
727 625 783 654 ubi
812 625 876 655 vid.
904 625 976 654 Ma-

236 667 361 696 nutius.
392 677 468 696 cum
497 667 642 705 genitivo
670 667 755 697 dixit
781 668 851 698 Liv.
880 679 976 699 xxxv.

233 713 265 741 3.
298 710 482 740 multitudo
506 715 571 740 tota
594 710 748 741 Antiochi
766 717 848 741 erat.
880 712 975 742 *Ate

234 753 303 784 xiii.
325 755 378 784 20.
409 755 633 793 quicquamne
660 764 710 783 me
736 760 834 795 putas
859 765 976 786 curare

234 798 269 828 iu
287 801 360 834 toto,
379 798 439 826 nisi
458 802 496 827 ut
511 798 539 827 ci
559 807 600 827 ne
617 798 734 828 desim.
765 802 878 839 putem
904 809 974 829 esse

235 850 270 872 ln
283 851 489 871 universum.

280 883 441 915 Trabalis.
471 885 564 915 Verr.
581 895 609 914 v.
627 887 678 915 2⁷1.
704 889 743 915 ut
759 886 973 924 beneficium,

234 929 517 967 quemadmodum
552 929 688 965 dicitur,
721 930 843 959 trab-alc
882 929 973 960 clavo

235 973 372 1011 figeret:
399 971 430 1002 h.
447 983 475 1001 e.
494 973 719 1002 firmissimum
738 974 894 1003 effice-ret.

281 1015 486 1052 Tractabz'lis,
500 1016 555 1054 qui
572 1017 665 1055 tangi
683 1019 803 1055 potest.
821 1017 972 1047 Univers.

231 1061 265 1089 4.
294 1069 489 1099 corporeum
521 1065 556 1089 et
586 1060 799 1099 aspectabile,
825 1060 971 1099 itemque

234 1104 405 1133 tractabile
428 1113 527 1133 omne
552 1112 684 1133 necesse
708 1110 757 1134 est
783 1114 867 1142 esse,
885 1104 972 1143 quod

234 1150 351 1176 natum
370 1150 432 1177 est.

279 1190 452 1226 Tractare,
471 1190 600 1230 proprie
624 1195 675 1220 est
691 1191 885 1228 contingere
901 1201 970 1221 ma-

234 1234 345 1271 nibus,
363 1234 396 1262 in
423 1235 574 1263 manibus
598 1234 731 1271 habere,
747 1240 785 1265 ut
808 1235 922 1264 Parati.
942 1245 970 1264 v.

232 1279 264 1309 2.
282 1277 511 1307 matellionem
530 1278 741 1308 Corinthium
759 1279 971 1317 cupidissime

231 1325 391 1352 tractans.
421 1321 521 1351 Tusc.
544 1332 574 1352 ν.
599 1325 649 1352 38.
686 1332 736 1358 ea,
762 1332 834 1361 quae
860 1330 971 1360 guste-

232 1374 321 1401 mus,
345 1364 553 1402 olfaeiamus,
570 1370 759 1402 tractemus,
784 1365 969 1396 audiamus.

231 1408 506 1445 *admouisti-are,
536 1419 649 1439 curam
676 1409 815 1446 alicujus
840 1410 885 1438 rei
917 1419 971 1439 su-

230 1453 365 1483 stinere.
399 1452 440 1483 azl
469 1453 544 1483 Div.
563 1454 698 1486 xiii.77.
736 1453 969 1483 biblietheeam

231 1505 340 1526 meam
365 1498 532 1527 tractavit.
564 1497 596 1526 in
623 1496 735 1526 Caecil.
762 1500 808 1526 10.
834 1497 925 1527 Verr.
941 1508 970 1527 v.

231 1541 284 1571 24.
330 1544 476 1570 tractare
507 1541 684 1581 pecuniam
716 1540 896 1579 publicam,
930 1541 970 1570 de

231 1588 408 1622 quaestore.
439 1584 686 1614 *considerarem
719 1584 819 1614 Tusc.
847 1585 888 1613 iv.
918 1587 969 1616 ⁴24.

230 1631 341 1657 tracta
364 1627 595 1658 definitionem
627 1627 847 1658 fortitudinis.
886 1627 970 1667 *ge-

231 1680 303 1701 rere
321 1681 367 1701 se.
397 1671 496 1701 Catil.
514 1672 561 1701 iii.
584 1674 631 1702 12.
658 1672 706 1701 ita
721 1681 772 1701 me
791 1671 824 1701 in
843 1672 969 1712 republ.

230 1715 385 1745 tractabo.
414 1715 455 1745 cf.
473 1716 514 1745 ad
529 1716 604 1746 Div.
623 1715 689 1745 xiii.
712 1717 759 1746 12.
791 1715 968 1745 *commo-

229 1766 319 1795 vere,
356 1759 527 1798 impellere
574 1759 738 1789 animum.
783 1758 879 1789 Brut.
918 1763 969 1790 50.

230 1806 362 1832 mentes
387 1803 492 1832 verbis
517 1807 550 1833 et
573 1803 749 1833 sententiis
780 1809 814 1832 et
838 1804 968 1833 actione

230 1849 431 1877 tractantur.
469 1847 563 1877 Orat.
596 1849 649 1878 28.
687 1846 887 1885 eloquentiae
919 1854 970 1877 est

229 1893 377 1920 tractare
392 1890 533 1927 animm,
551 1895 586 1920 et
608 1891 700 1920 omni
725 1891 822 1921 modo
840 1901 969 1930 permo-

228 1942 315 1963 vere.
356 1934 435 1963 *est
472 1935 572 1964 etiam
613 1934 748 1964 verbum
788 1935 969 1964 scenicum.

230 1985 308 2006 nam
328 1981 453 2007 actores
471 1978 630 2008 dicuntur
642 1987 799 2017 personas
811 1982 968 2008 tractare.

230 2019 328 2050 Rose.
354 2021 448 2051 Com.
461 2025 492 2055 7.
509 2023 602 2060 cujus
620 2030 792 2060 personam
812 2022 969 2061 praeclare

227 2062 368 2094 Roscius
400 2065 434 2094 in
471 2075 571 2095 scena
606 2069 751 2095 tractare
787 2066 969 2096 consuevit.

228 2106 399 2138 *tractari
423 2109 456 2138 in
483 2119 515 2138 re
539 2109 649 2147 aliqua
666 2109 838 2145 dicuntur,
856 2110 911 2148 qui
936 2110 969 2138 in

227 2160 268 2181 ea
283 2161 370 2191 saepe
387 2152 599 2191 multumque
616 2158 802 2182 versantur.
827 2153 925 2182 Arch.
939 2155 968 2183 ⁶2.

227 2199 264 2224 et
290 2196 323 2225 in
355 2196 518 2234 ejusmodi
549 2206 701 2236 persona,
729 2206 802 2235 quae
835 2202 970 2236 propter

226 2238 335 2268 otium
364 2250 401 2269 ac
425 2239 588 2277 studium,
614 2240 750 2270 mininie
778 2240 811 2269 in
832 2240 968 2278 judiciis

226 2282 449 2322 periculisque
481 2288 567 2314 tract
580 2288 626 2313 tta
653 2288 709 2313 est.
755 2283 968 2313 Burmannus

227 2325 270 2354 ad
300 2326 394 2356 Ovid.
423 2327 518 2357 Rem.
552 2295 588 2357 A.
620 2331 693 2358 381.
733 2327 819 2356 male
851 2328 969 2366 probat

227 2367 404 2401 Passeratii
428 2371 756 2411 interpretationem,
782 2381 798 2400 e
823 2370 969 2400 formula

227 2410 297 2449 illa,
315 2423 391 2442 cum
409 2418 515 2454 po'etae
534 2424 708 2454 personam
728 2414 872 2452 aliquam
899 2419 969 2444 tra-

225 2459 317 2486 ctare
339 2456 510 2487 dicuntur.
558 2458 642 2488 Nam
665 2457 726 2487 hoc
744 2461 795 2487 est
810 2458 968 2487 inducere

226 2503 397 2537 agentem,
415 2501 623 2540 loquentem,
645 2501 732 2540 quod
756 2500 788 2531 h.
814 2501 876 2531 loe.
901 2511 967 2531 non

225 2543 396 2573 convenit.

272 2585 450 2618 Praetutia.
483 2587 577 2617 Orat.
596 2591 647 2619 35.
681 2589 832 2619 tractatio
856 2598 967 2618 rerum

225 2629 329 2659 efficit
351 2631 630 2661 admirabiliorem
659 2634 858 2662 orationem.
889 2642 966 2662 nam

224 2672 306 2713 ipsae
338 2675 471 2713 quidem
514 2685 563 2704 res
603 2676 636 2705 in
675 2676 822 2715 perfacili
853 2677 968 2714 cogni-

224 2716 318 2747 tione
349 2724 535 2748 versantur.
577 2728 696 2758 nempe
730 2720 887 2748 tractatio
918 2728 967 2749 est

226 2760 345 2790 modus
369 2768 403 2791 et
426 2763 522 2797 ratio,
541 2772 607 2801 qua
630 2773 680 2792 res
704 2763 744 2793 ab
766 2770 895 2793 oratore
920 2763 968 2792 di-

225 2808 353 2835 cuntur
380 2809 415 2835 et
445 2810 617 2837 ornantur.
649 2806 706 2836 Or.
737 2806 783 2836 iii.
813 2808 864 2837 23.
897 2810 967 2836 tra-

221 2849 320 2878 ctatio
353 2848 493 2891 (rerum)
527 2860 568 2881 ex
605 2859 640 2881 se
680 2850 789 2891 giguit
829 2850 966 2891 aliquid,

223 2891 313 2930 quod
331 2891 392 2927 διο,

778 99 923 129 INDEX
953 97 1250 130 LAT1N1TAT13.

1070 190 1258 227 Tmo-tatus,
1281 190 1331 222 us.
1369 191 1427 222 Or.
1451 191 1498 223 iii.
1522 193 1576 223 23.
1612 194 1762 222 tractatu

1023 234 1168 274 ipsarum
1188 236 1308 264 artium
1328 234 1497 265 delectari.
1516 242 1566 266 est
1582 233 1622 264 de
1639 235 1690 272 iis,
1703 235 1759 274 qui

1022 278 1103 308 nihil
1129 278 1219 308 aliud
1243 284 1363 318 agunt,
1379 279 1418 308 de
1442 279 1680 319 professoribus
1705 288 1760 308 ea.-

1021 330 1107 351 run..

1066 365 1100 395 T
1098 369 1254 395 ructatus.
1285 365 1349 404 adj.
1373 372 1532 396 versatus.
1561 376 1590 395 v.
1614 368 1764 396 tractare

1021 414 1105 438 extr.
1135 408 1403 440 *considerando
1423 414 1458 439 et
1473 410 1629 439 discendo
1646 409 1762 447 cogni-

1020 457 1085 481 tus.
1116 453 1172 481 Ur.
1192 455 1242 483 33.
1274 459 1386 482 orator
1408 452 1528 483 habeat
1546 463 1661 482 omnes
1686 452 1760 492 phi-

1021 494 1177 534 losophiae
1210 501 1304 525 notos
1336 502 1369 526 et
1400 501 1555 527 truelatos
1584 496 1682 526 locos.
1717 495 1760 526 cf.

1020 539 1076 568 Or.
1095 539 1140 568 iii.
1161 541 1210 569 14.
1241 539 1375 576 *ac-tus,
1394 546 1519 579 gestuS.
1551 539 1699 569 Herenn.
1717 540 1761 570 iv,

1020 583 1072 611 24.
1094 582 1161 612 vita
1178 581 1314 612 honeste
1332 588 1488 614 tractata.
1513 583 1760 623 *composituffi

1019 624 1138 655 faetus.
1170 625 1227 655 Or.
1244 626 1296 659 67.
1328 628 1459 657 incisim
1486 632 1521 657 et
1547 627 1761 657 membratim

1019 673 1166 699 ἰναείαία
1195 670 1318 699 oratio.
1357 671 1419 700 nisi
1450 670 1662 700 scribendum
1692 673 1761 700 tra-

1020 717 1084 742 cta.
1581 709 1585 713 ’

1064 756 1215 792 Tractus,
1232 756 1281 786 hs.
1312 757 1368 786 Or.
1386 757 1419 787 ii.
1439 760 1487 787 13.
1513 761 1621 787 tractu
1637 757 1760 786 oratio·

1019 800 1068 828 nis
1100 799 1161 829 levi
1193 803 1227 829 et
1260 800 1414 839 aequabili
1453 800 1628 840 perpolivit
1663 809 1758 839 opus.

1018 842 1115 873 alit‹·r
1138 847 1186 873 est
1210 848 1335 873 tractus
1359 844 1531 873 verborum
1563 844 1620 874 Or.
1635 843 1679 885 ji.
1704 846 1757 874 50.

1018 886 1057 915 de
1082 887 1358 925 pronunciatione
1382 887 1488 917 tarda.
1518 887 1624 917 *Dim
1649 887 1683 917 ii.
1702 887 1756 917 46.

1017 930 1091 970 plus
1121 935 1285 960 terrarum
1319 931 1415 967 situs,
1440 941 1540 969 quam
1570 931 1658 961 lunae
1687 934 1760 961 tra-

1016 978 1097 1011 ctus,
1116 974 1155 1003 ad
1172 974 1377 1004 nascendum
1400 975 1519 1004 valere.
1565 974 1669 1005 Lunae
1685 979 1760 1004 tra-

1015 1022 1103 1047 ctum
1132 1024 1220 1047 recte
1244 1018 1292 1047 vir
1315 1018 1431 1048 doctus
1455 1019 1488 1047 in
1513 1017 1592 1048 Obs.
1618 1018 1712 1048 Misc.
1737 1027 1757 1049 a

1017 1060 1085 1090 Cel.
1106 1061 1265 1092 Dor-villio
1290 1062 1429 1099 curatis,
1445 1061 1519 1091 Vol.
1544 1062 1590 1091 iii.
1607 1071 1682 1101 pag.
1706 1064 1754 1095 17.

1015 1105 1256 1145 interpretatur
1283 1114 1433 1142 cursum,
1460 1109 1602 1141 motum,
1620 1112 1654 1135 et
1683 1115 1761 1135 om·

1017 1158 1091 1177 nem
1125 1148 1242 1178 faciem
1277 1148 1365 1178 lunae
1397 1159 1473 1178 cum
1513 1149 1633 1188 spatio,
1664 1148 1754 1187 quod

1015 1193 1190 1231 percurrit.
1237 1192 1290 1221 Sic
1314 1193 1459 1222 siderum
1486 1197 1610 1222 tractus
1633 1197 1683 1222 est
1701 1201 1755 1232 ap.

1016 1236 1133 1265 Manil.
1151 1236 1170 1265 i.
1189 1238 1261 1266 5:3⁶2.
1283 1236 1329 1265 iii.
1347 1237 1420 1266 360.
1453 1236 1540 1274 quod
1564 1236 1604 1265 de
1627 1242 1702 1265 ortu
1719 1240 1756 1267 et

1014 1281 1243 1318 progressione
1274 1289 1388 1309 eorum
1430 1279 1588 1319 intelligit
1621 1279 1754 1310 Curtius

1015 1323 1054 1352 acl
1079 1323 1213 1352 Sallust.
1237 1323 1315 1362 Jug.
1341 1333 1372 1363 p.
1397 1323 1471 1354 634.
1501 1324 1630 1363 Nempe
1654 1324 1680 1352 si
1705 1326 1755 1354 ita

1015 1366 1130 1397 Cicero
1154 1368 1297 1406 scripsit,
1322 1367 1370 1396 ita
1393 1368 1605 1406 capiendum.
1636 1366 1693 1396 sed
1716 1366 1753 1398 in

1013 1414 1119 1440 taetus
1145 1410 1366 1447 ostendimus,
1390 1410 1561 1440 meliorem
1588 1410 1682 1440 nobis
1704 1410 1755 1440 vi-

1013 1454 1080 1483 deri
1100 1454 1289 1490 lectionem,
1307 1458 1414 1484 tactus
1430 1454 1528 1484 lunae.
1554 1454 1610 1484 ubi
1626 1454 1691 1484 vid.

1058 1496 1212 1533 Tractus,
1240 1498 1304 1536 adj.
1334 1498 1500 1537 inceptus,
1528 1498 1663 1527 initium
1695 1497 1756 1528 ha-

1012 1541 1104 1570 bens.
1143 1542 1236 1572 Brut.
1265 1542 1295 1571 6.
1327 1541 1367 1571 ab
1406 1543 1469 1571 isto
1500 1542 1596 1571 initio
1628 1545 1754 1572 tractus

1011 1595 1131 1614 serino.
1171 1585 1249 1615 Nat.
1273 1585 1315 1615 D.
1344 1585 1377 1615 ii.
1407 1588 1458 1616 55.
1489 1595 1580 1615 venae
1610 1595 1629 1614 a
1655 1585 1754 1616 corde

1012 1633 1125 1658 traesce
1141 1632 1174 1658 et
1192 1628 1360 1668 profectae,
1377 1629 1411 1658 in
1428 1638 1527 1658 omne
1552 1639 1669 1668 corpus
1692 1629 1755 1659 du-

1013 1676 1146 1702 cuntur.
1184 1673 1298 1712 *saepe
1327 1672 1461 1702 dilatus.
1494 1672 1612 1702 Milon.
1635 1677 1666 1707 9.
1699 1682 1754 1703 co·

1014 1717 1113 1746 mitia
1141 1721 1261 1746 tracta.
1304 1716 1431 1753 *lenum
1463 1716 1534 1746 sine
1565 1717 1754 1756 asperitate.

1014 1760 1069 1790 Or.
1088 1760 1121 1790 ii.
1145 1763 1191 1790 15.
1217 1765 1361 1790 tractum
1379 1769 1483 1798 genus
1499 1760 1671 1790 orationis·
1694 1761 1754 1791 Or.

1012 1806 1064 1834 ΞΟ.
1080 1804 1112 1833 in
1130 1803 1269 1834 historia
1286 1808 1394 1835 tracta
1406 1803 1572 1842 quaedam,
1585 1809 1619 1833 et
1631 1804 1752 1842 fluens,

1011 1848 1191 1886 expetitur,
1217 1857 1284 1878 non
1311 1847 1383 1877 haec
1428 1853 1582 1877 contorta
1607 1853 1642 1878 et
1667 1849 1752 1878 acris

1012 1892 1128 1921 oratio.

1058 1935 1215 1972 Tradere,
1240 1934 1485 1965 commendare.
1517 1934 1610 1965 Verr.
1635 1934 1681 1964 iii.
1702 1936 1752 1966 12.

1012 1988 1078 2008 non
1104 1989 1123 2008 :i
1147 1986 1240 2018 patre
1264 1980 1294 2008 ei
1319 1979 1445 2009 traditi.
1477 1978 1518 2008 ad
1541 1979 1617 2008 Div.
1642 1979 1696 2008 vii.
1721 1981 1752 2010 5.

1011 2026 1123 2052 totum
1142 2022 1311 2052 hominem
1327 2023 1388 2052 tibi
1408 2023 1502 2052 trado
1519 2022 1558 2051 de
1582 2032 1684 2052 manu
1713 2023 1750 2052 in

1012 2076 1164 2102 manum,
1191 2071 1230 2096 ut
1260 2067 1366 2097 aiunt.
1407 2066 1568 2096 *tradere
1592 2076 1626 2096 se
1651 2065 1753 2096 alicui

1012 2111 1113 2139 etiam
1131 2110 1302 2147 dicuntur,
1319 2110 1374 2148 qui
1392 2110 1432 2139 ab
1448 2119 1487 2139 eo
1502 2110 1536 2139 in
1553 2113 1623 2139 arte
1640 2109 1754 2148 aliqua

1012 2154 1135 2183 erudiri
1160 2153 1288 2183 volunt.
1321 2152 1404 2183 Phil.
1424 2153 1459 2183 ii.
1478 2155 1509 2183 2.
1538 2156 1571 2182 te
1594 2154 1629 2183 in
1653 2153 1754 2183 disci·

1012 2196 1137 2236 plinam
1177 2207 1285 2227 ineam
1325 2197 1522 2226 tradideras.
1570 2196 1664 2227 Brut.
1697 2200 1750 2231 89.

1012 2251 1088 2270 eum
1115 2240 1209 2270 Philo
1233 2241 1373 2271 Romani
1402 2242 1558 2277 venisset,
1581 2245 1692 2270 totum
1719 2241 1751 2270 ei

1013 2294 1064 2313 me
1082 2285 1216 2320 tradidi,
1230 2283 1416 2314 admirabili
1432 2284 1574 2323 quodam
1588 2284 1629 2314 ad
1644 2284 1752 2324 philo-

1011 2328 1161 2367 sophiam
1193 2328 1304 2358 studio
1334 2328 1533 2367 concitatus.
1564 2327 1634 2358 InV.
1665 2328 1688 2358 i.
1718 2330 1752 2359 3.

1012 2372 1180 2402 traderent
1197 2382 1230 2401 se
1255 2372 1288 2401 in
1309 2371 1457 2401 studium
1474 2371 1635 2410 quietum.
1667 2371 1686 2390 ¹*
1699 2376 1753 2402 est

1012 2416 1112 2444 etiam
1130 2416 1265 2444 verbnm
1278 2415 1364 2453 juris
1381 2416 1415 2445 in
1435 2415 1750 2453 abalienationi'nuS,

1012 2463 1049 2488 ut
1066 2458 1199 2488 traditio
1212 2458 1295 2498 Top.
1313 2462 1343 2489 5.
1359 2463 1442 2488 extr.
1474 2458 1562 2488 Hinc
1578 2459 1752 2498 eleganter

1011 2502 1051 2532 ad
1077 2503 1170 2541 Quir.
1198 2513 1229 2542 p.
1257 2503 1297 2532 R.
1323 2505 1354 2532 5.
1385 2512 1460 2532 cum
1490 2502 1555 2532 duo
1583 2502 1751 2540 consules,

1011 2546 1093 2575 emti
1126 2547 1279 2586 pactione
1311 2546 1559 2584 provinciarum
1597 2549 1750 2577 auctores

1011 2598 1045 2618 se
1065 2590 1206 2619 Tnimicis
1223 2590 1303 2629 reip.
1322 2590 1540 2619 lracle‘dzksent.

1038 2633 1485 2672 Traditio,verbumjuris,de
1494 2633 1752 2672 abalienatione,

1012 2687 1121 2706 rerum
1156 2677 1313 2716 mancipi,
1347 2686 1420 2715 quae
1450 2677 1488 2706 fit
1522 2687 1582 2716 per
1612 2686 1750 2708 nexum.

1010 2719 1094 2759 Top.
1119 2722 1149 2750 5.
1178 2726 1261 2749 extr.
1293 2719 1492 2750 abalienatio
1519 2725 1570 2749 est
1594 2721 1664 2759 ejus
1689 2720 1751 2758 rei,

1012 2773 1084 2801 quae
1117 2764 1263 2803 mancipi
1301 2768 1365 2800 est,
1397 2771 1457 2794 aut
1492 2764 1625 2794 traditio
1655 2764 1751 2794 alteri

1012 2816 1112 2838 nexu.
1130 2813 1189 2837 aut
1206 2807 1327 2845 injure
1344 2809 1458 2837 cessio.

1057 2850 1251 2881 Tradueere.
1282 2850 1379 2880 Brut.
1397 2853 1448 2881 53.
1479 2851 1651 2881 traducere
1667 2860 1686 2880 a
1701 2860 1754 2880 se-

1011 2894 1153 2926 veritate
1169 2894 1205 2926 iu
1220 2893 1438 2926 hilaritatem.
1466 2894 1560 2926 Verr.
1576 2895 1610 2925 ii.
1625 2897 1679 2929 78.
1709 2894 1753 2928 ab
