1920 3196
220 83 304 120 342

273 175 500 216 Legionem-ius.
523 173 565 204 ad
580 173 656 205 Div.
674 183 705 203 x.
727 175 780 204 3‘2.
803 183 871 203 non
888 184 959 205 mo-

230 221 272 252 do
289 220 432 252 militem
449 218 677 258 legionarium,
693 217 750 246 sed
767 226 808 247 ne
826 217 963 248 auxilia-

228 265 319 297 rium
353 262 499 302 quidem.
547 260 766 299 Legionarius
790 259 885 290 miles
912 264 963 291 est

230 318 270 338 ex
292 306 424 337 delectu
442 305 578 340 civium,
595 304 642 334 sic
660 305 741 341 legio
757 313 815 343 pro
830 303 890 334 tali
907 314 963 334 ex-

231 351 351 382 ercitu.
377 360 407 379 v,
424 348 525 378 Gron.
542 347 583 377 ad
602 346 670 377 Liv.
689 347 787 377 xxvii.
802 350 854 377 33.

277 394 454 433 Legitime,
471 401 559 427 vere,
586 390 729 430 proprie.
754 390 877 420 Caecin.
905 392 960 421 20.

236 438 292 478 qui
309 438 451 475 legitime
467 438 663 475 procurator
678 432 811 463 dicitur.
825 465 828 469 ,

280 481 474 519 Legitimus,
498 478 619 517 legibus
643 481 900 513 consentaneus,
924 477 966 506 le-

232 525 330 564 gibus
347 523 560 562 constitutus.
584 520 657 550 Act.
678 520 699 549 i.
733 520 767 549 in
792 520 886 549 Vcrr.
916 523 966 549 11.

233 568 276 599 ad
293 567 368 598 Div.
386 577 416 596 Χ.
441 568 493 596 25.
518 565 700 603 legitimum
725 569 871 603 tempus.
889 562 967 593 Clu-

237 615 308 641 ent.
325 613 376 640 53.
401 610 582 647 legitimam
608 605 807 646 periculum.
831 606 872 636 ad
888 605 965 636 Div.

234 655 302 684 viii.
319 654 348 684 6.
375 654 558 692 legitimum
570 651 639 689 jus.
663 649 760 680 Rosc.
778 649 814 679 C.
834 653 863 680 5.
888 650 967 687 legi-

237 699 318 728 tima
339 696 478 736 judicia.
497 694 539 724 cf.
556 694 633 724 ibid.
650 695 681 723 4.
715 691 811 723 Arch.
839 694 870 723 2‘.
894 692 966 723 Mil.

242 744 291 772 10.
308 740 368 770 ἃς.

280 782 467 822 Leguleius.
484 781 540 811 Or.
554 780 575 810 i.
589 782 640 810 55.
658 781 817 818 leguleius
830 778 964 817 quidam

239 830 356 858 cautus
373 832 407 855 et
423 827 553 861 acutus,
567 833 674 863 praeco
691 824 860 853 actionum
866 845 875 860 ‚
891 832 968 852 can-

237 876 293 902 tor
307 868 539 900 formularum.

283 914 520 945 Lemniscatus.
537 910 633 940 Rose.
651 909 689 939 A.
707 912 760 940 35.
781 910 969 939 lemniscata

240 957 366 999 palma,
382 955 513 996 proprie
531 958 594 990 est,
610 953 643 982 in
671 963 736 992 qua
752 952 883 990 majoris
910 953 970 983 ho-

239 1001 329 1032 noris
357 1008 457 1029 causa
485 998 626 1028 lemnisci
652 1001 743 1026 sunt.
798 997 851 1025 Sic
878 996 966 1036 apud

231 1045 311 1076 Liv.
325 1043 437 1073 xxxiii.
451 1045 503 1072 33.
526 1040 668 1080 populus
685 1049 821 1069 coronas
838 1041 967 1069 lemnis-

240 1097 349 1127 cosque
369 1087 466 1125 jacit,
491 1084 624 1123 majoris
647 1083 780 1113 honoris
808 1093 919 1119 causa,
947 1083 967 1112 i.

237 1141 267 1162 e.
294 1139 430 1160 coronas
455 1129 667 1159 lemniscatas.
712 1127 800 1157 Nam
825 1127 969 1157 lemnisci

237 1178 319 1206 sunt
336 1174 441 1209 vittae,
457 1181 529 1211 quae
547 1175 625 1201 sunt
642 1172 675 1200 in
685 1169 864 1199 honoribus
881 1170 969 1200 Deo-

238 1228 313 1250 rum
330 1217 476 1247 usitatae.
492 1214 557 1244 vid.
574 1214 697 1243 Auson.
710 1223 761 1253 ep.
779 1215 830 1244 ⁶20.
849 1213 887 1242 Iu
904 1214 971 1243 De-

238 1264 329 1292 creto
345 1259 520 1290 Berenices
536 1258 625 1287 urbis
642 1257 761 1287 Africae
786 1262 834 1286 est
853 1256 969 1295 ςίφανος

238 1303 349 1337 ἰλαΐνος
380 1302 432 1332 καὶ
462 1301 630 1340 λῆμνισκος,
666 1300 798 1340 maj01·is
836 1300 969 1330 honoris

238 1357 340 1378 causa
371 1355 499 1376 coronae
542 1344 685 1380 additus,
718 1354 769 1383 ap.
808 1344 967 1373 Mafieum

238 1390 440 1429 Antiquitat.
467 1388 584 1418 Gallie.
608 1399 639 1427 p.
658 1392 688 1422 7.
717 1387 759 1417 cf.
774 1387 969 1426 XVesseliug.

240 1434 282 1465 V.
301 1433 388 1465 C.de
403 1432 564 1463 Archout.
576 1431 724 1461 thdaeor.
738 1441 770 1470 p.
791 1434 840 1462 18.
863 1435 897 1460 θῖ
914 1431 970 1461 ad-

240 1479 280 1509 de
306 1477 346 1508 de
370 1477 432 1506 hac
450 1486 485 1506 re
509 1476 599 1505 Serv.
628 1475 669 1504 ad
694 1474 810 1513 virgil.
834 1475 909 1504 AEn.
940 1484 970 1505 v.

236 1523 311 1557 269.
335 1525 370 1551 et
400 1519 540 1550 Casaub.
569 1519 610 1548 ad
635 1519 773 1548 Suetou.
806 1518 887 1549 Ner.
921 1520 974 1549 25.

239 1566 314 1597 Hoc
343 1564 415 1594 loco
450 1562 561 1603 palma
587 1563 775 1592 lemuiseata
798 1568 848 1591 est
866 1561 971 1591 caedes

240 1608 493 1639 immanissima.
519 1605 645 1636 Palmae
663 1605 829 1635 dabantur
845 1604 969 1643 gladia-

237 1652 366 1683 toribus
383 1651 424 1681 ob
450 1650 636 1687 victoriam,
653 1648 685 1678 h.
711 1659 739 1678 e.
763 1649 804 1679 ob
834 1648 971 1678 interfe-

241 1699 337 1726 ctum
351 1705 442 1731 eum,
457 1703 600 1733 quocum
619 1693 803 1732 comparati
819 1696 926 1723 erant.

286 1739 392 1770 Lena.
415 1738 495 1768 Nat.
512 1737 554 1767 D.
573 1737 593 1766 i.
613 1739 664 1770 97.
687 1736 809 1766 blanda
835 1736 971 1765 concili-

240 1783 328 1813 atrix
345 1786 379 1812 et
405 1782 498 1820 quasi
513 1781 564 1810 sui
590 1782 662 1810 lena
686 1785 817 1809 natura.
861 1779 915 1808 Sic
933 1779 971 1809 li·

242 1827 363 1856 benter
376 1826 486 1854 utitur
512 1834 551 1853 eo
577 1823 675 1854 verbo
702 1823 853 1859 Ovidius,
870 1827 909 1853 ut
932 1823 970 1854 A.

243 1869 284 1900 A.
298 1869 345 1899 iii.
362 1869 435 1899 316.
449 1869 523 1901 75⁶2.

286 1912 431 1944 Lenitas.
456 1912 549 1941 Orat.
567 1910 602 1939 ii.
618 1912 669 1943 ⁶29.
686 1909 877 1940 conciliatio
895 1911 972 1939 leni-

241 1960 344 1987 tatem
372 1954 529 1985 orationis
555 1953 728 1983 desiderat.
756 1953 889 1984 Muren.
917 1956 970 1984 ΞΟ.

244 2001 359 2031 lenitas
376 1998 546 2034 audiendi,
558 2000 607 2026 est
631 1997 845 2036 praetorisjus
858 1997 971 2026 dicen-

240 2044 298 2074 tis.
320 2048 390 2083 opt.
408 2052 438 2081 g.
455 2052 502 2072 or.
520 2043 550 2072 Ξ.
567 2041 742 2070 verborum
760 2045 811 2070 est
825 2044 971 2070 structu-

241 2097 280 2117 ra
305 2085 472 2126 quaedam,
489 2084 570 2114 duas
598 2094 648 2113 res
675 2084 834 2122 efficiens,
852 2094 970 2114 nume-

242 2140 316 2161 rum
331 2133 365 2159 et
380 2130 557 2160 lenitatem.

288 2173 459 2205 Leniludo.

243 2216 348 2247 nimia
374 2217 408 2247 in
435 2217 536 2245 istum
569 2213 788 2255 (adulterum)
820 2215 970 2244 lenitudo.

242 2260 307 2290 Sed
323 2259 471 2290 Graevius
488 2258 570 2298 legit
585 2258 706 2288 rectius
732 2258 904 2288 lentitudo.-
932 2258 971 2287 de

241 2313 308 2343 qua
323 2313 410 2333 mox.

288 2347 511 2377 Leuat—imum.
536 2345 671 2375 Nat.D.
689 2345 722 2374 ii.
741 2347 792 2375 58.
817 2345 972 2374 lenocinia

242 2400 432 2430 corporum,
449 2392 528 2418 sunt
544 2398 608 2426 res,
626 2388 745 2427 quibus
763 2398 881 2428 corpus
897 2398 971 2418 sua-

240 2434 328 2464 viter
343 2434 497 2464 afficitur.

287 2477 494 2513 Lenoeinari‚
525 2475 646 2506 servire
677 2474 789 2511 nimis,
823 2474 971 2513 obsequi.

240 2520 354 2550 Caecil.
375 2523 423 2551 15.
448 2519 487 2549 de
511 2524 721 2548 accusatore:
747 2518 809 2548 tibi
836 2518 972 2558 (prima-

238 2562 301 2603 rio)
318 2563 560 2594 Ienocinabltur.

285 2607 398 2638 Lente.
432 2607 527 2637 Orat.
554 2606 588 2635 ii.
607 2607 659 2635 45.
685 2605 768 2634 lente
791 2603 894 2633 serre:
921 2604 970 2634 ni-

240 2652 303 2682 mis
319 2651 497 2691 patienter.
525 2651 541 2670 *
555 2647 725 2678 subtiliter
748 2656 840 2676 more
866 2646 973 2686 philo-

239 2694 432 2734 sophorum.
457 2692 572 2723 Parad.
600 2695 649 2722 13.
674 2690 745 2720 haec
761 2700 837 2720 cuni
853 2691 970 2720 leucius

239 2738 467 2778 disputantur,
498 2735 601 2766 videri
634 2737 777 2775 possunt
804 2733 972 2764 obscurio-

237 2790 286 2812 ra.

281 2823 468 2861 Lencz'tud0,
491 2822 597 2854 nimia
612 2821 728 2852 lenitas
749 2823 784 2850 et
800 2820 974 2860 patientia.

233 2866 371 2900 Tuscul.
382 2865 425 2900 ἰν.
438 2869 488 2902 19.
501 2866 542 2898 ad
550 2866 590 2907 Ω.
600 2864 652 2897 Fr.
663 2865 684 2895 i.
699 2866 726 2895 1.
737 2874 766 2895 c.
781 2867 829 2895 13.
839 2863 976 2896 Dicitur

498 2171 628 2202 Verrin.
660 2172 701 2202 iv.
732 2171 784 2203 61.
823 2171 968 2200 virorum

742 86 888 115 INDEX
918 87 1214 116 LATINITATIS·

1001 175 1070 205 sere
1086 175 1119 204 in
1138 174 1259 204 maiam
1277 179 1419 215 partem,
1436 176 1514 215 quia
1530 182 1580 207 est
1596 177 1731 216 signum

1001 218 1157 257 stuporis.
1183 228 1213 247 v.
1238 219 1354 250 Burni.
1377 219 1418 249 ad
1444 220 1540 251 Ovid.
1569 221 1671 259 anist.
1697 221 1732 251 ii.

1003 264 1076 292 514.
1111 261 1283 291 Drakenb.
1302 262 1343 292 ad
1361 261 1430 293 Liv.
1448 264 1525 293 xxii.
1546 267 1594 294 14.
1621 263 1730 294 Graev.

1002 304 1043 334 ad
1066 305 1158 334 Verr.
1184 306 1225 334 iv.
1254 305 1305 335 61.
1352 306 1402 336 De
1430 307 1529 336 verbo
1557 309 1674 344 lentus,
1698 311 1733 337 et

1003 349 1073 385 ejus
1089 348 1180 378 varia
1206 348 1236 378 vi
1266 349 1336 388 agit
1361 348 1453 380 Voss.
1479 350 1521 380 ad
1548 350 1671 381 Catuli.
1699 360 1732 390 p.

1004 393 1076 421 213.
1094 399 1142 429 Sq.

1047 433 1172 463 Leucus
1188 434 1350 473 stupidus.
1366 436 1437 466 Att.
1455 437 1475 466 i.
1491 440 1540 467 13.
1554 436 1586 466 ni
1609 435 1664 465 hic
1681 440 1733 467 est

1002 476 1060 506 illo
1077 478 1217 507 lentius.-
1241 477 1280 507 de
1307 488 1358 515 eo,
1383 480 1437 518 qui
1456 489 1522 509 uon
1539 480 1733 510 movebatur

1001 520 1225 550 contumeliis.

1047 562 1176 593 Lessus.
1199 563 1281 603 Leg.
1296 565 1331 595 ii.
1348 568 1398 596 23.
1425 565 1504 604 quid
1520 565 1586 595 sit?

1049 606 1187 637 Levare.
1214 608 1375 639 minuere.
1398 608 1500 639 Acad.
1514 609 1554 639 iv.
1569 610 1621 640 22.
1647 610 1732 640 leva-

1004 654 1061 679 tur
1076 651 1268 680 auctoritas.

1052 693 1159 723 Levis.
1185 694 1281 724 Rosc.
1299 694 1336 724 C.
1365 698 1394 725 5.
1419 695 1472 725 cui
1491 696 1650 726 levissima
1677 706 1734 736 pe-

1006 736 1107 766 cunia
1130 747 1261 776 semper
1286 736 1372 767 fuit:
1408 738 1443 767 h.
1469 748 1497 768 e.
1523 748 1590 768 non
1619 739 1733 778 magni

1005 779 1131 818 habita,
1147 784 1327 810 contemta.
1352 782 1587 820 jactabundus.
1601 781 1643 812 ad
1654 783 1731 813 Div.

1003 832 1034 852 v.
1056 826 1080 852 1.

1052 867 1193 896 Levita&
1217 865 1312 897 Brut.
1339 870 1391 901 ⁶27.
1415 869 1528 898 levitas
1544 869 1579 898 in
1594 868 1734 908 popula-

1006 909 1033 939 ri
1059 910 1196 939 ratione.
1213 909 1246 939 in
1264 911 1378 940 Caeeil.
1403 914 1433 941 3.
1459 913 1573 942 levitas
1587 912 1733 951 judicio-

1006 963 1102 982 rum:
1128 953 1161 982 h.
1178 963 1206 983 θ.
1229 954 1404 991 injustitia.
1435 955 1514 985 Nat.
1538 955 1581 984 D.
1607 956 1653 985 iii.
1679 957 1732 989 29.

1005 997 1147 1026 levitates
1171 997 1328 1027 comicae:
1354 998 1374 1027 i.
1400 1008 1428 1027 e.
1454 999 1636 1035 amatoriae,
1653 1009 1734 1038 qua-

1006 1049 1078 1071 rum
1098 1039 1250 1079 exempla
1266 1042 1393 1071 suntin
1419 1041 1598 1071 comoediis.
1624 1042 1693 1072 Fin.
1711 1042 1732 1072 i.

1008 1086 1057 1113 13.
1083 1084 1253 1113 amatoriae
1275 1086 1428 1114 leuimtes.
1458 1084 1594 1115 Tuscul.
1616 1086 1656 1114 iv.
1680 1088 1734 1116 31.

1005 1126 1121 1156 eadem
1137 1128 1266 1157 levitate
1281 1132 1331 1157 est
1347 1127 1512 1167 cupiditas
1526 1129 1562 1158 in
1574 1135 1735 1168 appeten-

1006 1170 1059 1205 do,
1079 1180 1143 1209 qua
1158 1170 1276 1200 laetitia
1296 1171 1329 1200 in
1345 1171 1495 1200 fruendo.
1540 1171 1670 1202 Notent
1691 1172 1735 1202 ti-

1006 1223 1116 1249 rones,
1134 1215 1295 1244 levitatem
1322 1215 1424 1244 tribui
1452 1215 1604 1245 omnibus
1636 1214 1734 1246 vehe-

1006 1257 1174 1286 mentibus
1191 1266 1223 1287 θ1
1240 1258 1394 1287 inanibus
1421 1258 1673 1298 cupiditatibus,
1700 1262 1736 1288 et

1005 1301 1311 1339 perturbationibus
1323 1302 1438 1338 animi,
1455 1306 1631 1341 propterea
1646 1301 1736 1341 quod

1007 1344 1041 1373 in
1060 1343 1108 1373 his
1128 1344 1219 1374 nulla
1234 1350 1284 1374 est
1302 1345 1502 1381 consu-entia,
1520 1345 1612 1375 nulla
1627 1346 1734 1384 gravi-

1006 1391 1058 1417 tas
1074 1399 1082 1424 ;
1110 1388 1197 1417 uude
1221 1389 1323 1418 etiam
1340 1390 1419 1418 leces-
1435 1389 1604 1425 dicuntur,
1622 1390 1676 1427 qui
1694 1389 1734 1419 iis

1006 1430 1109 1460 dediti
1132 1436 1222 1461 sunt.
1251 1432 1293 1461 Et
1318 1431 1596 1470 quemadmodum
1618 1433 1734 1471 gravi-

1008 1478 1059 1504 tas
1075 1474 1197 1504 dicitur
1215 1475 1255 1504 de
1280 1476 1370 1504 omni
1390 1476 1527 1512 virtute,
1544 1476 1578 1504 in
1596 1486 1661 1514 qua
1682 1480 1736 1506 est

1009 1519 1198 1547 constantia
1221 1523 1255 1548 et
1285 1519 1491 1557 aequabilitas
1518 1518 1661 1558 agendi3
1687 1520 1735 1549 sic

1008 1562 1120 1591 levitas
1132 1561 1172 1591 de
1196 1562 1287 1592 omni
1302 1563 1394 1599 vitio,
1412 1561 1500 1601 quod
1515 1562 1550 1591 in
1565 1563 1646 1592 vitio
1661 1563 1737 1593 nul-

1008 1605 1040 1634 la
1056 1605 1123 1634 fere
1151 1609 1202 1636 est
1217 1607 1417 1635 constantia.
1444 1605 1525 1635 Haec
1551 1605 1735 1636 observatio

1005 1647 1046 1678 ad
1063 1648 1321 1688 intelligendum
1334 1649 1517 1689 plurimum
1534 1649 1691 1687 proderit.

1051 1691 1192 1723 Leviter.
1227 1691 1308 1722 Suu.
1338 1696 1384 1723 10.
1410 1693 1520 1722 leviter
1543 1692 1667 1722 dicere:
1700 1692 1734 1724 h.

1006 1745 1035 1764 e.
1052 1739 1090 1765 ut
1107 1744 1185 1765 ante
1201 1735 1341 1772 dixerat,
1358 1746 1533 1776 suppressa
1547 1746 1637 1766 voce.
1661 1736 1735 1766 Ma-
1765 1748 1769 1749 ⁷

1006 1778 1036 1807 le
1054 1779 1188 1817 quidam
1208 1780 1379 1815 corrigunt
1394 1779 1532 1809 leuiter:
1557 1779 1645 1818 quod
1664 1779 1737 1818 qui-

1007 1822 1082 1851 dam
1109 1822 1244 1852 Codices
1271 1823 1370 1852 etiam
1399 1823 1516 1853 (ix-idio
1543 1822 1737 1854 adscribunt

1007 1866 1041 1895 iu
1057 1865 1156 1895 simili
1181 1866 1253 1896 loco
1281 1866 1415 1896 Hei-oid.
1443 1867 1488 1896 iii.
1507 1870 1558 1896 80.
1583 1876 1643 1905 pro
1659 1868 1737 1897 levi-

1006 1913 1065 1939 ter.
1112 1909 1175 1939 Sed
1202 1910 1245 1939 ibi
1275 1916 1420 1939 metrum
1449 1914 1615 1949 repugnat
1643 1913 1677 1940 et
1702 1909 1737 1941 φῖ

1010 1954 1120 1983 leviter
1135 1953 1291 1983 vindicat.
1308 1963 1337 1982 ν.
1354 1953 1399 1983 ibi
1415 1953 1659 1984 Burmannum.

1052 1996 1133 2027 Lar.
1169 1997 1208 2026 de
1232 1996 1293 2026 hoc
1317 1997 1415 2026 verbo
1441 1997 1567 2026 dictum
1590 2001 1641 2026 est
1674 1996 1736 2027 sub

1009 2040 1143 2070 initium
1179 2039 1297 2069 Indicis
1333 2040 1457 2079 legum.
1516 2041 1580 2070 Hic
1616 2040 1738 2080 adjeci-

1009 2093 1096 2119 mus,
1114 2093 1187 2122 quae
1211 2084 1254 2113 ibi
1272 2090 1533 2113 commemorata
1556 2093 1622 2113 non
1645 2087 1737 2115 sunt.

1007 2127 1118 2157 Rabir.
1144 2127 1238 2157 Perd.
1263 2130 1293 2157 5.
1317 2128 1400 2165 leg-es
1431 2127 1608 2157 Censoriae.
1642 2127 1736 2158 Verr.

1009 2171 1030 2200 i.
1055 2173 1107 2201 55.
1132 2172 1182 2200 lea·
1199 2171 1366 2200 Censoria.
1391 2170 1456 2200 vid.
1482 2170 1554 2200 Iud.
1578 2170 1682 2209 Legg.
1700 2170 1736 2200 in

1011 2213 1175 2243 Censoriae
1200 2214 1300 2253 leges.
1333 2214 1411 2244 ibid.
1442 2214 1514 2244 Lar
1537 2224 1633 2253 opere
1656 2213 1737 2244 faci·

1007 2257 1109 2286 undo.
1134 2257 1173 2286 de
1196 2258 1257 2286 hac
1281 2257 1388 2287 forma
1410 2257 1564 2296 loquendi
1589 2267 1618 2286 ν.
1635 2256 1738 2288 Gron-

1010 2301 1092 2330 Sest.
1118 2301 1138 2330 i.
1163 2301 1193 2331 6.
1219 2301 1279 2330 Est
1301 2310 1413 2330 autem
1438 2302 1509 2341 ipsa
1539 2302 1590 2330 lew
1614 2300 1738 2330 Censo-

1010 2345 1069 2380 ria,
1087 2344 1154 2373 sive
1177 2344 1297 2374 locatio
1313 2345 1421 2384 operis
1437 2344 1584 2374 faciundi
1608 2354 1626 2373 a
1651 2344 1738 2374 Cen·

1008 2397 1080 2417 sore
1110 2388 1288 2427 proposita.
1334 2388 1522 2418 Formulam
1547 2387 1737 2426 hujusmodi

1010 2431 1092 2469 legis
1123 2431 1239 2461 attulit
1262 2431 1466 2461 Hotomann.
1497 2431 1536 2460 ad
1572 2431 1603 2460 h.
1638 2430 1659 2460 l.
1684 2440 1738 2460 ea-

1009 2474 1085 2504 dem
1109 2480 1160 2504 est
1190 2474 1277 2514 apud
1300 2474 1433 2505 Gruter.
1454 2475 1554 2505 Thes.
1587 2475 1737 2513 inscript.

1007 2525 1033 2547 t.
1062 2518 1082 2547 i.
1106 2528 1138 2557 p.
1163 2519 1255 2547 ccvii.
1280 2518 1396 2548 Partit.
1420 2522 1471 2549 31.
1508 2518 1579 2548 Lex
1611 2517 1738 2557 praedii.

1006 2565 1057 2590 est
1081 2561 1225 2591 formula
1247 2562 1371 2592 venditi
1389 2562 1517 2601 praedii,
1537 2572 1577 2591 cx
1600 2571 1666 2599 qua
1681 2561 1749 2599 ju:

1010 2604 1152 2642 dicatur,
1171 2605 1248 2643 quid
1272 2606 1392 2635 emtori
1415 2605 1579 2641 tradatur,
1604 2605 1739 2643 quibus-

1009 2658 1072 2686 que
1108 2648 1366 2681 conditionibus.
1400 2648 1512 2679 *hinc
1540 2650 1592 2678 lex·
1616 2648 1739 2678 dicitur

1009 2701 1068 2730 pro
1093 2691 1294 2722 conditione.
1319 2691 1418 2722 Tusc.
1435 2693 1480 2722 iii.
1503 2692 1550 2722 16.
1574 2693 1626 2721 Iex
1647 2691 1739 2730 vitae,

1009 2738 1060 2764 est
1084 2735 1243 2772 conditio,
1268 2746 1334 2774 qua
1357 2737 1427 2766 nati
1451 2745 1580 2772 sumus,
1604 2738 1644 2764 ut
1659 2734 1737 2767 alibi

1010 2777 1101 2808 dicit.
1125 2779 1207 2808 Har.
1234 2779 1273 2809 R.
1297 2782 1328 2812 7.
1353 2780 1423 2817 lege
1444 2779 1583 2818 optima.
1607 2779 1685 2817 Agr.
1702 2777 1737 2811 ii.

1014 2824 1063 2851 11.
1080 2822 1106 2851 si
1123 2823 1250 2861 optima
1265 2825 1334 2861 lege
1349 2832 1369 2853 a
1383 2821 1507 2863 populo
1522 2825 1633 2852 essent
1647 2830 1738 2851 crea-

1008 2865 1048 2896 ti.
1073 2865 1112 2896 de
1135 2865 1300 2898 formula:
1329 2866 1402 2907 lege
1425 2866 1564 2907 optima.
1594 2876 1624 2897 v.
1650 2865 1738 2901 Con,
