1920 3196
284 87 365 126 35¹2

284 185 411 213 ctiones
423 184 603 222 postulant.
626 183 668 212 ad
683 184 758 213 Div.
774 185 840 214 viii.
872 187 920 215 12.
943 185 1009 225 Ap-

286 228 381 267 pium
397 227 513 256 eadem
529 226 602 265 lege
628 229 802 267 postulavi.
827 227 917 258 locus
943 228 1010 258 cla-

287 271 438 300 rissimus
463 276 513 300 est
540 271 573 300 in
600 270 711 300 Caecil.
734 274 786 301 20.
811 281 917 310 nuper
932 282 1009 301 cum

287 315 323 343 in
341 313 641 344 Gabinium—Piso
653 313 853 344 delationem
868 316 1010 345 nominis

279 359 471 398 postularet.
517 356 579 386 Sed
596 358 629 387 in
647 358 1011 397 uuiversumpostulare

283 401 324 430 de
341 401 432 431 omni
446 401 606 430 desiderio
620 401 706 440 apud
722 406 898 440 praetorem
913 411 1011 441 expo-

284 445 348 474 sito
376 445 509 474 dicitur.
533 443 606 474 Mil.
639 446 690 475 ⁶22.
714 454 823 474 servos
845 447 1012 484 postulare

284 489 318 517 in
336 488 567 526 quaestionem.
615 488 666 516 Sic
684 492 732 517 est
748 497 833 527 saepe
848 489 881 517 in
902 488 1011 518 Verri·

287 532 350 560 nis.
368 542 397 561 v.
414 531 498 570 iupr.
516 531 627 570 Sigon.
645 531 683 560 de
700 531 811 561 Judie.
827 531 847 561 i.
865 533 916 562 22.
929 532 961 561 ii.
979 537 1009 565 9.

285 574 305 591 ’Ψ
323 575 382 604 Est
397 576 500 604 etiam
520 575 656 603 verbum
684 575 1010 605 mathematicorum.

282 619 347 647 Off.
365 618 410 647 iii.
428 622 457 652 T.
482 625 519 647 ut
535 617 723 647 Ceometrae
752 628 817 647 non
831 619 944 648 omnia
960 629 1011 648 so-

281 661 354 691 lent
371 661 500 697 docere,
518 661 575 690 sed
586 663 764 700 postulare,
792 667 829 691 ut
858 661 1009 700 quaedam

283 706 346 734 sihi
374 704 693 734 concedantur—sic
709 714 769 743 ego
787 715 804 734 a
826 709 860 734 te
871 708 1009 744 poslzcffi,

282 755 322 778 ut
341 748 421 778 mihi
439 748 599 777 concedas
618 748 676 777 ἃς.
700 748 896 787 *postulare
908 749 1009 778 etiam

283 793 443 822 dicuutur
458 791 675 831 provinciales
697 797 731 821 et
747 792 840 828 socii,
857 802 933 821 cum
951 792 1011 821 ali-

288 835 367 874 quid
382 835 529 872 decerni,
546 835 704 865 constitui
722 845 782 865 sua
798 846 897 865 causa
923 846 942 865 a
960 846 1008 865 se-

288 883 370 909 natu
394 879 433 909 R.
458 883 590 919 petunt.
614 878 708 908 Balb.
738 882 784 909 15.
809 879 966 908 Gaditani
992 889 1012 909 a

287 930 407 952 senatu
427 922 465 952 de
490 922 610 952 foedere
625 924 885 962 postulaverunt.
904 923 964 953 &e.
980 933 1009 953 ν.

285 966 506 1006 postulatum.

330 1009 524 1046 Posfzclatw,
541 1009 575 1038 in
601 1009 701 1039 sacris
731 1013 781 1038 est
808 1009 1008 1049 prodigium,

284 1063 349 1092 quo
366 1053 409 1083 dii
426 1053 596 1093 postulant
608 1051 744 1091 aliquid,
762 1053 818 1082 irae
831 1063 898 1082 suae
916 1064 1007 1083 aver-

281 1097 392 1127 tendae
409 1107 509 1127 causa
524 1097 608 1133 ficri,
625 1097 712 1126 unde
729 1096 847 1126 deinde
866 1107 923 1136 pro
940 1097 1009 1136 ipso

284 1150 377 1170 sacro
388 1140 547 1180 piaculari
563 1140 696 1169 dicitur.
722 1139 802 1170 Har.
818 1140 857 1170 R.
882 1143 929 1170 lo.
950 1151 1008 1180 po-

281 1186 471 1214 sudationes
485 1194 554 1214 esse
570 1183 658 1220 Jovi,
676 1184 819 1213 Saturno
843 1184 902 1213 See.
930 1184 1007 1214 ibid.

290 1231 336 1257 14.
371 1228 487 1257 eodem
514 1231 645 1257 ostento
674 1227 801 1257 Telluri
835 1229 1009 1266 postulatio

284 1271 394 1301 deberi
412 1271 707 1301 dicitur.v.G1-aev.
726 1271 806 1300 adc.
828 1274 877 1301 10.
910 1270 1009 1301 *ver-

281 1315 363 1344 bum
379 1315 508 1345 forense
525 1319 588 1352 est,
601 1324 678 1344 cum
694 1315 860 1353 signifieat
876 1315 1008 1354 petitio-

284 1368 361 1393 nem
378 1358 465 1398 apud
491 1359 683 1395 l’raetorem‚
708 1362 746 1388 ut
762 1358 860 1387 liceat
887 1368 1008 1388 nomeu

283 1402 410 1432 deferre
443 1402 593 1441 alicujus.
620 1401 661 1431 ad
676 1402 751 1431 Div.
778 1402 845 1432 viii.
868 1403 898 1432 6.
922 1403 1008 1432 inter

277 1448 529 1488 postulatzonem
559 1449 593 1475 et
617 1445 760 1474 nominis
803 1445 1006 1476 delationem

282 1499 366 1519 uxor
397 1500 415 1519 a
446 1488 620 1520 Dolabella
651 1489 810 1518 discessit.
837 1489 945 1527 Ligar.
975 1490 1006 1520 6.

306 1533 408 1563 rimus
434 1533 543 1562 aditus
569 1537 603 1562 et
624 1534 796 1571 postulastis)
824 1533 1008 1563 Tuberonis

280 1543 353 1606 liaee
370 1577 447 1614 fuit,
465 1576 547 1606 velle
565 1586 598 1606 se
615 1576 654 1605 de
677 1578 718 1615 Q.
736 1576 858 1614 Ligarii
882 1576 1005 1606 scelere

284 1619 405 1649 dicere.
424 1630 453 1650 ν.
471 1620 648 1659 postulare.

326 1663 548 1701 Postulatnm,
588 1667 638 1693 est
675 1663 795 1702 petitio
839 1663 1006 1700 beneficii,

281 1718 382 1746 quam
399 1709 477 1737 socii
496 1711 529 1737 et
553 1706 766 1747 provinz-iales
789 1707 827 1736 ad
846 1708 1007 1737 Senatum

280 1751 448 1781 deferunt.
480 1751 573 1781 Verr.
600 1751 632 1780 ii.
659 1752 689 1780 4.
722 1750 824 1780 Siculi
844 1753 1007 1791 postulata

281 1795 494 1832 Consulibus,
511 1805 584 1835 quae
603 1796 854 1833 nonposmlata,
872 1795 927 1824 sed
945 1795 1006 1824 cri-

282 1839 374 1867 mina
390 1839 422 1867 in
440 1839 541 1868 istum
570 1838 763 1867 viderentur
785 1848 868 1873 esse,
897 1838 1006 1868 edide-

279 1888 372 1912 runt.
392 1882 434 1911 cf.
452 1881 629 1920 postulare.
646 1882 665 1897 ‘⁴‘
682 1881 888 1911 conditiones
908 1882 1007 1921 pacis.

282 1926 323 1955 ad
341 1926 415 1956 Div.
434 1926 489 1955 xii.
507 1928 537 1955 4.
556 1925 655 1963 legati
673 1925 712 1954 ab
728 1925 875 1954 Antonio
892 1925 933 1954 ad
950 1935 1006 1955 nos

279 1969 504 2000 intolerabilia
529 1970 695 2008 pustulam
727 1968 929 1999 retulerunt.
964 1969 1005 1998 ct'.

280 2013 351 2043 Att.
364 2014 418 2042 vii.
442 2016 488 2042 15.

325 2057 475 2086 Pacatus.
498 2056 598 2087 Tusc.
613 2066 642 2086 v,
661 2059 692 2085 5.
705 2056 770 2085 ista
785 2065 837 2085 me
856 2065 920 2084 non
937 2065 1007 2085 mo-

278 2106 358 2129 vent
377 2098 603 2140 (argumenta)
624 2109 689 2129 non
706 2099 827 2135 solum,
841 2100 919 2137 quia
935 2109 1008 2138 per-

277 2143 414 2182 vulgata
435 2148 527 2179 sunt,
554 2143 610 2173 sed
638 2142 744 2173 multo
769 2144 888 2181 magis,
916 2143 1006 2180 quia,

279 2193 453 2226 tamquam
477 2187 562 2216 levia
589 2187 741 2225 quaedam
759 2186 836 2215 vina
853 2186 935 2215 nihil
951 2196 1008 2216 va-

276 2229 349 2260 lent
366 2232 400 2260 in
417 2241 514 2270 aqua,
532 2231 578 2260 sic
595 2230 783 2260 Stoicorum
810 2230 873 2260 ista
897 2230 1001 2269 magis

279 2278 428 2316 gustata,
447 2284 546 2313 quam
558 2278 674 2313 polam
691 2273 873 2303 delectant.

322 2316 456 2354 Potens,
480 2318 655 2357 gratiosus.
677 2317 794 2356 Quint.
812 2319 863 2347 92.
889 2320 1005 2356 poten-

276 2361 426 2391 tissimus
441 2361 586 2391 Naevius.
602 2360 659 2391 sed
674 2360 739 2390 vid.
757 2361 918 2400 potentia.

321 2405 489 2442 Polemz‘a,
507 2404 629 2434 dicitur
650 2408 689 2434 ut
712 2413 804 2443 opes,
821 2404 860 2433 de
884 2405 1004 2443 gratia,

277 2449 473 2485 autoritate,
502 2447 721 2478 multitudine
755 2448 937 2478 amicorum
968 2453 1001 2478 et

276 2491 466 2529 clientium,
497 2491 700 2530 eloquentia,
724 2495 758 2521 et
777 2492 932 2521 omnibus
953 2502 1004 2521 re—

274 2536 349 2572 bus,
368 2536 486 2574 quibus
501 2535 645 2564 multum
658 2535 692 2564 in
710 2534 836 2574 republ.
849 2535 1004 2572 efficitur,

276 2580 314 2609 in
338 2589 437 2618 quam
455 2588 524 2609 rem
542 2583 592 2608 est
615 2578 705 2608 locus
730 2579 848 2617 Quint.
879 2582 906 2608 1.
929 2588 1003 2616 quae

275 2632 326 2652 res
366 2623 441 2652 duae
478 2623 512 2651 iu
544 2622 678 2652 civitate
707 2621 890 2660 plurimum
930 2632 1002 2662 pos-

275 2670 369 2703 sunt,
386 2666 575 2704 eloquentia
591 2672 625 2695 et
642 2665 751 2704 gratia
766 2665 824 2694 &a
844 2666 932 2695 Mur.
952 2668 1000 2695 ll.

277 2717 374 2739 erant
400 2710 435 2739 in
452 2719 574 2747 magua
590 2710 748 2748 potentia,
774 2709 795 2737 i.
825 2718 853 2738 e.
881 2709 1000 2747 gratia,

275 2754 332 2792 qui
359 2753 631 2783 consulebantur.
655 2752 777 2781 Caecin.
811 2754 864 2783 ⁶25.
881 2757 993 2791 poten-

277 2798 325 2826 tia
341 2797 494 2835 quiescit.
525 2796 606 2826 Sull.
630 2799 661 2829 7.
685 2795 811 2824 nullam
834 2805 853 2825 a
871 2805 922 2825 me
944 2806 1000 2836 po-

275 2842 411 2871 dentiam
442 2839 569 2870 Sullam
597 2845 799 2878 exspectare.
824 2839 941 2878 Quint.
969 2841 1000 2870 ⁶2.

275 2889 309 2914 et
326 2884 367 2914 ad
393 2883 467 2915 Div.
485 2884 553 2914 xiii.
571 2884 623 2919 29⁷.
640 2884 834 2923 jung-untur
855 2884 999 2925 potentia

800 96 844 124 IN
854 97 944 125 DEX
976 99 1271 128 LATINITATIS.

1053 190 1087 215 et
1104 187 1221 225 gratia.
1246 186 1316 216 Mil.
1336 190 1365 217 5.
1386 189 1560 227 palen-fiam
1588 184 1776 227 suain'ipse

1053 230 1098 259 ita
1115 231 1356 270 interpretatur
1371 243 1377 260 :
1402 231 1576 267 Senatum,
1603 240 1668 260 non
1685 231 1774 269 quod.

1052 274 1204 310 sentiret,
1217 274 1274 303 sed
1289 274 1375 312 quod
1393 284 1454 313 ego
1470 274 1600 310 vellem,
1619 274 1776 303 decerne-

1053 326 1098 345 re.
1126 316 1205 346 Coel.
1222 321 1252 350 9.
1283 321 1399 347 eontra
1419 319 1574 358 polemius
1591 318 1779 347 hominum.

1053 359 1169 390 cflOff.
1189 361 1208 389 i.
1232 363 1283 390 221.
1307 361 1364 390 Or.
1391 361 1412 391 i.
1429 364 1481 392 41.
1504 362 1621 401 Quint.
1636 365 1667 395 9.
1713 360 1778 390 Sed

1052 402 1123 432 haec
1155 403 1307 442 potentia
1334 408 1384 433 est
1414 405 1516 434 civilis
1548 410 1582 434 et
1623 404 1775 434 honesta.

1051 445 1130 475 hinc
1158 451 1274 476 contra
1303 447 1343 476 ad
1368 448 1461 478 Brut.
1493 451 1542 477 10.
1571 447 1777 486 quandoqui-

1053 489 1127 519 dem
1140 491 1286 529 porentia
1295 490 1366 528 jam
1387 492 1421 520 in
1439 492 1468 520 vi
1485 492 1592 530 posita
1607 496 1658 520 est
1674 496 1709 520 et
1725 501 1775 520 ar-

1053 534 1126 562 mis.
1152 533 1192 563 ad
1210 534 1283 563 Div.
1300 535 1340 564 vi.
1364 537 1388 564 l.
1405 535 1514 564 subire
1534 535 1714 574 potentiam
1729 534 1777 563 vi-

1055 584 1169 606 ctoris.
1760 592 1774 596 «

1097 619 1257 657 Potes-fas,
1275 621 1307 650 in
1326 621 1495 660 republica
1520 624 1570 650 est
1597 620 1777 659 magistra-

1051 666 1167 699 tuum,
1182 664 1350 702 judicum,
1361 672 1395 694 et
1407 665 1572 701 omnium,
1585 665 1704 703 quibus
1716 663 1776 693 ali-

1053 716 1118 744 qua
1135 717 1208 746 pars
1225 708 1363 747 reipubl.
1375 708 1461 738 bello
1478 713 1512 737 et
1527 718 1621 747 pace,
1636 707 1724 737 domi
1740 709 1777 736 et

1052 749 1129 779 foris
1146 750 1420 788 administranda,
1447 752 1624 781 commissa
1638 755 1701 787 est,
1713 750 1776 779 mi-

1053 802 1115 822 nus
1146 803 1246 831 quam
1278 794 1467 834 imperium.
1507 795 1624 833 Quint.
1655 796 1686 825 2.
1724 797 1776 823 est

1052 836 1091 865 de
1109 837 1234 874 judice.
1267 838 1351 868 Phil.
1368 839 1389 868 i.
1407 842 1437 872 7.
1470 838 1591 867 versari
1616 846 1694 867 cum
1710 837 1774 866 im-

1051 880 1143 919 perio
1160 885 1194 910 et
1211 884 1365 920 potestate
1382 882 1415 911 in
1434 881 1560 921 republ.
1594 880 1659 919 Qu.
1676 880 1728 910 Fr.
1752 880 1775 911 i.

1056 926 1082 952 1.
1099 933 1126 952 c.
1149 927 1197 954 10.
1224 926 1382 963 quoniam
1407 926 1440 955 in
1458 925 1527 955 istis
1544 925 1679 954 urbibus
1696 933 1773 953 eum

1052 976 1183 997 summo
1214 969 1353 1007 imperio
1385 976 1418 998 et
1442 972 1599 1007 potes-tate
1624 967 1773 997 versaris.

1052 1010 1115 1039 Sed
1133 1010 1195 1040 vid.
1221 1011 1414 1051 Imperium.
1438 1012 1530 1049 *jus
1556 1013 1589 1041 in
1616 1010 1774 1050 aliquem.

1051 1053 1129 1091 Agr.
1144 1054 1176 1084 ii.
1190 1058 1241 1084 31.
1258 1056 1455 1094 inpotestate
1466 1065 1526 1085 sua
1542 1065 1624 1091 esse,
1638 1054 1678 1084 de
1694 1054 1775 1083 civi-

1051 1097 1175 1127 tatibus
1189 1097 1296 1128 liberis
1311 1104 1344 1128 et
1355 1099 1508 1137 suijuris.
1527 1101 1545 1120 ³¹⁶
1555 1097 1708 1134 facultas,
1719 1108 1774 1127 co-

1050 1141 1105 1180 pia
1114 1141 1254 1180 alicujus
1268 1142 1324 1172 rei.
1341 1142 1382 1172 ad
1392 1143 1466 1173 Div.
1477 1143 1498 1172 i.
1510 1146 1539 1176 7.
1553 1142 1777 1181 quotiespote-

1050 1188 1118 1214 slas
1127 1190 1293 1215 certorum
1305 1186 1478 1215 hominum
1490 1187 1566 1221 erit,
1576 1186 1635 1215 διο.
1647 1185 1775 1215 *Tusa

1051 1228 1098 1256 iii.
1117 1231 1146 1258 5.
1170 1238 1209 1258 ex
1227 1232 1391 1269 potestate
1408 1230 1508 1267 exire,
1526 1228 1604 1268 quid
1621 1229 1690 1259 sit?
1715 1228 1773 1258 ubi

1050 1280 1080 1300 v.
1099 1271 1230 1302 Davies.
1254 1272 1355 1303 Tusc.
1371 1273 1413 1303 iv.
1441 1274 1492 1303 36.
1517 1273 1605 1302 exire
1622 1271 1662 1302 de
1684 1275 1774 1312 pote-

1049 1318 1143 1352 state,
1158 1315 1220 1345 hoe
1237 1321 1300 1352 est,
1316 1316 1355 1346 de
1371 1316 1521 1353 consilio,
1539 1315 1578 1345 de
1595 1320 1722 1354 mente,
1735 1316 1777 1345 de

1051 1359 1191 1388 ratione.
1230 1359 1248 1377 *⁵
1266 1360 1402 1390 Pluralis
1429 1364 1480 1389 est
1504 1360 1627 1389 Heren.
1658 1359 1693 1390 ii.
1725 1363 1774 1394 17.

1050 1409 1244 1433 mansuetus
1263 1404 1295 1432 in
1316 1404 1524 1443 potestatibus
1539 1403 1639 1432 fuisse
1663 1407 1776 1433 osten-

1050 1445 1157 1476 detur.
1181 1446 1222 1476 cf.
1248 1447 1342 1477 Font.
1364 1450 1412 1477 12.
1438 1447 1554 1477 Partit.
1587 1450 1636 1476 lo.
1671 1446 1776 1476 hono-

1050 1499 1113 1526 res,
1126 1494 1306 1528 potestates.
1324 1491 1345 1521 i.
1362 1501 1390 1521 e.
1403 1500 1544 1520 munera
1558 1489 1775 1530 provincialia.

1050 1536 1084 1562 et
1101 1533 1269 1563 militaria.

1094 1576 1215 1606 Potior.
1233 1577 1303 1607 Fin.
1316 1578 1336 1608 i.
1347 1580 1377 1608 4.
1390 1578 1515 1616 potiora
1532 1577 1573 1607 ad
1584 1576 1775 1617 legendum.

1049 1618 1082 1649 h.
1098 1630 1127 1649 e.
1142 1621 1176 1650 in
1194 1620 1326 1651 delectu
1343 1621 1557 1661 praeferenda.

1093 1663 1211 1694 Potirc'.
1243 1664 1342 1695 Tusc.
1371 1665 1391 1695 i.
1416 1668 1467 1698 37.
1491 1665 1516 1694 si
1547 1668 1682 1703 gentem
1713 1664 1774 1695 ali-

1049 1716 1149 1745 quam
1168 1708 1284 1738 urbem
1298 1713 1446 1739 nostram
1453 1710 1635 1747 pollutrum
1646 1712 1774 1747 putem.

1048 1750 1144 1780 Rose.
1162 1751 1237 1781 Am.
1264 1754 1315 1782 2³5.
1341 1752 1602 1782 Atheniensium
1626 1751 1772 1791 respubl.

1049 1794 1128 1823 dum
1154 1805 1194 1824 ea
1213 1805 1322 1825 rerum
1342 1797 1443 1835 potita
1461 1801 1531 1825 est:
1558 1795 1590 1825 h.
1616 1805 1645 1825 e.
1671 1800 1705 1825 et
1721 1797 1772 1826 sui

1047 1838 1128 1875 juris
1145 1838 1222 1875 suit,
1239 1844 1271 1868 et
1290 1839 1322 1868 in
1338 1849 1397 1869 sua
1410 1843 1573 1879 potestate
1584 1839 1664 1869 alias
1681 1839 1774 1869 Grae-

1049 1891 1102 1910 cas
1120 1883 1271 1912 civitates
1288 1882 1417 1912 habuit.

1093 1923 1220 1961 Potius,
1249 1936 1324 1955 cum
1356 1926 1592 1965 comparativo.
1626 1925 1690 1956 Pis.
1722 1929 1772 1957 14.

1049 1970 1170 2006 quaevis
1197 1970 1276 2008 suga
1295 1971 1400 2008 potius
1415 1970 1569 2010 optatior.
1593 1970 1675 1999 item
1692 1980 1770 2000 cum

1049 2011 1147 2041 malle
1162 2012 1271 2051 Ligar.
1290 2015 1320 2043 2.

1095 2055 1259 2085 Potulens.
1277 2057 1356 2087 Nat.
1368 2056 1411 2086 D.
1428 2057 1461 2086 ii.
1477 2057 1528 2087 56.
1540 2065 1605 2095 qua
1619 2055 1771 2086 esculen-

1047 2099 1089 2128 tis
1105 2107 1139 2129 et
1152 2101 1368 2139 prandentibus
1384 2101 1448 2130 iter
1469 2104 1610 2140 pateret.
1637 2098 1691 2129 lta
1715 2099 1773 2129 de-

1047 2142 1124 2172 dere
1140 2153 1179 2172 ex
1196 2144 1329 2182 optimis
1348 2143 1448 2173 Codd.
1476 2144 1568 2174 MSS.
1586 2142 1654 2173 Viri
1671 2143 1774 2175 docti.

1047 2186 1111 2215 Sed
1141 2187 1296 2217 Davisius
1322 2190 1436 2217 tamen
1456 2186 1642 2228 poculentis
1674 2186 1769 2226 legit,

1049 2240 1147 2269 quem
1164 2230 1246 2260 vide.

1092 2273 1253 2303 Proebere.
1268 2274 1380 2304 Deiot.
1398 2276 1444 2305 12.
1462 2273 1692 2304 assiduitatem
1709 2273 1770 2303 ali·

1047 2318 1099 2346 cui
1113 2318 1266 2355 γνῶθι-ε.

1091 2359 1261 2391 Proebilor.
1296 2360 1360 2390 Off.
1388 2361 1421 2390 ii.
1454 2363 1502 2391 15.
1526 2363 1577 2390 est
1599 2359 1687 2390 idem
1711 2360 1769 2398 qui

1046 2404 1235 2442 parochus3
1259 2404 1315 2434 ubi
1334 2404 1398 2434 vid.
1412 2404 1467 2434 ein
1484 2403 1685 2434 Lieferante.
1708 2403 1771 2433 Ni-

1046 2449 1071 2477 si
1090 2448 1177 2487 quod
1197 2449 1349 2487 proebilor
1365 2448 1466 2477 etiam
1483 2457 1553 2477 esse
1570 2450 1694 2487 potest,
1711 2447 1767 2486 qui

1045 2492 1116 2521 sine
1134 2491 1353 2528 redemtione,
1380 2500 1577 2530 quacunque
1605 2490 1644 2519 de
1668 2499 1770 2521 causa

1045 2534 1142 2564 alteri
1167 2535 1294 2574 praebet
1320 2535 1517 2572 necessaria,
1534 2534 1601 2563 sive
1618 2533 1768 2572 dejure,

1045 2579 1111 2608 sive
1127 2588 1188 2608 sua
1202 2582 1336 2618 sponte:
1362 2587 1566 2617 quamquam
1588 2578 1691 2607 etiam
1708 2586 1770 2616 pa-

1045 2621 1164 2652 rochus
1180 2623 1226 2651 sic
1243 2621 1306 2652 diei
1325 2627 1445 2661 potest.
1489 2621 1635 2651 Verbum
1647 2620 1770 2660 proebe-

1043 2676 1080 2695 re
1095 2675 1180 2705 saepe
1196 2666 1243 2695 sic
1257 2665 1346 2705 apud
1362 2665 1498 2695 Latinos
1513 2664 1669 2695 occurrit.

1088 2709 1421 2739 Proecellmztissz‘mm.
1445 2708 1538 2738 verr.
1553 2708 1595 2738 iv.
1612 2709 1666 2738 44.

1088 2752 1280 2789 Praecenta'o,
1297 2757 1348 2782 est
1362 2752 1554 2788 tibicinum,
1579 2751 1636 2790 qui
1658 2751 1692 2780 in
1717 2750 1770 2780 lu-
1816 2780 1823 2782 .

1043 2794 1094 2825 dis
1110 2796 1275 2825 canebant
1297 2796 1400 2832 tibiis,
1425 2796 1522 2834 item,
1549 2804 1627 2825 cum
1644 2794 1769 2824 sacrifi-

1043 2843 1187 2869 caretur.
1208 2839 1292 2869 >Har.
1310 2840 1350 2870 R.
1369 2842 1416 2869 lo.

1087 2882 1247 2924 Pra’ceps.
1286 2883 1351 2914 Pis.
1382 2884 1435 2931 23.
1468 2881 1634 2915 lubricum
1662 2889 1768 2922 genus
