1920 3196
673 84 719 112 IN
725 83 819 112 DEx
848 81 1147 111 LAT1N1TATIS.

139 175 237 215 eique
260 175 452 216 opponitur,
467 173 584 204 futura
603 178 763 214 spectare.
795 169 879 200 Phil.

144 229 171 248 v.
187 224 217 255 9.
250 220 304 258 qui
330 220 364 249 in
389 218 504 248 horam
520 218 678 253 viverent,
697 225 763 245 non
782 214 881 244 modo

141 262 182 292 de
205 263 300 293 bonis
323 269 356 292 et
380 262 524 292 fortunis
548 262 685 297 civium,
702 259 761 290 sed
782 268 823 288 nc
841 258 880 287 de

140 306 288 336 utilitate
307 305 441 345 quiden:
459 315 516 335 sua
534 305 776 343 cogitaverunt.
818 301 880 331 Sed

143 349 313 389 eleganter
335 349 397 379 hoc
414 348 454 378 ad
471 347 683 388 philosophos
707 345 881 377 Academi-

142 402 198 423 cos
209 393 383 423 transtulit
401 392 529 428 Cicero,
543 391 598 430 qni
612 390 696 420 nihil
710 391 757 420 ita
770 397 879 419 ratum

142 442 278 477 putant,
304 441 340 466 ut
363 436 424 465 sibi
452 435 484 465 id
512 443 673 475 perpetuo
696 433 879 463 tenendum

142 484 311 510 censeant.
333 479 434 509 Tusc.
449 489 478 509 v.
497 482 545 508 ll.
571 488 629 508 nos
648 479 681 508 in
700 478 785 507 {licui
804 478 881 506 viz-i-

141 534 235 555 mus;
262 523 482 562 quodcunque
505 529 636 552 nostros
653 521 782 551 animos
807 530 880 560 pro-

140 566 313 598 babilitate
330 567 506 606 percussit,
519 566 553 595 id
570 566 724 595 dicimus.
749 565 767 582 ³*
778 565 882 594 rivere

141 610 242 640 etiam
255 611 428 650 eleganter
438 610 609 646 dicuntur,
619 610 673 647 qui
684 609 753 638 vita
763 608 881 638 fruun-

140 661 210 691 tur,
227 663 336 693 neque
352 663 487 684 omnem
510 654 544 683 in
565 653 696 692 magnis
715 651 880 682 laboribus

141 699 213 728 sine
236 698 400 728 suavitate
420 695 881 733 familiaritatum,convivio-

143 751 216 771 rum
235 742 294 771 διο.
313 741 518 780 transigunt.
533 740 574 771 ad
587 740 628 780 Ω.
641 739 693 770 Fr.
708 739 752 769 iii.
769 742 796 768 1.
809 749 837 768 c.
850 742 881 770 4.

143 784 202 815 sed
214 785 348 824 quando
362 787 518 815 vivemus.
534 785 684 822 itemque
698 784 806 813 vivere
823 782 882 812 ali-

141 838 207 867 qua
217 839 263 865 re,
275 829 309 858 in
320 838 386 868 qua
398 828 657 867 acquiescimus:
676 826 717 857 ad
727 827 802 857 Div.
813 827 881 857 xiii.

140 875 193 903 28.
223 873 343 911 quibus
371 878 472 902 antea
501 871 764 907 delectabamur,
792 880 881 900 nunc

140 917 243 946 etiam
271 917 419 946 viz-imus.
453 915 554 945 *Ate
585 926 615 945 x.
643 918 671 945 1.
703 915 773 954 ejus
799 914 881 944 mihi

138 961 218 990 vivit
232 960 426 990 auctoritas.
444 969 503 999 pro
517 969 581 998 quo
599 958 665 989 Off.
678 959 698 988 i.
711 961 764 989 23.
785 957 880 996 dicit,

141 1003 212 1041 ejus
251 1004 354 1033 etiam
394 1003 521 1033 mortui
557 1002 647 1033 valet
687 1002 881 1032 auctoritas.

140 1046 257 1077 ‘Cato
288 1050 338 1077 14.
370 1047 522 1076 animum
545 1052 706 1084 tanquam
735 1046 881 1076 emeritis

139 1089 314 1130 stipendiis
339 1090 498 1126 libidinis,
519 1090 725 1126 ambitionis,
743 1095 882 1120 conten·

139 1134 255 1171 tionis,
280 1134 550 1171 inimicitiarum,
575 1133 813 1173 cupiditatum,
832 1143 882 1164 se-

141 1188 219 1208 cum
235 1187 319 1216 esse,
336 1182 371 1208 et
385 1187 513 1215 secum,
530 1183 570 1207 ut
586 1177 721 1214 dicitur,
736 1179 853 1207 vivere.

186 1221 298 1252 Vivus.
326 1221 433 1251 Flacc.
449 1224 501 1255 37.
533 1221 573 1251 de
589 1223 659 1251 vivo
676 1221 757 1251 nihil
774 1221 883 1252 detra-

140 1264 202 1296 hit.
250 1265 371 1296 Vivum
394 1265 575 1305 opponitur
594 1264 698 1295 lucro.
745 1264 804 1295 Est
821 1266 882 1305 igi-

141 1314 199 1340 tur
214 1318 283 1339 sors
298 1309 371 1349 ipsa
386 1309 549 1349 peeuniae.
566 1308 606 1338 cf.
621 1308 714 1339 Verr.
734 1309 780 1339 iii.
798 1312 849 1340 50.

190 1352 302 1384 Ulcus.
333 1352 414 1383 Nat.
442 1353 485 1382 D.
512 1353 534 1383 i.
558 1355 611 1386 37.
641 1353 798 1391 quiequid
825 1353 881 1383 ho-

141 1406 218 1428 rum
241 1396 408 1436 attigeris,
426 1397 519 1427 ulcus
542 1400 612 1426 est:
638 1395 671 1426 h.
695 1406 723 1426 e.
748 1396 881 1427 difficile

141 1439 184 1471 ad
198 1440 420 1481 probandum.

192 1484 350 1523 Ultimus,
362 1485 620 1522 remotissimus,
633 1484 740 1515 Roma
756 1484 883 1524 disjun-

140 1528 319 1558 ctissimus.
343 1528 462 1558 Manil.
479 1528 528 1559 16.
551 1529 676 1559 ullimoe
690 1532 798 1558 terrte.
818 1529 882 1560 vid.

141 1572 250 1603 Groev.
273 1572 316 1602 ad
337 1571 372 1603 h.
396 1572 418 1604 l.
449 1571 540 1612 *pro
563 1572 715 1610 ulterior,
733 1579 771 1602 ut
795 1572 881 1603 Phil.

141 1616 195 1646 vii.
222 1618 251 1646 1.
275 1617 395 1647 ultima
419 1615 538 1646 Gallia.
563 1615 605 1646 cf.
630 1626 660 1646 v.
681 1619 712 1647 ⁶2.
744 1616 882 1656 *perfe-

141 1660 322 1690 ctissimus.
359 1659 440 1691 Nat.
471 1659 573 1690 Deor.
603 1660 637 1690 ii.
671 1662 720 1691 12.
759 1662 883 1690 ultima]

142 1702 365 1744 perfectaeque
381 1707 522 1735 naturae.

190 1746 296 1785 Ultro,
319 1747 438 1787 Quint.
459 1749 511 1779 523.
543 1748 600 1787 qui
616 1758 693 1778 cum
710 1749 797 1778 ultro
813 1748 881 1788 ipse

141 1790 298 1822 deberet:
324 1792 345 1821 i.
369 1801 398 1821 e.
422 1801 481 1831 per
502 1801 560 1822 se:
585 1792 666 1829 sive,
692 1797 730 1822 ut
753 1791 882 1822 Graevio

141 1833 266 1875 placet,
290 1834 439 1875 insuper,
461 1834 547 1865 noch
571 1834 669 1865 dazu.
693 1846 758 1875 quo
782 1845 882 1866 sensu

141 1878 280 1910 verbum
302 1877 366 1909 hoc
389 1888 476 1919 saepe
499 1878 635 1917 dicitur,
651 1886 691 1910 ut
716 1879 810 1909 Verr.
833 1880 880 1910 iii.

142 1924 194 1953 85.
219 1923 307 1952 ultro
321 1923 422 1952 etiam
438 1922 599 1953 oblatum.

191 1964 355 2004 Umbilz'ei,
386 1965 492 2007 lapilli
529 1966 677 1997 litorales
707 1967 817 2004 nitidi,
846 1968 882 1998 in

143 2009 292 2040 umbilici
317 2010 455 2040 modum
480 2014 601 2040 natura
615 2010 706 2041 facti.
735 2012 830 2042 Orat.
848 2012 881 2042 ii.

142 2054 173 2083 6.
205 2053 349 2087 conchas
373 2064 428 2084 eos
445 2058 480 2084 et
494 2054 659 2085 umbilicos
679 2054 786 2094 legere
803 2065 881 2085 con-

141 2106 265 2127 suesse.
280 2107 310 2127 v.
327 2096 466 2128 Salmas.
483 2097 524 2128 ad
540 2097 642 2128 Solin.
660 2108 691 2139 p.
708 2099 784 2132 496.

192 2139 330 2179 Umbra,
348 2151 470 2171 comeS.
501 2142 590 2172 Mur.
615 2142 645 2172 6.
677 2142 811 2172 saltatio
830 2148 882 2173 est

141 2184 259 2215 umbra
271 2184 423 2215 luxuriae.
443 2186 463 2203 '‘
472 2186 591 2216 umbra
601 2185 725 2216 dicitur
737 2196 796 2227 pro
809 2186 880 2217 loco

142 2228 313 2266 umbroso,
336 2229 371 2258 in
398 2239 464 2268 quo
490 2230 719 2268 cujuscunque
749 2232 880 2269 generis

141 2272 398 2302 exercitationes
421 2272 600 2310 habentur,
618 2273 652 2303 iu
676 2274 795 2312 quibus
813 2284 880 2304 non

141 2316 226 2347 serio
250 2325 300 2346 res
324 2316 448 2355 agitur,
463 2326 571 2356 neque
596 2316 635 2347 de
658 2318 728 2348 vita
751 2327 880 2358 pugna-

140 2363 207 2389 tur.
253 2359 343 2390 Hinc
366 2360 485 2391 umbra
499 2361 682 2401 opponitur
696 2360 776 2391 soli:
802 2361 834 2392 h.
850 2372 879 2392 e.

141 2412 227 2433 verae
250 2412 372 2443 pugnae
397 2404 431 2433 in
449 2403 548 2442 bello,
564 2408 624 2434 aut
637 2415 721 2435 verae
743 2408 880 2435 conten-

139 2446 224 2477 tioni
249 2446 283 2477 in
304 2446 452 2486 judiciis.
475 2448 541 2478 vid.
564 2448 624 2478 sol.
669 2448 734 2479 Sed
759 2449 878 2479 deinde

140 2489 181 2520 de
197 2491 352 2521 omnibus
376 2491 415 2521 iis
432 2491 529 2522 rebus
547 2491 682 2530 dicitur,
699 2502 773 2531 quae
788 2493 878 2523 domi

139 2538 175 2563 et
196 2534 231 2563 in
254 2535 372 2564 umbra
395 2535 498 2573 fiunt,
518 2536 553 2566 in
577 2536 762 2576 quibusque
786 2536 880 2567 nulla

141 2586 264 2616 magna
285 2581 337 2608 est
359 2579 553 2609 contentio:
576 2584 751 2618 tamquam
771 2579 878 2619 deju-

140 2620 376 2660 risprudentia.
405 2621 539 2653 Muren.
567 2626 616 2654 14.
646 2623 744 2653 cedat
759 2624 879 2654 umbra

138 2664 219 2698 soli:
251 2664 284 2695 h.
311 2675 341 2695 e.
368 2666 505 2696 militari
535 2667 582 2697 rei
610 2666 821 2707 philosophia
843 2674 877 2698 et

140 2711 260 2738 ceterae
282 2714 384 2747 artes,
401 2710 435 2739 in
459 2710 578 2748 quibus
600 2711 707 2741 otium
731 2716 768 2741 et
784 2716 878 2741 tran-

139 2750 287 2790 quillitas
303 2758 365 2783 est.
382 2753 447 2784 vid.
463 2755 658 2785 umbratilis.
688 2754 707 2772 ²*
719 2755 813 2785 Orat.
829 2755 877 2786 iii.

138 2795 191 2828 26.
222 2795 346 2826 habeat
370 2800 486 2827 tamen
513 2797 570 2828 illa
593 2799 628 2827 in
653 2797 795 2828 dicendo
820 2799 877 2828 ad-

139 2838 276 2870 miratio
290 2848 329 2869 ac
341 2849 474 2870 summa
485 2840 557 2871 laus
573 2841 619 2883 (h.
637 2851 668 2870 e.
685 2850 789 2880 genus
805 2851 877 2873 ma-

139 2881 316 2924 gnificum)
329 2884 482 2916 ‘umbram
496 2885 642 2924 aliquam
653 2890 687 2915 et
697 2894 876 2923 recessum,

1584 71 1666 109 485

925 180 990 208 quo
1015 171 1120 209 magis
1147 169 1195 207 id,
1219 168 1308 209 quod
1335 170 1398 200 erit
1424 167 1667 206 illuminatum,

924 219 1035 244 extare
1066 220 1166 253 atque
1195 214 1343 243 eminere
1372 213 1542 244 videatur:
1575 213 1608 244 h.
1637 223 1668 244 e.

922 258 991 287 siut
1017 258 1080 287 loci
1107 257 1209 297 aliqui
1241 258 1276 286 in
1304 257 1455 287 oratione
1487 258 1668 297 magnifica

923 302 1017 330 vacui
1036 302 1074 331 ab
1089 302 1297 331 ornamentis
1314 306 1348 330 et
1364 302 1457 339 quasi
1480 301 1666 340 figurarum

923 351 1162 383 troporumque
1184 344 1359 374 coloribus.

973 388 1225 426 Umbraculmn,
1252 387 1374 418 schola.
1408 387 1504 418 Brut.
1534 392 1564 422 9.
1600 388 1666 418 vid.

923 431 983 462 sol.
1011 432 1089 471 Leg.
1113 433 1160 462 iii.
1186 432 1215 462 6.
1249 431 1442 461 Demetrius
1467 431 1666 461 mirabiliter

923 475 1108 505 (loeti-inani
1145 486 1183 505 ex
1218 476 1420 505 umbraculis
1455 475 1664 505 eruditorum

924 520 1059 557 otioque
1086 529 1152 548 non
1179 518 1277 548 modo
1304 519 1336 548 in
1367 518 1535 557 pulverem
1563 526 1664 557 atque

923 562 1041 599 solem,
1065 563 1123 592 svsd
1146 563 1179 592 in
1205 564 1315 601 ipsum
1339 562 1518 591 discrimen
1543 563 1665 592 aciem-

924 616 988 645 que
1015 606 1190 646 produxit:
1222 606 1254 634 h.
1280 616 1308 635 e.
1334 615 1414 635 usus
1438 612 1487 635 est
1513 605 1553 635 ad
1578 616 1666 635 reni·

924 649 1091 689 publicam
1108 648 1423 686 administrandam,
1440 657 1478 679 ut
1495 660 1547 690 ap.
1566 650 1662 680 Rom.

926 693 1022 730 Cato,
1040 694 1168 730 Cicero,
1186 693 1253 723 alii.

974 737 1180 775 Umbratilis,
1198 737 1336 774 otiosus,
1352 736 1448 773 lenis,
1465 745 1532 766 non
1557 746 1664 777 asper.

923 780 1022 811 Tusc.
1041 783 1075 811 ii.
1097 784 1146 811 11.
1169 782 1236 810 vita
1259 781 1444 811 umbratilis
1459 786 1493 810 et
1510 780 1665 811 delicata.

924 825 1018 855 Orat.
1045 828 1093 861 19.
1124 825 1310 855 umhratilis
1331 829 1382 854 est
1398 824 1504 854 oratio
1519 824 1666 865 philoso-

925 868 1066 909 phorum
1083 874 1119 899 et
1134 868 1254 899 mollis.

975 912 1092 950 Uncia,
1110 913 1190 942 assis
1214 911 1412 943 duodecima
1435 921 1523 951 pars,
1543 910 1664 942 deinde

925 957 1025 986 etiam
1050 957 1244 986 hereditatis
1272 957 1316 994 (v.
1341 954 1401 993 as.)
1428 956 1498 986 Att.
1521 955 1590 985 xiii.
1607 958 1663 986 48.

924 1005 1078 1030 mortuus
1095 1006 1143 1030 est
1162 1000 1345 1030 Babullius.
1365 999 1476 1030 Caesar
1490 999 1609 1039 opinor
1624 1009 1666 1029 ex

925 1046 1035 1074 uncia.
1067 1044 1110 1075 ib.
1139 1045 1193 1074 vii.
1215 1046 1248 1074 2.
1279 1049 1330 1073 est
1357 1044 1459 1073 etiam
1485 1044 1519 1073 in
1543 1042 1666 1072 Grute—

924 1088 1036 1118 riana:
1066 1098 1106 1118 ex
1129 1089 1242 1118 unciis.
1277 1087 1341 1117 Sed
1364 1088 1396 1117 in
1418 1086 1593 1117 Graeviana
1615 1097 1667 1117 re-

925 1132 1012 1162 ctius
1028 1139 1200 1172 receptum
1217 1145 1223 1162 ε
1254 1142 1293 1161 ex
1308 1132 1474 1161 teruncio.
1500 1130 1541 1160 ad
1554 1130 1595 1170 Ω.
1613 1130 1667 1160 Fr.

924 1176 971 1205 iii.
988 1180 1019 1210 9.
1051 1186 1131 1215 quas
1152 1177 1241 1205 enim
1266 1175 1396 1205 tabulas
1412 1184 1446 1204 se
1464 1175 1594 1215 putavit
1610 1175 1668 1204 ob-

924 1220 1069 1259 signare,
1082 1220 1118 1249 in
1133 1220 1252 1258 quibus
1269 1220 1303 1249 in
1315 1220 1420 1250 unciis
1433 1218 1665 1248 firmissimum

924 1267 1081 1294 tenuerat
1097 1267 1157 1293 dcc.
1174 1272 1205 1293 v.
1222 1263 1356 1293 Manut.
1374 1262 1415 1292 ad
1431 1262 1465 1292 h.
1483 1262 1506 1293 l.

974 1306 1108 1337 Unctus.
1140 1308 1210 1337 Att.
1238 1308 1293 1337 xii.
1317 1308 1346 1338 6.
1379 1306 1506 1337 nitidus
1533 1310 1667 1336 ‘emotus-

924 1361 984 1391 que
1006 1350 1067 1388 sol,
1090 1352 1273 1391 opponitur
1296 1360 1381 1387 asso,
1400 1350 1439 1379 de
1464 1360 1529 1389 quo
1553 1359 1665 1390 supra.

924 1395 1103 1434 *elegans,
1135 1394 1342 1435 splendidus.
1380 1393 1474 1424 Brut.
1509 1396 1561 1425 20.
1595 1395 1666 1433 jani

924 1439 1015 1469 enirn
1039 1445 1112 1469 erat
1134 1440 1262 1469 unctior
1278 1438 1431 1478 quaedam
1447 1437 1666 1477 splendidior-

925 1493 988 1522 que
1005 1482 1212 1513 consuetudo
1230 1482 1399 1521 loquendi.

974 1527 1096 1564 Uncus,
1110 1528 1388 1563 instrumentum,
1400 1536 1465 1565 quo
1478 1525 1666 1567 perduelles

924 1571 966 1601 ad
990 1570 1095 1601 scalas
1119 1571 1298 1601 Gemonias
1317 1570 1548 1602 trahebantur.
1581 1570 1666 1601 Phil.

925 1616 945 1645 i.
972 1617 1002 1646 Q,
1033 1625 1137 1645 uncus
1166 1616 1333 1655 impactus
1359 1618 1411 1644 est
1435 1613 1485 1644 illi
1510 1614 1666 1653 fugitivo.

924 1658 1036 1690 Rabir.
1061 1659 1156 1689 Perd.
1182 1663 1211 1690 5.
1241 1658 1408 1689 vindicare
1427 1668 1447 1689 a
1462 1658 1666 1696 verberibus,

924 1703 964 1733 ab
980 1713 1070 1734 unco.
1089 1704 1144 1733 uhi
1160 1714 1189 1734 v.
1207 1702 1415 1733 Hotomann.

973 1746 1080 1785 Umle,
1098 1757 1117 1777 a
1140 1757 1218 1787 quo,
1235 1757 1254 1777 a
1271 1757 1348 1786 qua,
1365 1756 1385 1776 a
1407 1746 1537 1785 quibus.
1568 1747 1665 1777 Orat.

924 1791 946 1822 i.
975 1794 1023 1823 15.
1057 1801 1155 1830 quam
1185 1791 1241 1821 ille
1270 1791 1353 1831 ipse,
1380 1790 1467 1821 uncle
1496 1791 1666 1830 cognovit.

923 1834 1016 1865 Verr.
1034 1835 1081 1866 iii.
1099 1839 1152 1870 70.
1182 1835 1270 1875 apud
1294 1844 1348 1865 eas
1372 1835 1562 1872 societates,
1579 1835 1666 1865 unde

923 1884 996 1909 erat
1019 1879 1194 1909 attributa.
1226 1878 1284 1908 sed
1308 1877 1356 1909 nil
1378 1877 1588 1918 frequentius
1612 1878 1664 1909 his

923 1923 1096 1963 exemplis.
1113 1923 1177 1953 vid.
1194 1923 1338 1952 Gronov.
1354 1921 1432 1952 ObS.
1450 1921 1471 1951 l.
1485 1922 1527 1952 iv,
1540 1932 1572 1962 p.
1594 1925 1666 1956 174.

974 1966 1114 2005 Unguis.
1143 1967 1244 1997 Dom.
1276 1969 1306 1997 5.
1335 1973 1375 1996 tu
1402 1965 1435 1995 in
1463 1963 1533 1995 hoc
1552 1965 1665 2005 ulcere

922 2014 1086 2050 tanquam
1099 2012 1221 2049 unguis
1234 2011 1393 2040 existeres
1407 2022 1413 2039 z
1434 2009 1467 2040 h.
1480 2019 1510 2040 e.
1525 2019 1665 2050 augeres

923 2055 1065 2091 malum,
1078 2055 1228 2084 acerbius
1245 2055 1403 2085 efficeres.

972 2098 1119 2137 Ungula.
1151 2098 1252 2129 Tusc.
1279 2098 1314 2128 ii.
1341 2099 1393 2128 24.
1427 2100 1500 2127 toto
1527 2107 1663 2139 corpore

922 2149 1023 2181 atque
1040 2142 1195 2173 omnibus
1213 2143 1359 2181 ungulis,
1377 2146 1415 2171 ut
1431 2140 1569 2180 dicitur,
1587 2152 1666 2172 con·

922 2186 1074 2216 tentione
1087 2186 1174 2216 vocis
1187 2186 1385 2216 asserviunt.
1403 2184 1576 2216 Bentleius
1588 2192 1665 2226 post

923 2229 1125 2260 Lambinum
1158 2229 1291 2269 legebat
1323 2230 1537 2268 unguiculis.-
1574 2230 1665 2269 quod

922 2275 1058 2314 ungulis
1079 2273 1270 2303 hominibus
1287 2282 1355 2303 non
1372 2274 1575 2303 conveniret.
1601 2274 1666 2305 Sed

923 2318 958 2347 in
980 2317 1162 2358 proverbiis
1184 2316 1256 2347 haec
1281 2326 1348 2347 non
1374 2317 1472 2347 nimis
1496 2317 1666 2349 subtiliter

915 2361 1111 2401 judicanda.
1142 2371 1172 2391 ν.
1199 2360 1277 2391 Obs.
1307 2360 1450 2392 Miscell.
1479 2371 1554 2400 quae
1583 2372 1666 2393 cura

923 2405 992 2436 Cel.
1009 2404 1162 2435 Dorvillii
1178 2404 1383 2445 prodierunt.
1399 2411 1425 2435 t.
1442 2404 1464 2434 i.
1482 2415 1513 2445 p.
1531 2407 1606 2436 410.

970 2448 1104 2486 Unicus,
1121 2458 1180 2489 pro
1203 2458 1290 2478 unus
1314 2452 1366 2479 est
1392 2449 1490 2480 Rose.
1509 2448 1585 2479 Am.
1612 2451 1662 2482 14.

921 2497 1004 2523 extr.
1037 2492 1118 2522 Coel.
1146 2494 1199 2523 3⁶2.
1232 2492 1326 2522 Verr.
1355 2492 1377 2522 i.
1404 2495 1458 2523 41.
1487 2493 1515 2522 si
1545 2496 1660 2524 tamen

920 2536 1021 2567 lectio
1043 2545 1126 2566 sana
1147 2540 1208 2567 est.
1236 2535 1448 2573 *excellens‚
1472 2536 1662 2575 singularis.

919 2580 1038 2620 Quint.
1067 2581 1115 2610 12.
1144 2584 1184 2610 ut
1207 2584 1267 2610 aut
1293 2589 1426 2610 summa
1453 2579 1662 2620 negligentia

918 2624 980 2654 tibi
994 2623 1174 2661 obstiterit,
1185 2627 1244 2653 aut
1255 2628 1353 2654 unica
1365 2622 1557 2654 liberalitas.
1576 2623 1661 2655 Cato

924 2670 972 2701 Π.
1003 2668 1037 2697 in
1062 2677 1161 2706 quem
1184 2667 1270 2697 illud
1292 2666 1440 2707 elogium
1464 2669 1609 2698 unicum.
1631 2677 1662 2699 v.

919 2710 1061 2741 collecta
1083 2710 1224 2741 Heinsio
1243 2710 1286 2741 ad
1306 2710 1401 2741 Ovid.
1422 2711 1505 2742 Met.
1522 2711 1569 2742 iii.
1584 2714 1662 2743 434.

970 2754 1134 2786 Universe.
1165 2755 1235 2785 Att.
1259 2764 1289 2784 v.
1312 2756 1344 2785 2.
1378 2759 1492 2785 cetera
1513 2757 1662 2786 universe

921 2798 1093 2829 mandavi:
1119 2797 1202 2828 illud
1218 2798 1361 2838 proprie.

950 2841 1183 2874 '‘Universitas.
1212 2841 1293 2872 Nat.
1316 2842 1418 2872 Deor.
1451 2842 1472 2872 i.
1497 2845 1550 2874 43.
1585 2844 1662 2873 'um'-

920 2886 1057 2916 rersitas
1072 2895 1198 2924 rerum,
1214 2889 1264 2917 est
1284 2888 1374 2921 totus
1391 2885 1551 2924 mundus,
1567 2890 1607 2917 ut
1623 2887 1658 2918 ii.

1017 2937 1024 2958 i
1044 2930 1052 2959 i
1077 2930 1097 2959 ‘2
