1985 3206
239 79 262 113 ς
828 68 1204 113 PRAEFATIO

241 186 400 241 primos
431 186 676 225 observasse
707 191 749 223 et
783 184 937 224 vidisse
970 184 1281 233 existimarent,
1315 192 1389 225 aut
1419 199 1514 240 quae
1549 186 1602 226 ab
1636 185 1729 226 alii!

241 252 382 293 essent
413 242 590 297 sparsim
624 241 853 295 explicata,
884 250 957 280 aut
984 256 1070 281 non
1106 242 1206 281 satis
1242 241 1461 292 illustrata,
1483 257 1531 283 ca
1562 252 1730 283 tantum

243 299 457 340 afferrent.
518 297 581 337 Ac
617 297 824 353 profecto,
855 298 887 337 si
920 298 1029 351 quis,
1052 308 1095 338 ut
1120 312 1216 338 vere
1241 298 1519 339 Burmannus
1546 298 1732 352 judicat,

244 356 389 397 onmia
408 357 460 395 ab
478 354 568 394 aliis
588 354 747 393 centies
770 354 886 394 dicta
903 364 945 394 et
966 355 1163 410 repetita,
1186 368 1428 409 recoquere,
1446 365 1488 396 et
1510 357 1560 396 ad
1583 370 1730 410 quem-

246 415 309 453 vis
348 423 581 461 auctorem,
617 427 691 450 sua
724 425 825 450 cura
863 411 1088 460 edendum,
1131 411 1315 452 adlinere
1349 412 1465 461 velit,
1496 422 1543 452 ut
1576 412 1730 453 nostris

247 470 511 525 temporibus
552 467 740 522 quidam,
781 467 823 507 in
866 468 930 507 liis
976 468 1159 508 Pitiscus
1201 468 1252 508 ad
1296 468 1562 519 Suetonium,
1594 468 1733 509 facere

248 530 565 573 sustimici·uut;
597 539 681 563 non
714 524 791 563 nisi
826 525 1018 565 obscurae
1050 523 1284 579 diligentiae
1308 534 1350 564 et
1382 525 1531 580 putida
1549 525 1732 579 quadam

249 585 378 625 varia:
400 581 651 623 eruditionis
674 581 961 620 ostentatione
983 581 1080 630 sibi,
1103 580 1280 621 fortasse
1301 581 1427 622 etiam
1449 582 1630 622 indoctis
1659 591 1732 621 aut

250 639 511 688 semidoctis,
535 653 617 677 non
642 647 783 677 autem
806 637 982 678 eruditis
1003 637 1166 692 placere
1188 638 1334 692 possit.
1387 639 1469 679 Sed
1494 639 1585 678 haec
1607 638 1732 688 ratio,

250 707 537 739 consentanca
560 708 633 749 per
659 709 701 733 sc
724 704 766 733 ct
797 694 1046 749 probabilis,
1067 694 1329 748 eruditisque
1360 696 1460 735 satis
1491 709 1733 735 accommo-

251 756 365 804 data,
388 763 527 793 tamen
553 766 637 791 non
662 765 809 806 parum
836 750 1095 791 incommodi
1129 750 1272 791 habet.
1335 752 1445 791 Nam
1478 752 1662 807 primum
1685 765 1735 791 ea

252 826 316 852 res
339 810 462 850 nobis
485 809 594 848 banc
624 807 922 847 necessitatem
944 806 1143 862 imponit,
1165 815 1211 846 ut
1241 816 1347 861 quot
1377 817 1476 848 sunt
1506 809 1629 848 unius
1661 822 1735 848 au-
1757 841 1763 850 .

252 868 382 908 vtoris
408 882 431 906 a
453 865 590 905 doctis
622 863 867 904 hominibus
889 864 1098 904 editiones
1116 871 1290 912 curatae,
1312 872 1378 904 tot
1408 864 1493 904 sint
1525 863 1734 905 habendae

253 926 327 965 uni
358 933 401 964 et
430 921 692 971 coemendae,
724 921 773 970 si,
803 920 1007 975 quicquid
1038 920 1088 960 ad
1117 934 1215 960 eum
1242 920 1536 960 illustrandum
1561 921 1735 961 allatum

254 982 323 1032 sit,
347 981 452 1021 scire
477 978 600 1018 velit:
633 988 679 1017 ut
707 977 806 1017 illud
829 986 1008 1026 taceam,
1030 976 1120 1016 fieri
1152 977 1195 1017 in
1226 977 1305 1017 hac
1338 977 1630 1018 imbecillitate
1658 991 1736 1017 no-

253 1048 353 1087 stra,
375 1046 419 1076 et
441 1037 540 1076 vitae
573 1035 770 1074 liumanae
805 1034 1013 1088 angustiis
1046 1048 1130 1073 non
1164 1048 1301 1088 posse,
1325 1043 1371 1073 ut
1401 1049 1496 1087 quae
1527 1033 1569 1073 in
1603 1035 1737 1073 bonos

255 1105 464 1142 auctores,
497 1100 569 1132 aut
601 1091 651 1130 de.
685 1090 816 1130 literis
847 1090 999 1144 greccis
1032 1090 1259 1144 latinisque
1292 1091 1451 1146 scripta
1485 1098 1598 1140 sunt,
1630 1103 1736 1130 unus

254 1151 401 1192 omnia
432 1149 570 1203 legere
608 1157 649 1187 et
691 1147 932 1187 meminisse
973 1155 1114 1200 queat,
1149 1158 1276 1201 atque
1311 1147 1384 1197 ita,
1414 1147 1515 1202 quid
1547 1147 1737 1187 nondum

255 1208 534 1263 explicatum,
556 1205 734 1253 dietum,
757 1203 1067 1244 illustratumve
1099 1204 1167 1253 sit,
1198 1203 1320 1243 scire..
1380 1203 1447 1244 Ex
1478 1219 1564 1259 quo
1592 1217 1739 1243 neces-

256 1266 366 1306 sario
396 1262 671 1316 consequitur
701 1261 798 1310 hoc,
829 1269 875 1300 ut
906 1274 1019 1315 saepe
1052 1269 1295 1315 repetantur
1327 1270 1425 1301 ante
1456 1260 1585 1310 dicta,
1607 1260 1735 1300 etiam

256 1336 355 1363 cum
387 1335 473 1360 non
509 1328 730 1374 putaui-[153
761 1317 1121 1372 quemadmodum
1151 1317 1194 1357 in
1221 1317 1566 1358 doctissimorum
1599 1316 1741 1357 homi-

257 1394 358 1420 num
380 1375 699 1417 commentariis
730 1374 1010 1417 animadverti
1034 1373 1195 1414 sactum
1217 1388 1323 1424 esse,
1343 1382 1386 1413 et
1416 1373 1539 1414 facile
1570 1387 1739 1428 possem

259 1436 453 1491 probare.
515 1432 571 1472 Et
601 1432 652 1471 ad
685 1430 785 1471 illud
807 1430 979 1485 quidem
1007 1430 1329 1471 incommodum
1362 1430 1511 1471 melius
1533 1429 1741 1479 fecerunt,

258 1493 346 1548 qui,
368 1506 464 1547 quae
496 1489 577 1529 sibi
600 1489 643 1527 in
667 1488 808 1542 aliquo
831 1496 1005 1528 auctore
1024 1487 1288 1528 emendanda
1309 1487 1647 1542 explicandaque
1677 1501 1743 1527 re-

259 1559 370 1590 stare
409 1547 653 1594 credebant,
689 1559 775 1585 non
808 1545 859 1584 ad
896 1559 1050 1585 novam
1082 1544 1314 1585 editionem
1348 1544 1635 1593 contulerunt,
1668 1543 1740 1583 sed

260 1604 544 1663 peculiaribus·
570 1602 720 1642 libellis
745 1601 1036 1657 prodiderunt,
1059 1611 1105 1641 ut
1131 1601 1279 1657 Lipsii,
1302 1601 1471 1642 Schotti
1503 1600 1658 1654 aliique
1680 1600 1743 1640 fe-

259 1678 367 1705 cere.
428 1661 510 1703 Sed
536 1659 638 1700 illud
666 1668 731 1699 est
760 1659 995 1698 maximum
1029 1658 1071 1698 in
1105 1658 1183 1699 bac
1214 1658 1377 1698 ratione
1405 1656 1743 1707 incommodum,

260 1721 373 1776 quod
396 1734 446 1759 ea
466 1715 690 1773 perpaucis
712 1714 962 1756 consulitur.
1006 1714 1118 1755 Nam
1141 1729 1302 1764 eorum,
1324 1715 1396 1769 qui
1420 1716 1461 1755 in
1484 1715 1566 1754 hoc
1588 1728 1743 1769 genere

261 1777 490 1825 excellunt,
519 1784 561 1814 et
589 1787 717 1828 supra
743 1772 1083 1812 mediocritatem
1115 1788 1158 1813 se
1188 1772 1404 1822 attollunt,
1436 1771 1544 1812 mira
1578 1785 1744 1826 semper

263 1835 346 1875 fuit
382 1842 425 1873 et
462 1846 576 1872 nunc
612 1844 782 1885 quoque
823 1838 886 1868 est
926 1829 1132 1883 paucitas.
1194 1828 1249 1868 Et
1289 1829 1355 1869 his
1392 1838 1533 1869 tamen
1569 1842 1744 1883 compa-

263 1899 409 1933 rantur
431 1889 522 1944 ejus
555 1886 720 1943 generis
743 1885 966 1926 editiones,
1029 1885 1143 1926 Mihi
1174 1894 1314 1926 autem
1347 1886 1429 1928 hoc
1459 1885 1628 1926 videtur
1654 1899 1744 1924 esse

263 1949 487 1989 doctorum
509 1943 749 1994 hominum,
771 1952 819 1982 ut
838 1943 968 1983 etiam
990 1956 1136 1983 eorum
1159 1942 1443 1983 imbecillitati
1465 1940 1744 1998 prospiciant,

263 2005 335 2060 qui
358 2014 551 2045 auctores
576 2011 736 2041 veteres
758 2013 1032 2055 cognoscere,
1054 2011 1097 2040 et
1117 2000 1401 2039 eruditionem
1420 2014 1473 2039 ex
1496 1999 1546 2039 iis
1577 1997 1745 2038 haurire

263 2062 457 2117 cupiunt,
489 2072 625 2113 neque
655 2066 796 2097 tamen
830 2057 919 2096 siue
950 2056 1087 2096 aliena
1106 2071 1202 2111 ope,
1224 2066 1267 2097 et
1297 2055 1538 2111 interpretis
1568 2054 1745 2105 auxilio,

267 2126 442 2174 possunt
472 2131 535 2166 ea,
557 2130 652 2169 quae
684 2114 987 2154 eruditioribus
1010 2113 1184 2169 vulgata
1203 2123 1246 2153 et
1276 2112 1418 2153 facilia
1441 2112 1651 2162 videntur,
1681 2112 1746 2152 in-

267 2176 467 2230 telligere.
530 2172 611 2212 His
634 2171 812 2212 fortasse
842 2170 1068 2210 subvenire
1091 2170 1315 2210 voluerunt
1344 2170 1403 2219 hi,
1424 2170 1496 2224 qui
1518 2168 1746 2209 Variorum

263 2242 401 2281 notas,
421 2239 494 2271 aut
515 2238 755 2283 excerptas,
777 2237 851 2267 aut
874 2228 1075 2282 integras,
1097 2227 1182 2267 suis
1204 2227 1506 2281 adjunxerunt.
1549 2226 1746 2272 Quorum

265 2290 442 2331 alterum
464 2287 592 2327 habet
614 2286 696 2326 boc
717 2284 948 2334 commodi,
971 2284 1085 2338 quod
1115 2284 1177 2324 sic
1208 2285 1287 2323 sub
1307 2291 1585 2338 conspectum
1612 2281 1748 2335 subji-

264 2347 389 2395 citur,
412 2342 616 2399 quicquid
637 2342 753 2382 docti
776 2341 970 2381 homiues
991 2341 1043 2381 ad
1060 2355 1192 2381 unum
1213 2349 1430 2381 auctorem
1452 2338 1749 2379 illustrandum

266 2400 665 2454 emendandumque
704 2398 1002 2438 contulerunt:
1033 2398 1105 2438 sed
1137 2397 1262 2437 simul
1296 2397 1425 2437 etiam
1463 2395 1546 2436 hoc
1584 2396 1749 2435 incom-

265 2459 397 2508 modi,
420 2456 534 2511 quod
552 2455 687 2496 multa
708 2469 760 2494 ne
783 2455 994 2495 tironibus
1015 2454 1187 2509 quidem
1209 2454 1372 2509 ignota,
1395 2452 1528 2493 multa
1550 2451 1603 2492 ad
1625 2450 1749 2491 intel·

265 2515 485 2572 figendum
507 2528 593 2553 non
616 2511 867 2561 necessaria,
889 2511 1023 2552 multa
1044 2510 1161 2562 falsa,
1184 2511 1333 2551 melius
1357 2509 1483 2550 hodie
1512 2516 1750 2564 perspecta,

265 2584 306 2614 et
330 2588 354 2613 a
376 2569 683 2627 posterioribus
706 2568 1011 2622 interpretibus
1042 2577 1115 2608 aut
1135 2567 1358 2608 confutata
1373 2567 1480 2621 jam,
1503 2574 1576 2606 aut
1598 2563 1750 2605 confu-

267 2630 396 2670 tanda
416 2638 573 2677 tamen,
596 2626 776 2681 legenda
797 2635 909 2675 sunt,
933 2636 1135 2679 tantaque
1165 2634 1363 2665 notarum
1393 2623 1525 2663 moles
1553 2620 1751 2676 congeri-

264 2697 346 2735 tur,
370 2695 416 2725 ut
450 2684 540 2737 ipse
573 2692 723 2722 auctor
752 2693 969 2736 tamquam
991 2683 1147 2736 cymba
1177 2681 1220 2721 in
1245 2681 1419 2722 Oceano
1441 2689 1586 2723 natare
1607 2678 1752 2718 videa·

265 2755 345 2783 tur.
382 2742 542 2794 Neque
556 2748 699 2779 tamen
722 2738 854 2778 altera
876 2739 984 2778 ratio
1006 2739 1143 2794 magis
1166 2738 1388 2793 probanda
1408 2746 1486 2787 est,
1511 2743 1750 2792 propterea,

264 2800 376 2855 quod
402 2797 589 2839 delectus
621 2796 689 2836 ilie
719 2793 905 2836 difficilis
929 2805 1007 2845 est,
1038 2809 1177 2849 neque
1208 2795 1332 2836 facile
1366 2793 1566 2836 omnibus
1593 2793 1636 2833 in
1668 2789 1751 2830 hac
