1920 3196
252 74 336 118 498

255 167 443 204 contrariis,
457 166 525 197 fere
541 176 599 207 per
614 166 923 207 interrogationem,
938 172 978 198 ut

258 221 320 241 ezer
334 214 438 250 optas,
454 209 538 249 quod
552 211 648 241 habes
661 211 678 240 ?

298 253 500 288 'a'ruommotim
507 253 736 291 intelligentia,
744 251 828 292 Top.
836 255 867 285 7.
879 251 978 283 Acad.

257 295 292 326 ii.
308 298 340 329 7.
360 295 428 325 Fin.
446 294 491 324 iii.
507 295 538 325 6.
560 295 660 325 Tusc.
678 295 700 326 i.
716 297 767 325 24.
790 295 884 324 ’ἔννοιαι
900 300 979 324 sunt

258 337 379 377 primo,
393 337 534 366 notiones
548 347 661 367 rerum
673 338 709 367 in
724 338 844 368 animis
855 340 980 367 natura

257 380 364 409 insita·
377 383 407 409 et
421 380 628 417 consignatae.
645 378 780 410 Tuscul.
793 379 815 409 i.
831 381 882 409 24.
895 378 980 408 unde

264 422 354 452 κοιναὶ
381 421 477 451 ’ἔννοιαι
506 422 669 458 notiones,
697 422 783 452 hanc
808 422 911 462 ipsam
940 421 982 450 ob

260 474 393 495 causam
417 473 623 501 communes,
637 464 713 500 quia
734 470 854 494 natura
874 464 982 493 insitae

263 512 355 543 sunt,
392 506 479 536 aliud
508 515 610 544 genus
635 512 686 537 est
712 506 822 543 ἰννοιῦν,
851 506 890 536 de
918 515 982 544 quo

262 549 366 580 Acad.
382 549 416 579 ii.
435 551 482 578 10.
496 553 529 578 et
544 552 573 582 7.
604 549 689 588 Top.
706 553 737 582 7.
761 549 811 578 hae
826 552 905 578 sunt
928 558 983 578 no-

262 592 345 622 ticioe
364 600 477 620 rerum
498 600 514 620 e
536 592 612 621 visis
629 593 826 621 esti-insecus
844 591 986 630 arreptis

262 638 294 664 et
316 635 402 664 inter
423 643 455 662 se
477 635 674 672 comparatis
694 634 886 669 constituae,
913 642 982 671 quse

264 680 296 706 et
320 687 344 706 τι·
362 675 483 712 amidam,-
506 680 676 707 vocantur.
722 676 822 705 Porro
849 675 887 705 de
912 675 982 705 Fin.

264 719 312 749 iii.
336 720 365 749 ὁ.
388 718 481 749 ἔννοιαι
507 718 616 748 Stoica
634 724 683 748 est
699 718 920 756 intelligentia
934 718 985 746 vel

264 762 365 797 notio,
388 771 452 800 qua
473 760 619 790 videmus
646 770 754 790 rerum
785 760 985 799 agendarum

266 804 414 833 ordinem
430 807 463 832 et
479 803 569 842 quasi
584 803 803 837 concordiam,
817 812 914 840 quam
931 802 985 831 ubi

266 845 368 876 homo
380 845 479 886 cepit,
494 845 612 881 multo,
626 851 664 876 ut
677 845 784 880 aiunt,
799 844 901 884 pluris
914 854 987 874 eam

266 887 993 928 aestimat,quatn‚quaeprimumdilexerat&c.

310 932 336 961 ἰν
350 930 509 972 &saon-aeia,
526 933 560 961 in
576 932 725 960 societate
741 930 936 968 navigandi,
951 928 992 959 ad

267 975 342 1007 Att.
358 975 422 1004 xvi.
443 976 469 1004 l.

312 1017 337 1047 iv
353 1016 426 1059 παρέ
446 1029 502 1055 γῳ,
519 1016 629 1050 obiter,
646 1014 685 1044 ad
702 1014 765 1054 Qu.
782 1014 833 1044 Fr.
852 1015 897 1044 iii.
913 1018 946 1047 9.

313 1061 338 1090 ἒν
357 1060 432 1104 παρέ
444 1064 483 1100 ἐν,
500 1060 534 1088 in
557 1059 713 1093 transitu,
729 1058 840 1094 obiter,
863 1057 903 1088 ad
917 1058 987 1088 Att.

270 1113 301 1133 v.
318 1106 370 1134 ⁶20.

313 1147 338 1176 ἰν
355 1146 511 1185 πολιτικῷ,
527 1146 562 1174 in
578 1154 611 1173 eo
623 1153 755 1181 genere,
772 1143 857 1182 quod
869 1143 915 1172 ad
928 1143 990 1171 rei-

266 1190 406 1230 public-ce
426 1188 676 1219 moderationem
695 1190 833 1225 spectat,
858 1185 898 1215 ad
919 1185 990 1214 Att.

273 1232 338 1262 xvi.
358 1235 405 1262 15.

315 1275 486 1314 ἔνσχνλάζω
501 1287 554 1310 σοι,
565 1273 666 1304 otium
683 1281 832 1301 emvsumo
846 1272 881 1302 in
897 1280 994 1310 opera

271 1319 330 1349 tibi
345 1319 513 1354 mwanda,
531 1317 570 1347 ad
584 1317 652 1345 Att.
667 1314 721 1344 vii.
743 1317 789 1344 ll.

318 1362 455 1399 ἐντάφιον,
486 1361 525 1390 de
556 1359 617 1388 hoc
646 1357 744 1386 verbo
772 1355 836 1386 vid.
874 1359 995 1395 praeter

273 1404 354 1434 alios
375 1405 478 1434 Periz.
499 1402 539 1432 ad
564 1400 683 1432 AElian.
699 1400 742 1429 V.
759 1398 801 1429 H.
825 1399 845 1428 i.
871 1398 918 1429 16.
941 1398 996 1436 qui

273 1446 383 1483 docet,
407 1447 533 1486 ivw'piov
556 1453 624 1474 csse
652 1441 870 1480 quodcunque
900 1450 997 1470 orna-

276 1494 428 1521 mentum
450 1487 584 1522 mortui,
599 1494 698 1523 quum
715 1484 748 1513 in
764 1484 848 1513 atrio
863 1482 998 1522 exponi-

274 1537 344 1568 tur,
367 1531 546 1571 sepelitur:
572 1527 658 1559 unde
681 1527 857 1565 ἰνταφιάζειν
878 1526 998 1555 dicitur

275 1579 350 1606 tota
366 1574 422 1605 illa
436 1584 527 1609 cura,
543 1580 615 1612 quae
629 1568 789 1605 ornando,
803 1567 998 1603 condiendo,

277 1617 511 1654 condendoque
531 1618 662 1644 mortuo
688 1611 872 1642 adhibetur.
890 1621 918 1639 v.
935 1611 1000 1641 Cu-

278 1670 346 1700 per.
370 1660 503 1690 Observ.
521 1658 553 1687 ii.
571 1661 601 1690 9.
635 1655 707 1684 Hoc
729 1654 801 1684 loco
816 1654 883 1693 ipse
898 1652 928 1682 J.
946 1652 998 1682 Fr.

279 1703 463 1733 Gronovius
475 1701 712 1739 interpretatur
720 1698 900 1736 sepultura.
916 1695 1002 1725 Hor-

282 1746 310 1776 ti
331 1745 392 1781 illi,
407 1744 527 1783 inquit,
543 1745 641 1772 crunt
665 1748 732 1769 non
755 1737 851 1769 modo
875 1738 1000 1776 requies

281 1787 473 1821 senectutis,
488 1795 545 1815 seu
559 1783 732 1825 ἐγγήραμα,
749 1787 787 1812 ut
800 1786 839 1811 tu
853 1779 1003 1819 aliquan-

281 1832 323 1863 do
345 1828 515 1869 scripsisti,
539 1828 594 1857 sed
617 1826 746 1864 ἐντάφιον
768 1823 860 1859 adem
879 1823 1003 1862 requies

284 1873 419 1904 mortui.
464 1871 540 1901 Non
571 1868 719 1904 absurde,
750 1876 813 1905 qua
842 1874 973 1895 sensum
992 1876 1002 1902 ;

283 1916 382 1947 modo
397 1914 529 1944 verbum
547 1912 699 1941 Graecum
724 1919 800 1939 eum
823 1912 1003 1948 pateretur.

284 1960 437 1993 Constat,
453 1955 643 1986 Graecorum
663 1962 754 1983 more
771 1961 837 1981 non
857 1955 1005 1980 mortuos

283 2001 391 2031 solum
416 1997 598 2038 magnificis
621 1996 764 2026 vestibus
786 1997 930 2027 ornatos³
953 1991 1008 2021 sed

285 2053 372 2083 saepe
385 2042 486 2072 etiam
503 2041 685 2071 morituros.
731 2037 818 2071 Hinc
832 2034 1007 2075 Apollodo-

284 2096 344 2118 rus
359 2083 501 2115 Socratis
517 2080 692 2121 discipulus
707 2078 834 2110 Socrati
850 2077 1007 2107 offerebat

287 2127 498 2166 magnificam
527 2130 663 2159 vestem,
692 2132 755 2161 qua
788 2120 924 2150 indutus
952 2118 1007 2148 de-

288 2180 382 2202 mum
397 2169 538 2198 cicutam
555 2167 691 2202 biberet.
707 2175 758 2204 ap.
776 2162 948 2194 AElian.v.
964 2161 1006 2191 H.

286 2213 310 2243 i.
338 2212 386 2242 16.
411 2209 452 2240 cf.
475 2209 520 2239 iii.
545 2211 596 2239 24.
621 2208 663 2240 iv,
688 2210 719 2238 8.
765 2206 879 2244 ltaque
907 2205 1008 2234 etiam

286 2254 465 2294 ἶνταφιοὶζειν
489 2251 570 2282 mihi
596 2250 726 2287 videtur
751 2248 836 2279 hanc
858 2247 925 2277 vim
951 2246 1009 2276 lia·

289 2299 367 2329 bere
383 2294 507 2327 Matth.
523 2294 608 2324 xxvi.
626 2295 671 2322 122.
684 2291 818 2323 honoris
831 2299 928 2319 causa
944 2299 1009 2318 mo-

289 2342 440 2372 riturum
452 2346 587 2375 ungere.
631 2334 789 2365 Nondum
812 2333 900 2362 enim
924 2341 1010 2361 mor-

290 2390 370 2414 tuus
393 2383 477 2415 erat,
500 2379 562 2408 etsi
584 2377 756 2407 unctiones
785 2374 915 2415 proprie
937 2378 1011 2413 post

291 2429 435 2456 mortem
451 2421 585 2451 fiebant.
631 2419 694 2449 Hic
710 2428 787 2457 ergo
802 2421 851 2447 est
870 2416 931 2446 loci
951 2416 1011 2446 hu-

292 2470 358 2509 jus,
374 2475 447 2496 mea
467 2462 643 2497 sententia,
660 2471 772 2491 sensus
788 2472 795 2489 t
821 2460 863 2490 In
878 2459 926 2488 his
942 2460 1014 2488 hm·-

292 2511 335 2540 tis
354 2519 412 2546 ego
433 2515 497 2536 non
518 2507 620 2535 solnm
642 2505 788 2534 suaviter
809 2511 908 2547 agere
929 2511 1016 2531 sene-

293 2557 428 2583 ctutem,
456 2549 512 2577 sed
538 2548 638 2583 etiam
662 2548 787 2576 honeste
805 2544 1017 2584 jucundeque

293 2597 377 2629 mori
393 2601 443 2621 me
453 2600 545 2630 posse
557 2589 692 2629 eorfido.

336 2635 516 2673 ἰντελέχεια,
531 2633 629 2662 Tusc.
647 2633 668 2661 i.
688 2633 736 2660 10.
751 2629 790 2660 de
805 2629 904 2666 hujus
920 2638 1013 2658 voca-

292 2680 362 2710 buli
374 2679 402 2707 vi
414 2677 625 2706 vehementer
635 2673 840 2713 disputatum
855 2680 922 2701 esse
936 2681 1013 2701 con-

292 2727 372 2752 stat.
416 2719 498 2755 Nos,
527 2726 599 2755 quae
621 2727 660 2746 ex
687 2715 750 2745 boc
771 2715 844 2745 loeo
868 2718 1011 2752 potestas

291 2765 365 2796 elici
381 2762 496 2803 possit,
511 2758 703 2795 videbimus,
718 2762 751 2787 et
764 2765 839 2798 cum
853 2757 922 2795 ipso
937 2755 1010 2785 Ari-

291 2806 411 2836 stotele
426 2801 699 2842 comparabimus.
731 2799 845 2830 Cicero
861 2799 920 2834 ait,
937 2799 1010 2828 Ari-

291 2848 447 2882 stotelem
475 2845 604 2882 vidisse,
631 2842 777 2881 actiones
811 2841 914 2877 annui
943 2849 1011 2878 esse

680 80 841 110 1NDEx
877 79 1310 110 GRAEco-LA'HNUS.

1020 175 1087 203 eas,
1104 176 1177 205 quae
1194 167 1227 196 in
1243 166 1416 198 materiam
1439 165 1554 198 cadere
1575 176 1644 198 non
1666 175 1742 208 pot·

1021 213 1107 245 sent,
1121 218 1224 248 neque
1237 209 1277 238 ab
1289 209 1358 239 ullo
1372 219 1489 248 genere
1499 210 1740 241 elementorum

1022 251 1196 291 proticisci,
1219 261 1291 290 quae
1321 252 1414 282 nobis
1435 252 1565 290 quidem
1590 257 1676 282 nota·
1691 261 1742 282 es-

1020 298 1105 323 sent.
1150 295 1258 332 Atque
1284 294 1317 324 id
1339 303 1412 324 vere
1435 294 1605 333 judicavit.
1652 294 1741 325 Nam

1022 336 1211 375 corporibus
1225 335 1307 366 nihil
1322 342 1440 376 pra'ter
1456 341 1596 372 motum,
1607 341 1742 367 auctore

1023 378 1093 418 ipso
1108 377 1297 414 Aristotele,
1315 379 1457 409 accidere
1473 385 1593 418 potest,
1610 384 1648 409 ut
1669 378 1742 418 phi-

1023 420 1152 459 losophi
1167 420 1263 449 certis
1281 422 1484 460 argumentis
1501 421 1742 452 demonstrant.

1025 462 1118 493 Inter
1140 462 1355 500 cogitationes
1377 470 1502 500 autern,
1519 463 1604 494 ideas
1628 464 1687 493 ἃς.
1711 467 1746 494 et

1027 510 1154 534 motum
1186 504 1277 534 nulla
1304 506 1485 535 similitudo
1518 511 1580 536 est.
1629 506 1745 544 Itaque

1026 547 1048 577 l.
1072 548 1095 577 i.
1120 546 1159 576 de
1181 547 1304 583 anima,
1327 547 1362 577 in
1387 558 1450 586 quo
1473 549 1642 587 opiniones
1665 547 1746 578 alio-

1027 599 1100 620 rum
1124 589 1162 618 de
1185 589 1296 618 anima
1310 595 1494 626 enumerat,
1512 601 1540 620 c.
1561 592 1591 620 3.
1609 590 1682 620 init.
1698 590 1747 620 di-

1025 636 1109 661 serte
1131 631 1178 661 ait
1193 641 1200 659 :
1225 630 1251 661 ’ἔν
1266 644 1294 661 τι
1307 632 1362 661 τῶν
1377 630 1532 668 ἀδυνάτων,
1552 632 1585 663 ‘rb
1604 633 1747 674 ὑπάρχειν

1027 675 1121 715 ψυχῇ
1150 673 1265 706 κίνησιν.
1319 674 1391 704 Hoc
1420 675 1521 713 igitur
1549 677 1747 711 constitum,

1027 723 1078 752 ut,
1092 717 1246 755 quoniam
1262 717 1408 747 actiones
1423 718 1543 746 animae
1558 726 1624 748 non
1639 723 1749 748 essent

1028 768 1202 798 corporeae,
1219 769 1277 788 nec
1293 759 1362 798 ipsa
1382 769 1498 798 corpus
1520 765 1616 796 esset,
1631 760 1750 789 efficie-

1029 802 1138 836 batur,
1169 808 1208 831 ut
1235 802 1403 841 proprium
1439 811 1542 840 genus
1570 802 1751 832 subtantiae

1030 844 1260 880 constitueret,
1283 843 1342 873 sub
1365 854 1428 882 quo
1452 844 1572 874 animae
1596 844 1752 874 humanae

1033 886 1295 922 continerentur,
1319 886 1405 924 quod
1426 892 1511 916 esset
1532 886 1573 916 ab
1595 896 1752 926 corporeo

1034 938 1152 966 genere
1175 929 1361 967 sejunctum
1383 934 1416 958 et
1440 928 1536 968 plane
1559 929 1750 960 discretum.

1036 971 1107 1003 Hoc
1132 979 1252 1000 novum
1281 979 1396 1009 genus,
1423 980 1507 1000 novo
1532 971 1633 1001 etiam
1659 982 1755 1002 voca-

1032 1012 1108 1043 bulo
1133 1012 1314 1052 ἒντελέχειαν
1335 1013 1525 1053 appellavit,
1549 1014 1582 1044 h.
1608 1024 1636 1044 e.
1660 1016 1755 1054 quasi

1032 1056 1197 1095 quandam
1209 1065 1385 1095 perennem
1401 1060 1431 1085 et
1445 1057 1670 1086 continuatam
1687 1068 1754 1088 mo-

1033 1099 1164 1128 tionem.
1207 1098 1284 1128 Non
1300 1098 1379 1127 dicit
1397 1099 1578 1134 motionem,
1591 1099 1645 1128 sed
1661 1101 1755 1139 qnasi

1034 1141 1202 1179 quandam
1217 1141 1398 1170 motionem.
1422 1140 1467 1170 sic
1483 1140 1620 1171 dicimus
1636 1153 1646 1171 ι
1669 1145 1756 1174 ratio

1033 1187 1078 1212 est
1093 1183 1186 1222 qnasi
1200 1183 1349 1222 qztaedam
1366 1183 1423 1212 lam
1435 1183 1559 1216 ‹1122sz-
1586 1193 1652 1213 non
1668 1185 1755 1223 quod

1034 1225 1091 1255 lux
1114 1225 1169 1261 sit,
1190 1225 1245 1254 sed
1268 1224 1354 1264 quod
1377 1226 1424 1254 ita
1446 1235 1478 1254 se
1501 1224 1602 1256 habet
1623 1227 1664 1256 ad
1685 1229 1757 1258 ani-

1036 1277 1128 1297 mum
1151 1268 1247 1303 ratio,
1271 1273 1309 1297 ut
1334 1267 1388 1296 lux
1412 1267 1452 1296 ad
1475 1267 1598 1298 oculos.
1643 1269 1696 1300 Sic
1717 1275 1757 1302 ut

1038 1311 1142 1339 motio
1157 1319 1189 1340 se
1204 1310 1303 1340 habet
1319 1309 1359 1340 ad
1379 1319 1509 1348 eorpuS,
1526 1310 1572 1341 ita
1589 1312 1756 1353 ἔντελὲχειιι

1037 1351 1078 1381 nd
1099 1353 1256 1383 animam.
1301 1352 1402 1387 Nam,
1427 1357 1465 1381 ut
1483 1353 1554 1390 jam
1578 1354 1617 1384 ad
1632 1357 1759 1388 Aristo.

1038 1393 1138 1424 telem
1148 1395 1330 1431 veniamus,
1340 1395 1506 1434 ἐντελέχεια
1517 1405 1555 1424 ex
1566 1397 1633 1435 ejus
1647 1404 1758 1431 mente

1041 1446 1106 1467 non
1121 1443 1170 1466 est
1186 1437 1255 1476 ipsa
1265 1438 1387 1473 anima,
1399 1437 1453 1467 sed
1466 1440 1536 1476 ejus
1549 1438 1667 1476 forma,
1683 1443 1759 1472 sub-

1035 1480 1165 1517 jectum
1193 1485 1306 1510 autem
1329 1480 1410 1517 ejus,
1433 1485 1466 1509 et
1489 1481 1580 1518 quasi
1607 1486 1759 1523 materia,

1040 1522 1073 1554 h.
1090 1532 1118 1552 e.
1133 1523 1219 1560 quod
1239 1531 1273 1551 se
1289 1522 1329 1552 ad
1343 1521 1524 1561 ἐντελέχειαν
1540 1522 1650 1560 babet,
1666 1530 1704 1556 ut
1718 1529 1761 1560 ad

1040 1568 1168 1595 motum
1194 1573 1322 1603 corpus,
1345 1570 1396 1595 est
1416 1563 1544 1602 δύναμις,
1559 1565 1605 1595 vis
1628 1569 1760 1607 agendi,

1040 1608 1073 1638 h.
1089 1618 1117 1637 e.
1134 1607 1344 1646 percipiendi,
1363 1608 1540 1646 cogitandi.
1584 1608 1763 1643 Videamus

1042 1651 1111 1689 ejus
1127 1650 1223 1679 verba
1238 1649 1258 1678 l.
1275 1650 1308 1679 ii.
1326 1649 1364 1680 de
1380 1650 1490 1680 anima
1504 1660 1530 1680 c.
1551 1653 1577 1680 l.
1615 1651 1652 1681 In
1670 1656 1764 1686 omni

1045 1703 1078 1722 re
1093 1691 1158 1721 tria
1173 1700 1240 1721 esse
1256 1690 1394 1727 dixerat,
1411 1692 1495 1729 ὕλην,
1509 1693 1630 1734 μορφὴν,
1647 1694 1664 1727 ἢ
1680 1694 1762 1735 εἶδος,

1041 1739 1076 1765 et
1104 1734 1137 1764 τὸ
1162 1735 1193 1765 ἐκ
1219 1733 1324 1764 ‘term-
1370 1735 1442 1765 Hoc
1470 1735 1510 1766 ad
1539 1737 1686 1768 animum
1717 1741 1763 1770 sic

1044 1777 1203 1807 transfert
1217 1793 1223 1806 ;
1248 1778 1289 1810 {fi
1308 1774 1335 1808 ΣΞ
1352 1777 1368 1809 ἦ
1383 1779 1434 1817 μὲν
1449 1778 1519 1815 ὕλη,
1535 1777 1663 1818 δύναμις,
1682 1782 1716 1813 τὸ
1736 1782 1764 1815 δὲ

1045 1818 1114 1853 εἶδος
1151 1820 1329 1860 ἰντελέχεια.
1387 1821 1581 1851 Aristoteles
1615 1832 1681 1854 non
1718 1826 1768 1856 di-

1045 1869 1131 1892 serte
1153 1863 1252 1893 dicit:
1282 1863 1376 1904 ψυχή
1397 1864 1451 1896 ἒςιν
1473 1863 1650 1903 ἐντελέχεια.
1698 1867 1765 1899 Ne-

1047 1915 1109 1943 que
1130 1909 1244 1935 tamen
1266 1906 1381 1937 Cicero
1399 1911 1513 1946 peccat
1535 1908 1565 1937 ei
1584 1907 1645 1937 hoc
1659 1919 1767 1941 enun-

1048 1947 1170 1978 ciatum
1186 1947 1348 1979 tribuens.
1375 1948 1461 1979 Nam
1479 1959 1527 1980 res
1542 1959 1561 1979 a
1576 1949 1683 1982 forma
1697 1962 1767 1990 sua,

1051 2000 1115 2028 qua
1130 1989 1170 2019 ab
1187 1990 1258 2020 aliis
1274 1991 1368 2020 rebus
1390 1991 1641 2031 distinguuntur
1663 1998 1767 2026 maxi-

1051 2042 1117 2068 me,
1132 2031 1288 2071 appellari
1304 2033 1338 2063 in
1350 2034 1501 2063 omnibus
1516 2034 1650 2073 linguis,
1665 2038 1768 2068 usita-

1048 2079 1121 2105 tum
1146 2079 1206 2104 est.
1251 2075 1334 2105 Haec
1355 2081 1405 2105 est
1428 2085 1502 2106 mea
1523 2077 1562 2107 de
1586 2076 1647 2107 hoc
1671 2081 1769 2112 verbo

1049 2117 1227 2153 sententia,
1251 2128 1349 2156 quam
1377 2128 1417 2148 ex
1444 2124 1538 2158 parte
1559 2119 1641 2150 vidit
1667 2123 1769 2154 etiam

1051 2158 1234 2188 Leibnitius
1249 2160 1417 2190 v.Theod.
1438 2161 1460 2191 l.
1480 2163 1501 2191 i.
1529 2163 1559 2198 ξ.
1578 2165 1629 2196 87.
1672 2163 1770 2203 Quod

1051 2201 1204 2231 Davisius
1222 2206 1319 2241 putat
1336 2202 1376 2233 ad
1398 2203 1430 2233 h.
1446 2203 1470 2233 l.
1484 2204 1628 2234 animam
1643 2205 1769 2238 Aristo-

1051 2243 1111 2273 teli
1139 2252 1206 2273 esse
1234 2243 1376 2275 formam
1406 2247 1563 2285 corporis,
1592 2257 1666 2286 quae
1696 2259 1770 2281 eam

1052 2285 1190 2322 animet,
1205 2291 1304 2317 errat.
1334 2287 1422 2317 Nam
1437 2288 1507 2318 haec
1523 2289 1707 2320 Dicaearchi
1721 2298 1773 2324 est

1052 2329 1229 2364 sententia,
1246 2339 1313 2360 non
1326 2329 1524 2367 Aristotelis,
1542 2341 1640 2369 quam
1657 2332 1774 2365 Cicero

1052 2370 1093 2400 ab
1108 2370 1165 2401 illa
1179 2369 1363 2410 distinguit.
1404 2373 1537 2404 Veteres
1553 2374 1700 2412 profecto
1716 2387 1773 2407 eo-

1053 2412 1126 2445 dem
1149 2423 1187 2443 ac
1212 2423 1271 2443 nos
1295 2413 1391 2443 modo
1413 2415 1533 2455 cepisse
1554 2415 1616 2446 hoc
1637 2417 1774 2451 verbum

1057 2455 1222 2486 videntur.
1246 2456 1335 2486 Sext.
1360 2456 1486 2497 Empir.
1509 2469 1535 2488 c.
1555 2458 1662 2490 Math.
1686 2470 1718 2491 x.
1743 2464 1775 2493 3.

1058 2500 1112 2528 40.
1131 2507 1190 2538 pro
1206 2503 1283 2528 actu
1299 2499 1421 2538 posuit,
1437 2505 1472 2529 et
1492 2501 1651 2539 potentiae
1672 2512 1775 2542 oppo-

1060 2540 1147 2571 suit:
1173 2539 1209 2570 Τό
1231 2541 1280 2570 ὠὸν
1303 2541 1387 2571 κατὰ
1404 2539 1518 2581 δύναμιν
1533 2544 1584 2582 μὲν
1603 2544 1707 2578 nocer&
1723 2547 1775 2583 ἔςι,

1056 2583 1127 2622 κατ’
1141 2583 1323 2624 ἔντελὲχειαν
1337 2582 1364 2614 δὲ
1377 2585 1412 2614 ἐκ
1427 2584 1493 2618 ἐ’ςιν.
1512 2586 1554 2616 cf.
1570 2596 1648 2626 quOS
1662 2587 1776 2620 laudat

1057 2626 1182 2656 Fabric.
1198 2627 1238 2656 ad
1254 2627 1285 2657 h.
1304 2626 1325 2656 l.
1345 2629 1374 2663 ξ.
1392 2630 1466 2658 315.
1502 2628 1561 2658 Est
1575 2634 1686 2659 autem
1703 2640 1774 2661 ver-

1056 2668 1148 2703 bum,
1164 2669 1224 2699 ἀπό
1239 2670 1276 2699 τῖ’
1289 2670 1396 2703 ἐντελὲς
1413 2669 1489 2710 ἔχει.
1505 2671 1618 2705 ἐντελὴς
1634 2677 1684 2702 est
1701 2683 1774 2713 per-

1055 2710 1161 2747 ennis,
1183 2716 1369 2752 perpetuus.

1094 2752 1232 2793 ἐ’ντεχναε,
1247 2755 1451 2794 artificialia.
1473 2755 1514 2786 ad
1528 2755 1603 2787 Div.
1618 2757 1672 2787 vii.
1688 2759 1739 2788 32.

1054 2839 1082 2872 A
1096 2797 1120 2826 ἰν
1135 2799 1193 2830 τοῖς
1210 2798 1364 2839 {qm-mose,
1379 2799 1415 2829 in
1429 2799 1524 2830 rebus
1537 2800 1719 2832 amatoriis.
1735 2800 1776 2833 ad

1084 2844 1127 2871 tt.
1142 2839 1184 2871 ix.
1204 2843 1251 2872 10.
