1985 3206
439 284 776 357 INDEX
828 275 1515 352 LATINITATIS.

584 620 624 651 A.

240 672 306 723 A,
324 689 383 720 Ab.
399 698 459 729 pro
482 688 591 727 quoad
609 687 781 727 eleganter
797 685 968 726 adjectivis

232 734 401 773 jungitur.
426 732 467 762 ad
501 733 576 762 Div.
601 743 631 762 x.
660 735 709 763 15.
742 732 782 761 ab
812 732 966 770 equitatu

241 779 368 807 firmus
395 777 437 806 ib.
463 780 493 806 8.
527 777 567 806 ab
591 776 683 805 omni
710 785 744 805 re
768 784 883 805 sumus
910 784 967 813 pa-

240 822 391 851 ratiores.
416 820 511 850 Brut.
541 820 588 849 16.
613 820 654 849 ab
679 820 771 848 omni
796 818 894 848 laude
920 817 967 846 fe-

240 865 346 895 licior.
370 864 442 894 Att.
466 864 533 893 viii.
562 866 610 893 14.
636 867 770 902 tempus
789 868 921 892 mutum
947 869 968 890 a

242 908 358 938 literis.
383 908 479 938 Rosc.
505 907 542 936 A.
564 909 616 937 30.
631 908 670 937 ab
693 905 887 936 innocentia
904 904 969 934 cle-

243 952 485 982 mentissimus.
511 951 623 980 *item
648 950 765 979 verbis.
789 949 830 979 ad
846 949 923 979 Div.
947 948 969 977 i.

244 999 276 1027 4.
301 1006 322 1026 α
338 996 369 1024 vi
393 999 550 1034 praestare
576 993 660 1023 nihil
678 1003 835 1033 possum3
862 992 890 1021 vi
915 1002 974 1021 ex-

245 1045 343 1079 cepta
360 1039 418 1068 ἅο.
447 1038 538 1068 Rosc.
557 1038 594 1067 C.
617 1039 664 1068 19.
688 1047 708 1066 a
728 1037 853 1066 Fannio
871 1046 904 1065 sc
915 1035 971 1073 ju-

244 1083 331 1113 dicio
355 1081 505 1112 absolvit.
529 1084 548 1102 ²¹⁵
566 1081 661 1111 Rosc.
684 1080 759 1110 Am.
778 1082 830 1114 29.
854 1090 874 1109 α
899 1080 971 1118 qui-

246 1127 307 1157 bus
330 1125 592 1157 occidebantur?
628 1125 649 1154 i.
684 1134 712 1153 e.
738 1134 878 1163 quorum
898 1125 971 1162 jus-

246 1180 298 1207 su,
323 1170 377 1208 qui
402 1169 535 1198 sicarios
559 1169 802 1198 immittebant.
827 1167 972 1197 *Rahixn

245 1214 336 1244 Post.
363 1216 411 1243 10.
448 1212 631 1251 impunitas
655 1222 674 1241 a
693 1212 822 1250 judicio
847 1216 881 1240 et
906 1220 973 1239 ser-

245 1266 356 1287 mone.
380 1259 399 1277 *ι
416 1255 508 1286 Verr.
533 1256 567 1285 ii.
593 1258 644 1286 98.
670 1255 768 1285 malle
794 1255 971 1295 pecuniam

247 1301 398 1340 accipere
422 1309 442 1329 α
467 1299 586 1329 salute.
619 1299 651 1328 h.
677 1310 705 1329 e.
740 1300 780 1328 ob
815 1298 972 1335 salutem,

247 1351 287 1374 ut
321 1343 404 1382 legit
434 1342 596 1379 Graevius,
633 1343 673 1372 ab
697 1353 736 1372 ea
760 1347 869 1382 parte,
903 1351 976 1380 quae

246 1387 390 1418 salutem
415 1387 511 1426 petit.
547 1389 639 1426 *pro
675 1386 774 1426 apud.
810 1385 882 1416 Mil.
921 1389 975 1416 35.

249 1441 300 1462 res
331 1431 448 1461 honori
472 1430 537 1460 fuit
561 1440 583 1460 α
613 1432 681 1460 suis
705 1430 842 1459 civibus.
878 1431 897 1450 ²*
915 1438 975 1469 pro

248 1485 299 1505 aas.
333 1474 375 1504 ad
407 1475 482 1505 Div.
507 1474 550 1504 xi.
580 1477 628 1504 10.
659 1484 679 1504 a
703 1479 794 1503 certo
818 1482 918 1503 sensu
943 1476 977 1502 et

249 1517 492 1556 verojudicare.
517 1521 535 1539 ²*
550 1517 621 1547 Att.
634 1517 697 1547 xxvi.
711 1521 742 1551 7.
758 1517 894 1547 Antonii
908 1516 978 1546 edi-

250 1567 343 1592 ctum
361 1561 425 1600 legi
442 1572 463 1591 a
478 1561 595 1598 Bruto,
614 1562 636 1591 i.
652 1572 681 1592 e.
702 1561 976 1590 communicante

248 1604 356 1636 Bruto
393 1615 540 1642 mecum,
577 1610 755 1645 acceptum
796 1615 816 1634 a
860 1604 977 1635 Bruto.

249 1650 354 1679 *At‘ss
386 1658 416 1678 v.
443 1650 494 1679 21.
519 1648 596 1678 dare
620 1650 660 1678 ab
691 1648 765 1678 alio.
800 1647 880 1678 ibid.
914 1647 978 1677 sol-

249 1702 324 1723 vere
347 1693 388 1723 ab
411 1692 488 1729 alio,
513 1693 533 1722 i.
559 1703 587 1722 e.
610 1703 671 1733 per
694 1692 810 1729 alium,
836 1692 979 1722 attribu-

249 1738 354 1767 tione.
377 1736 421 1766 ib.
446 1737 501 1766 xii.
525 1738 578 1767 ⁶25.
614 1736 928 1776 repraesentabimus
957 1746 977 1765 a

250 1778 398 1810 Faberio.
436 1780 530 1810 *Est
566 1780 669 1810 etiam
701 1780 757 1810 ubi
795 1780 978 1818 significat,

251 1833 311 1864 pro
348 1833 425 1863 quo,
463 1823 557 1861 eujus
594 1833 694 1854 causa
734 1823 860 1862 aliquid
906 1823 978 1852 fiat.

250 1865 349 1898 Rosc.
380 1867 455 1897 Am.
489 1870 545 1898 36.
573 1874 613 1898 ut
636 1877 676 1896 ea
699 1867 812 1897 dedita
834 1877 936 1906 opera
957 1877 979 1897 a

252 1911 346 1941 nobis
377 1911 487 1940 facere
510 1911 703 1941 videamini.
746 1910 862 1941 Lectio
900 1910 980 1940 Fac-

253 1954 388 1985 ciolati:
436 1965 456 1985 a
478 1955 581 1985 vobis.
605 1956 626 1985 i.
651 1965 680 1984 e.
705 1960 815 1984 vestra
845 1960 978 1993 sponte,

252 1998 318 2028 huc
343 2008 409 2028 non
434 1998 586 2037 quadrat.
626 1998 740 2028 Simile
765 2003 816 2028 cst
840 1998 921 2028 Her.
946 1998 981 2028 ii.

253 2044 307 2076 27.
332 2042 420 2080 quod
444 2042 544 2072 multi
568 2043 608 2073 ab
640 2052 696 2072 reo
726 2042 868 2078 faciunt,
904 2043 925 2071 i.
949 2052 980 2071 e.

253 2086 301 2115 rei
325 2085 523 2115 defendendi
549 2095 659 2116 causa.
686 2088 704 2106 ²*
720 2086 834 2116 Att.v.
858 2088 889 2116 3.
912 2090 980 2114 ter-

253 2129 302 2158 tio
325 2129 382 2158 abs
403 2133 438 2159 te
462 2129 534 2159 die:
571 2130 611 2160 de
636 2129 740 2159 literis
764 2129 804 2158 ab
828 2140 867 2159 eo
902 2130 982 2159 mis·

253 2172 310 2209 nis,
335 2173 438 2221 tertio
461 2172 527 2210 die,
550 2178 727 2213 postquam
753 2173 902 2210 miserat,
927 2183 981 2202 ac-

254 2222 371 2255 ceptis.

255 2303 262 2309 .
296 2260 437 2290 Abacus.
460 2270 588 2297 mensa,
613 2260 645 2289 in
678 2270 745 2299 qua
768 2264 983 2300 exponuntur

253 2311 289 2333 ln
314 2304 471 2333 conviviis
504 2314 584 2334 cum
620 2304 661 2334 ad
684 2314 797 2340 usum,
830 2308 906 2333 tum
940 2303 981 2333 ad

254 2347 544 2386 magnificentiam
591 2357 667 2378 vasa
715 2352 876 2386 argentea
922 2348 982 2377 (tc.

253 2389 332 2421 hinc
352 2403 358 2420 :
397 2391 491 2421 Vcrr.
524 2392 565 2422 iv.
604 2392 653 2421 16.
676 2391 770 2421 abaci
793 2401 879 2421 vasa.
904 2391 984 2421 ibid.

254 2443 332 2464 cum
365 2434 492 2473 aliquot
529 2436 706 2465 abacorum
743 2435 870 2465 facerat
907 2444 985 2464 vasa

255 2487 366 2508 aurea.
412 2480 464 2509 De
489 2479 590 2509 abaco
615 2479 730 2508 multis
754 2479 825 2517 agit
842 2478 981 2508 Salmas.

256 2521 297 2551 ud
319 2521 380 2552 Jus
403 2522 475 2553 Att.
499 2527 533 2552 et
569 2522 665 2552 Rom.
690 2532 718 2553 c.
743 2524 796 2553 23.
834 2522 905 2552 sola
927 2532 986 2562 po-

255 2565 343 2594 toria
375 2575 453 2595 vasa
496 2567 684 2596 attribuens
731 2566 833 2596 abaco
879 2576 984 2604 eaque

256 2609 350 2648 paria
377 2609 515 2648 plumbo
551 2611 713 2646 revincta,
737 2614 771 2639 et
796 2610 830 2639 in
865 2609 984 2639 loculis

256 2652 349 2682 abaci
366 2653 459 2683 velut
476 2653 614 2684 defossa.
640 2653 756 2683 Cicero
773 2653 889 2683 Parad.
908 2664 938 2683 v.
955 2656 985 2685 2.

256 2695 421 2726 matulam
445 2697 480 2727 in
504 2699 601 2728 abaco
623 2701 880 2734 commmunrat,
896 2702 930 2727 et
950 2698 984 2727 in

256 2738 349 2770 Verr.
373 2746 495 2779 quarta
517 2741 582 2771 alia
597 2741 701 2771 etiam
726 2750 805 2770 vasa
827 2741 861 2770 iu
888 2742 985 2771 abaco

255 2784 482 2823 reperiuntur.
543 2785 750 2825 Scy-phorum
774 2785 869 2824 paria
899 2785 987 2824 pari-

255 2831 309 2856 ter
336 2827 453 2858 Cicero
488 2827 600 2858 habet.
642 2827 760 2858 Loculi
790 2827 838 2858 illi
861 2835 940 2859 sunt
969 2838 985 2858 e

255 2870 403 2902 sidonio.
448 2872 499 2904 An
527 2873 595 2904 siut
620 2872 837 2911 antiquiores,
861 2873 912 2904 vix
939 2871 987 2902 di·

251 2923 337 2945 cam.

1055 600 1229 635 Abda-are,
1262 597 1334 627 sine
1369 605 1414 626 se.
1438 595 1481 625 N.
1512 594 1556 624 D.
1581 593 1615 623 ii.
1638 594 1670 622 4.
1705 596 1745 622 ut

1012 643 1165 675 consules
1180 642 1380 673 abdicarent.

1057 689 1188 724 Abdico,
1212 696 1278 715 ere.
1301 684 1439 714 verbum
1463 680 1634 720 augurale.
1666 679 1743 710 Div.

1013 734 1034 763 i.
1056 736 1104 765 17.
1129 741 1204 761 cum
1222 734 1290 759 tres
1307 732 1417 768 partes
1441 736 1515 755 aves
1532 725 1739 755 abcissz'issent.

1056 775 1155 805 Abda.
1191 773 1290 803 Arch.
1332 772 1362 802 G.
1398 769 1454 808 qui
1486 770 1534 798 ita
1565 778 1599 798 se
1639 767 1744 797 literis

1013 820 1174 849 abdidere.
1191 817 1231 846 de
1248 816 1311 852 his,
1324 815 1379 853 qui
1391 812 1518 843 nullam
1533 815 1662 852 partem
1681 811 1745 840 rei-

1014 862 1105 903 publ.
1131 864 1323 901 capessunt,
1340 862 1376 888 et
1392 858 1496 887 vitam
1514 857 1548 886 iu
1568 856 1638 886 otio
1666 855 1743 884 lite-

1014 916 1126 937 rarum
1144 907 1362 935 consumunt.

1059 950 1202 985 Abduco,
1221 958 1286 977 ere.
1319 956 1377 986 pro
1407 944 1626 983 distinguere.
1664 942 1743 973 Div.

1016 994 1049 1024 ii.
1082 997 1112 1024 5.
1136 990 1359 1022 animadverti
1384 989 1424 1018 ab
1452 989 1491 1018 iis
1519 987 1631 1023 rebus,
1670 994 1744 1025 quas

1015 1037 1166 1068 sensibus
1199 1039 1258 1065 aut
1290 1033 1441 1063 artificiis
1478 1031 1745 1071 perciperentur,

1017 1082 1176 1112 abducere
1191 1078 1444 1108 divinationem.
1469 1078 1488 1096 ’¹²
1499 1075 1614 1105 abduci
1630 1074 1748 1103 dicun-

1017 1132 1074 1155 tur
1090 1125 1187 1160 servi,
1216 1131 1348 1158 uxores,
1379 1119 1517 1156 milites,
1545 1128 1620 1148 cum
1639 1124 1699 1147 aut
1715 1117 1747 1146 vi

1018 1174 1077 1198 aut
1108 1168 1217 1207 pretio
1240 1166 1396 1198 facimus,
1429 1168 1467 1193 ut
1493 1162 1649 1192 deserant
1675 1170 1745 1198 eos,

1019 1213 1221 1252 quibuscum
1249 1213 1341 1239 sunt.
1372 1207 1491 1247 Quint.
1519 1207 1549 1237 6.
1588 1205 1748 1236 abducere

1016 1255 1186 1286 servulum
1233 1253 1346 1284 Deiot.
1369 1255 1395 1281 1.
1423 1260 1555 1280 servum
1573 1249 1711 1280 abduxi(
1726 1258 1747 1278 a

1020 1300 1210 1339 legatorum
1237 1296 1388 1337 pedibus.
1412 1294 1506 1325 Verr.
1532 1294 1579 1324 iii.
1597 1295 1649 1323 34.
1665 1291 1750 1321 Ter-

1019 1345 1067 1373 tia
1084 1343 1114 1372 vi
1131 1343 1271 1373 (tlalzccla
1289 1350 1307 1369 a
1323 1338 1453 1369 Rhodio
1468 1337 1619 1368 tibicine.
1659 1335 1746 1366 Phil.

1020 1398 1051 1417 x.
1068 1390 1099 1417 4.
1135 1386 1191 1425 qui
1220 1384 1351 1416 abducit
1384 1383 1424 1412 ab
1456 1381 1514 1411 illo
1546 1380 1746 1411 exercitum.

1020 1431 1116 1461 Verr.
1134 1441 1161 1459 v.
1184 1432 1233 1459 13.
1251 1439 1269 1458 a
1285 1427 1357 1457 foro
1373 1425 1503 1456 abduci.
1518 1435 1548 1455 v.
1568 1429 1639 1454 not.

1064 1475 1158 1504 Abeo.
1183 1473 1307 1502 Caecin.
1334 1474 1365 1504 7.
1390 1470 1560 1500 abiturum
1585 1477 1662 1498 eum
1680 1476 1749 1497 non

1022 1528 1104 1548 esse.
1140 1516 1357 1547 interfectum
1388 1514 1439 1544 iri.
1465 1513 1592 1543 *vern
1627 1511 1674 1541 iii.
1697 1511 1751 1541 64.

1023 1572 1064 1592 ne
1082 1571 1132 1591 res
1148 1561 1188 1591 ab
1211 1570 1249 1589 eo
1277 1559 1397 1589 abiret.-
1432 1557 1471 1586 de
1488 1556 1700 1586 auctionibus
1716 1555 1762 1584 iu

1023 1606 1142 1645 quibus
1171 1604 1260 1634 abire
1278 1612 1329 1633 res
1356 1602 1396 1631 ab
1424 1611 1462 1630 eo
1487 1600 1621 1636 dicitur,
1650 1598 1706 1638 qui
1733 1607 1754 1628 a

1023 1650 1098 1690 plus
1115 1647 1325 1679 licitantibus
1341 1645 1501 1682 vincitur,
1518 1648 1558 1674 ut
1579 1643 1753 1684 pervenire

1025 1693 1066 1723 ad
1082 1694 1192 1732 ipsum
1209 1700 1260 1721 res
1278 1699 1345 1719 non
1361 1689 1477 1728 possit.

1067 1737 1242 1772 Ammo-reo,
1259 1744 1319 1774 pro
1336 1733 1498 1772 discrepo.
1523 1730 1565 1761 ad
1588 1730 1665 1761 Div.
1682 1730 1703 1759 i.
1721 1734 1753 1764 9.

1026 1791 1043 1811 a
1058 1779 1294 1810 communibus
1308 1776 1485 1817 praeceptis
1495 1776 1647 1806 abhorret
1660 1773 1754 1804 liber.

1025 1828 1044 1846 ἢ
1058 1825 1115 1854 Or.
1132 1825 1153 1853 i.
1174 1826 1223 1853 18.
1247 1823 1422 1852 abhorreat
1434 1830 1454 1849 a
1468 1819 1618 1849 sensibus
1632 1818 1759 1848 nostri}

1025 1869 1132 1898 oratio
1149 1879 1155 1897 t
1182 1867 1221 1896 de
1238 1865 1465 1905 disputatione
1479 1861 1668 1903 philosophi
1680 1862 1755 1891 Sto·

1026 1913 1081 1948 ici,
1108 1921 1209 1950 quam
1238 1919 1307 1939 non
1327 1907 1569 1946 concoquebat.
1594 1906 1754 1942 *abesse‚

1025 1956 1077 1985 vel
1103 1955 1215 1995 potius
1243 1952 1389 1989 liberari,
1424 1950 1474 1980 vel
1502 1950 1644 1980 liberum
1672 1958 1755 1978 esse.

1027 1999 1108 2030 Coel.
1124 2002 1156 2029 4.
1172 1998 1346 2028 abhorrere
1358 2006 1377 2025 a
1392 1994 1592 2035 suspicione.
1610 1995 1628 2014 ⁵*
1643 1993 1756 2022 minus

1025 2043 1185 2073 idoneum
1201 2051 1282 2071 esse.
1311 2045 1426 2069 nostra
1452 2043 1533 2069 aetas
1565 2037 1600 2077 (i.
1624 2034 1754 2077 senilis)

1027 2097 1046 2117 a
1063 2087 1179 2116 castris
1197 2086 1358 2115 abhorret.
1382 2083 1453 2113 Att.
1468 2082 1533 2112 xiv.
1554 2084 1603 2115 19.

1070 2128 1232 2172 Abjectus.
1257 2128 1297 2157 de
1315 2128 1367 2164 iis,
1393 2127 1449 2165 qui
1470 2126 1505 2155 in
1523 2133 1645 2164 magno
1662 2128 1757 2153 metu

1027 2180 1120 2211 sunt,
1139 2171 1283 2214 perculsi
1300 2177 1440 2201 terrore.
1466 2168 1566 2199 Catil.
1586 2168 1632 2197 iii.
1651 2170 1682 2198 5.
1706 2176 1757 2197 re·

1028 2218 1140 2248 citatis
1158 2216 1263 2246 literis
1281 2214 1476 2244 debilitatus
1492 2217 1527 2243 et
1543 2209 1696 2253 abjectus.
1713 2211 1759 2240 ib.

1028 2262 1069 2291 iv.
1086 2264 1116 2292 Q.
1133 2258 1258 2301 abjecta
1285 2264 1381 2288 metu
1406 2258 1485 2287 filia.
1519 2259 1538 2277 ᾗ
1555 2256 1595 2286 de
1619 2255 1685 2292 his,
1702 2254 1759 2293 qui

1027 2306 1076 2334 ita
1099 2305 1196 2334 fracti
1219 2306 1312 2339 sunt,
1340 2305 1377 2332 ut
1404 2299 1579 2331 metuendi
1597 2308 1663 2329 non
1681 2297 1764 2327 sint.

1029 2350 1082 2379 Sic
1110 2347 1208 2378 Catil.
1227 2347 1259 2376 ii.
1288 2350 1314 2376 l.
1340 2345 1489 2374 Catilina
1513 2341 1656 2385 algjeetus
1679 2341 1761 2371 dici—

1028 2398 1096 2422 tur.
1120 2393 1162 2422 iv.
1183 2394 1231 2421 10.
1258 2388 1383 2431 ιιῖῃέσία
1404 2387 1588 2418 multitudo
1606 2385 1763 2416 inimico-

1030 2446 1117 2466 rum.
1133 2438 1152 2456 *
1168 2434 1381 2465 Comicorum
1399 2432 1520 2462 senarii
1536 2434 1616 2461 sunt
1631 2427 1760 2470 abjecti,

1031 2481 1052 2511 i.
1070 2490 1099 2510 e.
1117 2478 1345 2518 negligentius
1362 2481 1397 2506 et
1413 2485 1490 2505 cum
1508 2483 1633 2514 magna
1657 2473 1762 2503 licen·

1030 2524 1080 2554 tia
1096 2521 1287 2562 compositi.
1312 2519 1369 2549 Or.
1389 2523 1439 2550 55.

1075 2564 1210 2607 Abjice'o,
1228 2566 1285 2595 Or.
1315 2567 1366 2597 59.
1391 2561 1565 2602 ponendus
1582 2563 1634 2591 est
1655 2559 1762 2590 ambi·-

1031 2616 1100 2647 tus,
1118 2620 1185 2640 non
1210 2606 1419 2650 abjiciendas.
1446 2606 1598 2646 ponitur,
1615 2614 1692 2634 cum
1711 2608 1763 2632 est

1034 2663 1245 2689 numerosus,
1262 2649 1428 2692 abjicitur,
1443 2659 1520 2679 cum
1538 2658 1606 2679 non
1624 2652 1687 2684 est,
1705 2646 1764 2676 sed

1033 2704 1072 2728 ut
1089 2697 1243 2736 quodque
1259 2696 1395 2725 verbum
1410 2694 1557 2734 primum
1575 2693 1609 2722 in
1621 2692 1763 2722 buccam

1033 2742 1139 2778 venit,
1167 2742 1216 2771 ita
1244 2738 1498 2780 pronunciatur.
1539 2734 1654 2767 Simile
1678 2733 1763 2764 illud

1033 2785 1091 2816 Or.
1108 2786 1155 2815 iii.
1173 2785 1225 2816 26.
1249 2781 1389 2824 abjicere
1410 2791 1555 2818 versum,
1584 2779 1624 2810 de
1650 2783 1764 2808 actore

1034 2839 1165 2858 versum
1228 2827 1440 2866 neglissvnter
1506 2823 1763 2864 pronunciante-

1033 2875 1051 2894 *
1064 2872 1134 2902 Att.
1154 2872 1217 2901 xvi.
1237 2874 1267 2901 5.
1291 2870 1473 2909 eajudiccs
1489 2868 1586 2898 illum
1601 2864 1763 2907 abjecisse.

1031 2917 1051 2949 i.
1070 2916 1274 2957 deposuisse,
1305 2914 1343 2944 de
1372 2913 1470 2944 vitiis„
1505 2912 1609 2943 *Ate
1635 2910 1681 2940 iii.
1713 2913 1764 2943 19.
