1920 3196
678 119 824 147 INDEX
859 116 1152 145 LATINITATIS.

147 207 216 238 tuis
239 207 488 247 magistratibus
512 208 619 238 functi
641 211 764 243 essent,
782 213 881 245 atque

146 252 195 281 ita
207 251 341 281 civitate
355 252 450 281 Rom.
465 258 602 292 accepta
614 251 752 282 honores
765 251 879 280 Romae

151 299 274 333 petere.
297 295 455 334 v.Sigon.
479 296 556 325 Ant.
585 295 610 325 1.
642 296 715 325 Lat.
740 294 760 324 i.
784 296 815 324 4.
847 298 882 323 et

146 336 270 376 Spanh.
310 338 390 368 Orb.
418 339 513 368 Rom.
544 338 564 368 l.
593 339 614 368 i.
650 349 678 368 c.
707 341 737 369 8.
774 336 880 367 Hoto-

147 389 260 410 mann.
277 381 317 410 ad
334 388 416 412 orat.
434 392 492 421 pro
508 382 589 412 Rab.
607 382 701 411 Perd.
719 385 748 411 5.

190 423 296 453 Latio.
320 424 418 454 Dom.
448 427 500 456 20.
529 426 562 454 in
590 426 662 465 ipsa
688 426 805 455 latione
832 433 879 453 sc.

145 466 239 505 legis.

189 509 351 547 Latilare,
370 512 403 541 in
427 511 498 541 soro
521 516 571 540 est
594 510 695 548 idem,
719 509 807 549 quod
831 509 877 539 la-

142 557 222 582 tere.
247 554 365 592 Quint.
378 557 429 585 93.
453 565 513 593 ego
525 555 664 594 experiri
678 564 744 584 non
759 553 874 593 potui?

143 598 287 626 latitavit
302 611 312 630 ;
353 605 601 637 procuratorem
636 597 767 627 nullum
803 597 878 627 reli—

144 642 228 678 quit.
245 641 331 670 conf.
351 652 379 671 e.
402 645 449 675 17.
472 645 517 675 19.

189 684 344 714 Latitudo
369 685 556 715 verborum.
589 685 645 714 Or.
672 684 706 713 ii.
735 685 788 714 ⁶2⁶2.
825 687 875 713 est

143 733 235 757 vasta
257 733 291 757 et
315 729 438 758 rustica
454 728 698 768 pronunciatiO,
715 728 784 756 sine
802 737 875 766 gra-

140 771 200 800 tia.

189 814 347 852 Latrare,
360 815 399 844 ‹le
416 815 550 852 rabulis,
563 814 658 844 malis
670 813 853 850 oratoribus
867 825 872 842 :

142 856 199 886 Or.
218 859 260 887 iii.
279 862 329 889 34.
354 862 480 889 latrare
491 858 531 888 ad
543 858 757 898 clepsydram.
778 857 873 886 Brut.

148 904 195 931 15.
227 903 353 932 latrant
372 903 443 942 jam
471 901 605 940 quidam
629 906 789 938 oratores,
807 910 873 930 non

144 943 338 983 loquuntur.

189 988 307 1025 Latus,
325 990 387 1019 eris
402 1001 411 1027 ;
450 989 482 1018 in
501 992 630 1019 oratore
646 994 726 1018 sunt
742 986 872 1027 pulmo-

148 1040 218 1067 nes,
237 1037 349 1062 nostro
366 1043 455 1062 more
473 1032 629 1071 loquendi
644 1044 650 1061 z
677 1031 806 1070 Nempe
824 1031 871 1059 vi-

143 1083 194 1104 res
208 1076 254 1104 sic
271 1075 429 1106 dicuntur
444 1086 503 1114 eae,
516 1085 657 1114 quarum
670 1075 818 1104 defectus
837 1074 870 1102 in

143 1117 246 1147 latere
269 1120 426 1155 sentitur,
443 1123 480 1149 ut
503 1130 522 1149 a
546 1119 769 1154 currentibus,
793 1127 871 1146 can-

141 1162 304 1199 tantibus,
322 1163 520 1201 dicentibus,
539 1163 745 1202 potantibus,
761 1161 870 1190 Vene-

143 1214 213 1234 rem
227 1207 474 1236 exercentibus:
509 1207 541 1236 in
559 1207 677 1244 quibus
694 1204 869 1244 generibus

144 1249 300 1278 omnibus
328 1251 433 1280 latera
458 1260 516 1289 pro
546 1250 670 1279 viribus
699 1248 871 1278 dicuntur.

144 1291 196 1321 De
221 1294 415 1331 potantibus
448 1299 498 1323 est
521 1293 606 1323 Phil.
622 1294 655 1323 ii.
685 1294 738 1323 ⁶25.
772 1292 829 1322 Or.
849 1291 869 1320 i.

140 1335 192 1364 60.
228 1345 411 1374 numquam
443 1338 596 1366 lateribus
636 1342 695 1365 aut
725 1335 868 1365 clamore

141 1379 396 1410 contenderent.
421 1381 476 1409 Or.
505 1381 526 1409 i.
555 1382 606 1411 ⁶25.
631 1382 750 1416 latera,
775 1379 870 1408 vires.

139 1421 202 1451 Sed
218 1421 270 1451 hic
294 1423 447 1453 Peareius
475 1423 602 1460 mallet,
630 1422 718 1462 quod
742 1423 775 1452 in
799 1422 869 1452 MS.

137 1464 238 1495 Joan.
256 1468 388 1506 reperit,
405 1477 579 1507 reponere:
607 1469 750 1497 laterum
773 1466 871 1496 vires.

140 1508 175 1538 in
191 1509 317 1539 Catone
342 1521 417 1540 vero
435 1521 461 1540 c.
479 1515 508 1544 9.
533 1521 590 1549 pro
608 1513 748 1540 laterum
767 1510 867 1539 etiam

140 1558 175 1581 et
189 1553 322 1591 virium,
347 1554 411 1593 legi
435 1556 579 1584 lateram
604 1555 708 1584 etiam
735 1553 868 1590 virium,

138 1600 179 1625 ut
195 1597 364 1636 exemplar
377 1608 481 1627 unum
509 1602 679 1627 vetustum
705 1597 818 1634 habet,
835 1601 869 1626 et

139 1639 202 1678 ipsi
218 1639 346 1670 Graevio
364 1641 481 1681 placet.
508 1642 650 1671 Frustra.
674 1641 760 1671 Nam
775 1641 869 1680 paul-

139 1682 171 1712 lo
187 1688 265 1713 ante
282 1689 332 1713 est
349 1686 468 1714 etiam:
495 1686 650 1715 lateribus
666 1689 699 1713 et
724 1684 867 1713 lacertis.

139 1726 181 1756 ad
196 1726 272 1756 Div.
288 1728 330 1757 iv.
346 1732 377 1762 7.
402 1728 518 1758 lacerti
544 1734 579 1758 et
605 1729 699 1758 vires.
723 1728 867 1766 Sit-jun-

140 1770 232 1809 gitur
261 1772 361 1801 etiam
393 1771 486 1802 Verr.
518 1773 560 1802 iv.
596 1775 648 1803 30.
673 1781 745 1810 quse
778 1771 864 1800 vox?

137 1823 211 1851 quae
227 1815 332 1844 latera
347 1816 363 1844 ,7
387 1825 459 1854 quae
477 1816 560 1845 vires
575 1815 674 1853 hujus
692 1816 790 1845 unius
808 1815 870 1844 cri—

139 1857 239 1886 minis
271 1860 511 1896 querimoniam
541 1860 667 1898 possint
691 1859 865 1888 sustinere.

138 1899 191 1930 Sic
207 1904 240 1930 et
255 1901 392 1932 Ovidius
410 1903 527 1939 junxit
542 1902 580 1932 A.
604 1902 642 1932 A.
660 1903 694 1932 ii.
719 1903 792 1936 673.
817 1904 865 1931 la-

139 1948 192 1974 tus
207 1951 240 1973 et
258 1946 341 1975 vires
357 1956 559 1985 operamque
585 1946 710 1975 adferte
736 1945 868 1985 puellis.

135 1986 278 2017 *vatim
296 1992 325 2019 5.
342 1999 400 2028 per
416 1995 513 2019 tuum
531 1991 616 2019 latus
631 1990 809 2019 saucietur.

185 2031 304 2067 Latus,
321 2032 386 2070 adj.
401 2038 552 2069 ornatus,
577 2035 738 2072 copiosus.
773 2033 865 2063 Orat.

138 2075 191 2107 27.
216 2076 290 2104 latez>
306 2075 546 2115 disputationes
562 2089 570 2114 3
595 2077 652 2106 ubi
671 2076 756 2106 male
773 2076 866 2106 Guli-

138 2117 244 2147 elmus
261 2117 357 2149 laetae.
389 2120 441 2149 Sic
459 2120 499 2149 ad
516 2120 590 2150 Div.
607 2121 648 2150 vi.
666 2124 696 2154 7.
720 2120 866 2149 seriben-

136 2160 168 2190 di
187 2170 290 2199 genus
307 2172 372 2192 non
396 2163 494 2192 modo
518 2164 671 2200 liberum,
689 2163 746 2193 sed
762 2164 864 2193 etiam

136 2205 316 2234 incitatum
346 2211 445 2244 atque
489 2208 591 2237 latam
608 2220 617 2236 .·
656 2208 709 2237 ubi
749 2212 865 2236 tamen

137 2247 226 2277 Graez
237 2248 286 2277 ins
303 2249 385 2278 bene
397 2253 560 2289 reposuit:
579 2250 716 2280 elatum.
731 2250 750 2268 ²*
764 2251 865 2280 Acad.

136 2291 178 2320 iv.
210 2293 257 2321 19.
284 2302 389 2331 pauca
405 2292 565 2324 dicemus.
588 2294 678 2331 Non,
706 2304 771 2332 quo
799 2304 866 2323 non

135 2336 224 2364 latus
248 2335 338 2365 letus
365 2337 409 2366 sit
427 2337 485 2366 ἃς.
509 2338 527 2354 *⁶
544 2337 620 2367 ibid.
644 2342 694 2369 2³0.
720 2338 864 2367 rationes

135 2387 254 2416 sequor
269 2380 382 2409 latiore
407 2381 528 2420 specie,
546 2391 613 2410 non
630 2381 671 2411 ad
686 2386 788 2412 tenue
805 2381 864 2410 eli-

137 2427 243 2451 matas
258 2434 264 2450 ε
303 2423 334 2452 11.
352 2434 380 2452 e.
405 2424 641 2463 populariores,
660 2425 770 2454 minus
787 2425 863 2454 sub-

133 2465 219 2495 tiles,
242 2466 260 2482 *
277 2466 311 2495 in
339 2468 589 2505 pronunciando
617 2468 704 2497 idem
721 2474 772 2497 est
788 2468 865 2497 viti-

134 2518 206 2545 um,
222 2509 308 2546 quod
330 2513 363 2538 et
384 2515 515 2540 vastum
541 2511 672 2541 dicitur.
697 2511 788 2541 Orat.
817 2512 863 2541 iii.

138 2553 186 2581 12.
211 2553 280 2582 lata
297 2552 415 2583 Cottae.
454 2555 472 2573 ⁵¹*
490 2555 606 2585 Pan-tit.
624 2558 675 2585 30.
700 2555 770 2584 haee
787 2564 861 2593 quae

132 2595 275 2634 primam
291 2597 541 2627 contentionem
564 2598 689 2628 habent
707 2607 745 2627 ex
763 2608 860 2637 argu-

130 2638 215 2668 endo
231 2643 265 2668 et
281 2639 475 2677 resistendo,
489 2643 570 2678 lala,
584 2647 621 2672 ut
639 2641 718 2678 dixi,
736 2647 769 2671 et
784 2651 864 2670 con-

131 2681 205 2711 fusa
221 2687 301 2711 sunt
324 2684 489 2714 rationum
507 2692 540 2715 et
572 2686 860 2714 firmamentorum

133 2725 305 2755 contentio
330 2726 465 2758 adducit
488 2730 521 2759 in
547 2732 729 2767 angustum
757 2728 862 2758 disee-

131 2769 328 2808 ptationem.

177 2811 359 2843 Laudabile
393 2824 470 2845 eum
498 2824 638 2856 praepos.
661 2815 712 2845 ab.
737 2815 862 2845 Heron.

131 2854 179 2885 iii.
193 2858 224 2886 4.

174 2898 350 2940 Laudatio,
374 2911 479 2941 genus
506 2901 692 2933 testimonii
723 2901 862 2943 publici,

1579 109 1658 146 341

928 203 1015 243 quod
1033 203 1280 243 magistratibus
1307 204 1564 244 provincialibus
1577 215 1597 235 a
1611 206 1658 235 ci-

928 247 1085 277 vitatibus
1113 257 1171 287 per
1193 246 1318 285 legatos
1344 247 1458 277 Romae
1481 248 1657 286 tribuitur,

927 301 1004 320 cum
1022 291 1068 320 rei
1086 289 1124 320 de
1142 291 1333 330 repetundis
1349 291 1428 320 facti
1444 297 1536 321 sunt.
1560 292 1657 322 Font.

926 335 955 364 2.
993 334 1073 363 item
1107 334 1146 363 ab
1170 333 1255 370 aliis,
1278 334 1312 363 in
1338 334 1410 364 aliis
1442 334 1590 372 judiciis.
1614 336 1656 365 ad

925 377 1000 407 Div.
1025 377 1045 407 i.
1070 382 1101 410 9.
1130 376 1169 406 In
1193 376 1338 406 Veri-inis
1367 377 1485 407 harum
1513 377 1657 408 laudati-

924 430 1027 449 onum
1058 420 1258 449 creberrima.
1283 421 1422 457 mentio,
1446 425 1480 451 et
1500 431 1518 450 e
1545 432 1573 451 V.
1599 424 1654 453 25.

924 469 1018 503 patet
1035 473 1212 493 numerum
1228 463 1438 494 laudatorum
1463 463 1654 504 legitimum

923 506 1096 536 denarium
1111 507 1224 536 fuisse.

967 549 1167 580 Laureatus.
1191 550 1261 579 Att.
1279 550 1346 579 viii.
1369 553 1416 581 10.
1432 550 1564 580 lictores
1582 553 1655 582 lau-

922 594 1016 629 reati,
1034 593 1190 623 (licuntur
1202 594 1258 631 qui
1274 593 1377 623 fasces
1395 596 1556 625 laureatos
1569 604 1653 634 prae-

922 636 1036 666 ferunt
1052 636 1248 677 Imperatori
1266 637 1392 667 victori.

967 680 1144 717 Laureolo,
1166 680 1369 720 triumphus.
1393 680 1434 710 ad
1455 680 1531 711 Div.
1547 681 1580 712 ii.
1602 685 1651 713 10.

923 724 1108 762 negotium,
1126 724 1213 762 quod
1236 730 1321 753 esset
1334 724 1374 754 ad
1390 725 1570 754 laureolam
1591 726 1652 766 (sc.

920 767 1115 806 parandam,
1133 766 1340 805 merendam)
1359 768 1451 797 satis.

965 811 1070 847 Laus,
1101 820 1160 849 pro
1190 811 1286 840 rebus
1315 812 1413 840 laude
1434 811 1555 850 dignis.
1578 810 1652 842 Mil.

921 855 972 884 30.
997 855 1137 893 praemia.
1164 855 1280 884 laudis.
1304 854 1346 883 ad
1371 855 1448 884 Div.
1465 855 1499 884 ii.
1516 857 1547 884 4.
1572 865 1653 893 qua-

919 907 992 927 rum
1011 898 1147 928 laudam
1164 897 1302 936 gloriam
1319 897 1494 928 adamaris.

962 940 1106 977 Lautus,
1134 941 1233 971 lotus.
1268 941 1324 971 Or.
1356 941 1377 970 i.
1403 945 1435 975 7.
1467 940 1648 980 *elegans

918 983 1011 1014 verr.
1031 985 1051 1013 i.
1068 986 1098 1014 6.
1123 994 1199 1014 eum
1216 984 1369 1014 homines
1385 986 1482 1022 lauti,
1501 989 1537 1014 et
1554 985 1652 1015 urba-

918 1027 965 1064 ni,
982 1037 1150 1057 sermones
1162 1027 1388 1067 hujuscemodi
1402 1028 1650 1068 dissipavissent

918 1071 976 1100 &tn
1003 1071 1107 1101 Flace.
1135 1073 1186 1104 29.
1219 1071 1307 1110 quod
1333 1072 1408 1101 unis
1444 1071 1649 1102 vestimentis

917 1114 1046 1144 tamdiu
1064 1116 1175 1144 lautus
1186 1124 1232 1145 υς.
1249 1114 1291 1144 cf.
1309 1115 1349 1144 ad
1364 1115 1441 1145 Div.
1457 1115 1511 1145 vii.
1535 1117 1583 1145 14.

960 1158 1164 1195 Lautumioe,
1192 1168 1305 1188 carcer
1331 1158 1451 1188 Siciliae
1475 1158 1649 1188 celeberri-

920 1211 1005 1231 mus.
1035 1212 1062 1230 V.
1080 1202 1173 1231 Verr.
1191 1202 1212 1231 i.
1230 1205 1259 1232 5.
1283 1211 1311 1231 v.
1329 1203 1382 1236 27.
1405 1201 1491 1232 hane
1507 1202 1650 1241 scriptu-

918 1255 987 1274 ram
1012 1245 1100 1274 verbi
1126 1244 1275 1275 defendit
1303 1250 1336 1274 et
1367 1246 1544 1275 confirmat
1569 1245 1651 1275 Gro-

918 1297 991 1318 nov.
1016 1289 1056 1318 ad
1081 1288 1152 1318 Liv.
1178 1289 1297 1318 xxxvii.
1323 1292 1352 1319 3.
1377 1288 1416 1319 de
1433 1298 1467 1319 re
1484 1289 1549 1318 vid.
1565 1289 1653 1319 Dor·

916 1331 983 1362 vill.
1003 1331 1070 1362 lter
1085 1331 1247 1362 Siculum.
1260 1342 1292 1372 p.
1313 1335 1382 1362 181.
1399 1336 1424 1362 t.
1440 1333 1462 1367 ,i.

961 1376 1056 1406 Laxe
1072 1386 1130 1415 pro
1143 1375 1244 1414 large.
1265 1375 1306 1405 ad
1321 1376 1391 1406 Att.
1408 1386 1460 1407 xv.
1476 1378 1528 1408 20.

963 1419 1107 1455 Lectica,
1132 1419 1225 1449 Verr.
1242 1429 1271 1449 v.
1294 1422 1340 1449 11.
1359 1421 1470 1450 lectica
1490 1419 1650 1460 oetopho-

919 1470 982 1492 ros.
1021 1463 1061 1492 de
1097 1464 1216 1493 lecticis
1249 1473 1278 1494 v.
1310 1463 1452 1494 collecta
1482 1473 1501 1493 a
1537 1463 1650 1503 Lipsio

917 1506 1022 1535 Eleet.
1038 1507 1059 1536 i.
1083 1509 1128 1541 19.

960 1550 1172 1580 Lectiearius.

915 1593 992 1623 Div.
1009 1595 1050 1623 vi.
1072 1596 1121 1624 19.

960 1637 1156 1671 Lectissime.
1182 1638 1239 1667 Or.
1268 1637 1321 1668 68.
1345 1638 1512 1667 lectissime
1527 1637 1648 1669 dicere.

913 1681 969 1710 sed
986 1681 1116 1711 videtur
1131 1681 1312 1720 legendum
1328 1681 1524 1711 tec-tissime.

958 1725 1090 1761 Lectus,
1103 1725 1276 1764 epitheton
1291 1724 1506 1755 feminarum.
1533 1724 1604 1756 Inv.
1623 1726 1645 1756 i.

912 1771 964 1798 31-
989 1768 1058 1798 Att.
1077 1779 1107 1797 X.
1127 1772 1156 1798 8.

958 1812 1076 1841 Lectus
1092 1818 1224 1841 aeratus.
1241 1821 1270 1841 v.
1283 1816 1416 1841 aeratus.

956 1855 1102 1893 Lep-atio.
1125 1855 1165 1884 ad
1189 1856 1265 1885 Div.
1284 1856 1340 1884 xii.
1357 1858 1409 1886 21.
1435 1857 1592 1894 legatione
1606 1848 1646 1886 li-

911 1899 989 1928 bera
1006 1899 1146 1937 legatus.
1173 1898 1278 1928 Flacc.
1299 1902 1350 1929 34.
1375 1901 1548 1937 legationes
1563 1899 1643 1930 libe-

910 1952 961 1971 ras
977 1952 1119 1972 sumere.
1143 1941 1245 1971 Attio.
1264 1943 1296 1971 ii.
1322 1945 1370 1972 18.
1395 1943 1498 1972 libera
1523 1945 1644 1983 legatio

910 1986 976 2015 voti
993 1996 1093 2016 causa
1108 1986 1215 2016 datur.
1262 1985 1309 2015 Ex
1334 1996 1398 2024 quo
1425 1985 1496 2015 loco
1519 1987 1644 2017 intelli-

909 2030 1010 2068 gitur,
1029 2040 1047 2059 a
1064 2029 1167 2059 libera
1182 2031 1342 2068 legatione
1358 2039 1424 2058 non
1442 2029 1572 2060 differre
1598 2032 1642 2061 le-

907 2075 1070 2111 gationem
1102 2074 1259 2110 votivam,
1290 2073 1347 2102 sed
1380 2074 1450 2111 ejus
1481 2076 1640 2113 speciem,

908 2117 977 2147 Att.
1002 2118 1065 2147 xiv.
1098 2119 1150 2148 ⁶2⁴2.
1175 2117 1214 2146 de
1250 2117 1353 2146 libera
1388 2118 1546 2155 legatione
1575 2117 1639 2147 vid.

909 2160 983 2190 lnd.
1008 2159 1088 2199 Leg.
1115 2161 1148 2189 in
1167 2159 1238 2199 lege
1253 2160 1346 2190 Juiia
1362 2159 1401 2189 de
1429 2161 1642 2199 legationibus

908 2203 1030 2235 liberis.
1057 2206 1074 2224 ²*
1094 2204 1138 2241 id,
1153 2205 1246 2242 cujus
1264 2213 1363 2233 eausa
1375 2203 1537 2243 legamur.
1553 2204 1640 2235 Phil.

908 2248 951 2278 ix.
972 2251 997 2277 1.
1023 2248 1219 2277 renunciare
1236 2249 1447 2286 legationem:
1465 2247 1497 2277 h.
1515 2258 1544 2278 e.
1559 2248 1640 2287 quid

907 2292 940 2320 in
965 2292 1122 2329 legatione
1157 2298 1271 2320 aetum
1302 2291 1355 2320 sit.
1389 2291 1430 2320 ad
1460 2291 1537 2321 Div.
1561 2292 1583 2322 i.
1607 2294 1639 2322 4.

909 2335 970 2364 nisi
996 2335 1206 2373 legationibus
1230 2334 1408 2374 perfectis:
1446 2333 1478 2364 h.
1508 2344 1538 2364 e.
1573 2335 1638 2366 nisi

908 2385 985 2407 ante
1001 2381 1135 2407 senatus
1149 2377 1346 2416 decreverit,
1362 2377 1440 2416 quid
1458 2379 1573 2416 legatis
1587 2388 1639 2409 re-

905 2421 1138 2461 spondendum
1154 2421 1208 2451 sit.

957 2465 1158 2503 Legatorius.
1181 2466 1251 2495 Att.
1268 2475 1320 2494 xv.
1337 2469 1369 2499 9.
1394 2463 1506 2504 aliqua
1518 2466 1638 2504 legato-

903 2510 956 2539 ria
972 2508 1152 2548 provincia.

952 2552 1092 2590 Legare.
1109 2553 1253 2589 legatum
1270 2550 1378 2580 facere
1391 2549 1547 2589 aliquem.
1563 2550 1637 2581 Att.

906 2606 954 2626 κν.
973 2599 982 2625 1
996 2599 1021 2625 1.
1039 2593 1213 2625 Dolabella
1226 2603 1278 2623 me
1291 2594 1351 2622 sibi
1364 2595 1494 2632 legavit.
1511 2594 1554 2625 ib.
1566 2595 1635 2625 xiii.

906 2641 936 2670 6.
961 2649 1027 2668 non
1050 2637 1163 2667 solitos
1185 2647 1255 2667 esse
1280 2638 1421 2674 majores
1445 2642 1574 2667 nostros
1592 2639 1636 2668 le-

903 2693 986 2722 gare
1003 2682 1035 2711 in
1054 2681 1262 2718 decemviris,
1283 2681 1338 2719 qni
1354 2685 1468 2710 essent
1492 2681 1636 2720 impera-

903 2733 1014 2756 torum
1047 2724 1234 2754 necessarii.
1271 2723 1502 2754 *vocabulum
1532 2728 1637 2754 testa-

907 2768 1121 2800 mentarium.
1144 2768 1228 2807 Top.
1253 2770 1284 2797 4.
1316 2768 1427 2805 legare
1442 2777 1461 2796 a
1484 2765 1576 2797 filiot
1601 2767 1636 2798 h.

905 2824 934 2844 e.
953 2818 991 2843 ut
1008 2812 1095 2841 tilius
1122 2811 1217 2840 heres
1239 2810 1345 2841 solvat
1369 2813 1527 2849 legatum.
1555 2810 1634 2842 ibid.

904 2860 935 2887 3.
954 2867 973 2886 a
988 2856 1068 2885 viro.
1090 2865 1121 2885 V.
1137 2855 1273 2886 Hotom.
1290 2854 1368 2891 Obs.
1385 2854 1406 2885 i.
1422 2855 1476 2886 24.
1500 2853 1576 2886 add.
1593 2854 1636 2888 ad

903 2901 976 2931 Att.
992 2899 1059 2931 xiii.
1075 2898 1128 2930 46.

929 2952 947 2974 z
973 2946 991 2974 3

1216 1550 1275 1589 qui
1315 1551 1459 1580 lecticam
1494 1550 1571 1581 fert.
1605 1551 1648 1581 ad
