1920 3196
683 109 827 138 {NDEx
863 106 1159 136 LATINITATIS.

200 199 318 232 Fmor.
347 200 447 233 Tusc.
465 201 512 232 iii.
530 201 578 232 16.
597 198 679 241 frui
694 199 814 235 officio,
830 205 890 238 pro

156 245 261 284 fungi.
298 245 363 275 Sed
395 246 550 276 Davisius
580 244 746 284 reposuit:
782 242 888 281 fungi.

156 289 333 328 vulgatam
371 289 557 319 defendunt
592 287 759 328 W'opken.
793 286 888 317 Lect.

151 331 242 362 Tull.
259 332 280 362 i.
300 336 348 363 14.
379 339 412 362 et
431 332 595 362 Bnbcrius
612 333 653 362 ad
670 332 701 361 b.
718 331 738 361 l.
763 331 782 349 '¹²
794 332 888 362 Brut.

153 379 206 409 97.
229 383 262 405 te
287 382 347 405 tua
365 378 488 406 virtute
501 375 584 416 frid
608 377 783 415 cupimus:
810 375 841 405 h.
858 385 887 405 e.

153 418 255 457 digna
272 420 406 450 virtutis
424 421 562 460 praemia
578 430 705 459 capere.

196 463 354 500 Euentus,
380 469 557 504 corruptus
586 464 683 493 rebus
709 462 886 493 adscititiis

152 509 186 535 et
209 506 336 536 alienis.
360 506 493 538 Muren.
522 509 571 537 1⁶3.
595 506 634 536 de
652 506 887 546 jurispruden-

151 549 221 579 tia:
248 550 363 580 iisdem
384 549 649 591 iiieptiisfitcam
668 554 747 579 snnt
762 551 885 580 omnia.

195 593 344 624 Fue-osus.
379 595 462 625 Rab.
487 595 575 624 Post.
608 597 656 624 14.
689 593 824 623 fallaces
853 599 886 623 et

138 635 267 677 sueosae
290 648 442 676 nierces;
467 648 541 677 quae
565 648 611 668 sc.
630 638 703 667 aliae
728 638 885 669 videban-

150 687 206 710 tur
222 692 305 719 esse,
319 687 419 720 atque
437 686 542 712 erant.

194 725 313 756 Fucus.
337 726 394 756 Or.
413 726 458 756 iii.
476 728 529 757 (ΖΞ).
555 725 702 755 cincinni
721 728 828 765 poetae
845 735 883 754 ac

135 767 256 808 fimus.
287 770 358 799 Att.
383 771 403 799 i.
432 773 458 799 l.
486 768 655 809 sinefaco
678 773 711 798 et
727 769 885 806 fallaciis,

149 822 241 842 more
258 815 436 852 majorum,
455 818 607 853 negatur.

193 856 331 895 Fugere.
364 858 427 886 Off.
452 858 498 887 iii.
522 860 573 888 ⁴23.
601 855 882 896 vinnnifisgiens,

148 904 213 937 est,
230 901 316 940 quod
340 901 405 930 alio
430 902 501 930 loco
522 911 721 931 evanescens
746 901 881 937 dicitur,

151 944 239 983 qnod
256 945 345 974 brevi
360 949 509 985 tempore
525 946 589 974 vim
607 954 702 974 suam
719 944 838 984 perdit.

193 988 346 1027 Fulget-e,
362 988 542 1028 fulgurare.
568 989 645 1019 Vat.
664 991 693 1019 8.
718 986 891 1026 Joveful—-

145 1036 251 1070 gente.
281 1032 360 1062 Nat.
378 1033 420 1062 D.
436 1033 470 1062 ii.
486 1034 539 1064 25.
572 1031 827 1072 coelofulgetzte.

193 1075 409 1115 Fulguratm·‚
438 1077 600 1116 interpres
627 1076 813 1115 fulgurum.
841 1076 881 1106 de

147 1118 224 1149 Div.
243 1120 274 1149 ii.
293 1123 344 1150 53.

190 1162 342 1193 Fulmen.
366 1162 459 1193 Balb.
490 1167 539 1194 15.
564 1163 629 1194 duo
641 1162 796 1203 fulmina
819 1165 882 1194 im-

147 1206 229 1245 perii
247 1207 364 1243 nostri,
382 1207 421 1237 de
439 1208 648 1248 Scipionibus
665 1208 699 1237 in
716 1207 883 1248 Hispania

146 1250 348 1287 interemtis‚
367 1261 395 1280 ν.
412 1251 546 1281 Abram.
564 1252 605 1281 ad
622 1251 653 1280 h.
671 1251 691 1281 1.

190 1294 374 1324 szdatus.
406 1294 476 1325 Fin.
495 1296 536 1326 iv.
560 1299 585 1326 l.
612 1293 881 1335 disciplinafi1n-

144 1337 223 1368 data
241 1344 273 1368 et
291 1343 472 1369 exstructa.
499 1339 605 1370 flacc.
627 1342 673 1369 ll.
696 1339 782 1369 nibil
799 1339 881 1369 veri-

142 1381 422 1422 tatejiclztlcttunt.
455 1383 554 1413 Dom.
572 1384 623 1414 36.
652 1382 780 1412 familia
789 1382 880 1421 fun-

143 1426 323 1456 damasium.
340 1425 468 1460 familia
483 1427 616 1457 fundari
633 1426 757 1457 dicitur
768 1426 880 1457 liberis

144 1471 318 1513 susceptis.
342 1481 371 1500 v.
398 1471 542 1500 Pricaens
567 1471 608 1501 ad
631 1470 730 1511 Apul.
755 1481 787 1511 p.
805 1474 879 1501 350.

143 1513 316 1543 Drakenb.
342 1514 383 1544 ad
406 1514 462 1544 Sil.
488 1515 521 1544 ii.
545 1516 598 1546 65.
628 1515 691 1544 Sed
714 1514 747 1544 h.
772 1514 794 1545 l.
812 1524 879 1545 non

141 1560 213 1585 tarn
246 1558 287 1586 ad
319 1558 434 1588 liberos
471 1559 660 1598 respicitur,
688 1568 769 1597 quos
804 1559 878 1597 jam

143 1605 222 1629 ante
235 1611 311 1630 cum
326 1601 427 1631 fratre
441 1603 683 1639 nominaverat,
694 1612 793 1641 quam
808 1613 876 1633 rem

142 1643 356 1682 familiarem,
380 1655 454 1684 quae
479 1650 512 1675 et
536 1647 608 1686 ipsa
630 1646 776 1684 fundari,
799 1657 878 1677 con-

143 1688 252 1725 stitui,
269 1688 403 1719 dicitur.
439 1690 493 1719 Sic
510 1690 622 1721 Rabir.
639 1691 728 1721 Post.
750 1694 775 1720 1.
788 1691 878 1731 sun-

141 1731 226 1761 ιῑῖαίιῑ7
240 1732 384 1762 sortunae
402 1743 491 1773 opes.

185 1775 347 1806 Fundere.
373 1777 444 1807 Pin.
463 1778 509 1807 iii.
532 1780 579 1808 15.
596 1789 800 1817 quamquam
820 1789 877 1809 ne-

142 1825 235 1858 gent,
263 1829 324 1849 nec
349 1822 488 1851 virtutes
513 1831 573 1851 nec
599 1823 680 1851 vitia
703 1833 875 1861 creseeoeg

141 1868 292 1893 attamen
322 1872 504 1903 utrumque
529 1876 644 1895 eornm
663 1865 773 1905 fundi
796 1877 877 1907 quo-

140 1906 319 1937 dammodo
337 1913 369 1937 et
389 1910 480 1947 qnasi
498 1909 629 1939 dilatari
647 1916 780 1949 putant.

185 1950 331 1981 Fundus.
359 1952 452 1982 Balb.
478 1956 506 1983 8.
537 1956 585 1984 ll.
611 1957 658 1985 18.
678 1956 730 1985 91.
761 1955 874 1994 populi

127 1992 415 2034 fundi.sandum
441 1997 523 2026 fieri.
547 2007 576 2026 ν.
597 1997 668 2028 lnd.
685 1997 788 2038 Legg.
805 1999 874 2030 Lex

137 2037 232 2068 dulia
256 2038 295 2069 L.
324 2039 475 2076 Caesaris,
497 2046 532 2070 et
556 2041 630 2071 add.
646 2042 677 2072 J.
702 2042 805 2073 Gron.
834 2043 873 2073 ad

140 2080 225 2110 Gell.
243 2083 306 2112 xvi.
327 2086 375 2113 13.
404 2084 497 2114 *Off
515 2085 546 2114 ii.
570 2088 618 2115 15.
648 2085 874 2126 largitiofnn-

139 2124 219 2154 dum
237 2135 302 2155 non
321 2126 440 2157 habet:
459 2128 492 2159 b.
509 2138 537 2158 e.
555 2138 621 2159 non
639 2130 695 2159 diu
711 2131 783 2162 fieri
800 2136 875 2170 pot-

138 2172 200 2197 est.

183 2212 356 2251 Funestus,
369 2216 550 2255 opponitur
566 2227 661 2257 puro.
677 2218 759 2258 Leg.
772 2219 804 2249 ii.
820 2220 873 2250 ⁶2⁶2.

136 2265 210 2295 quae
228 2257 454 2296 finisfmzestoe
466 2259 614 2291 familiae.

181 2299 307 2337 Ftcnzm,
334 2304 444 2341 pestis,
471 2304 563 2334 l'roV.
591 2305 691 2335 Cons.
719 2310 746 2337 l.
773 2306 874 2336 Gabi-

137 2343 212 2373 nius
236 2350 270 2374 et
297 2346 369 2375 Piso
390 2347 693 2387 dicunturfnnera
713 2349 874 2390 reipubli-

136 2396 196 2416 cae.
218 2388 318 2418 Tusc.
345 2390 365 2420 i.
395 2394 442 2420 15.
476 2401 536 2420 nec
557 2393 689 2431 samem
714 2394 796 2423 fletu
822 2393 871 2423 fa-

134 2431 194 2479 x-it.
215 2430 380 2463 Boi-..wius
397 2445 414 2463 e
433 2435 513 2465 (jod.
528 2435 682 2467 Leidensi
700 2438 869 2468 rescribit:

123 2476 260 2512 „lunera
286 2476 432 2516 lessum3
459 2486 493 2508 et
509 2479 642 2517 ,funera
670 2482 872 2522 interpreta-

134 2522 190 2546 tur
213 2518 252 2548 de
279 2520 432 2558 muliere,
450 2533 523 2561 quae
549 2524 730 2563 incipiebat
748 2525 870 2555 lessuni

135 2570 254 2591 canere
285 2564 318 2593 in
352 2575 475 2605 pompa
498 2567 642 2598 funebri.
704 2569 871 2599 Funerum

135 2603 258 2635 dictam
286 2617 355 2635 esse
388 2610 472 2639 hanc
501 2610 676 2648 feminam,
699 2613 771 2649 jam
801 2623 871 2643 nio-

134 2653 255 2679 nuerat
277 2650 316 2680 ad
340 2651 396 2681 bos
420 2663 531 2683 versus
554 2655 653 2684 Ennii
672 2657 820 2695 Scaliger
837 2658 871 2687 in

134 2691 314 2723 Catalectis
337 2701 370 2724 ct
389 2696 522 2726 Vossius
547 2699 579 2727 in
603 2699 746 2737 Etymol.
764 2706 798 2730 et
815 2700 872 2730 Vir

133 2734 251 2766 doctus
277 2738 311 2767 in
336 2738 476 2770 Miscell.
501 2742 579 2772 Obs.
599 2742 683 2773 Brit.
709 2744 781 2774 vol.
797 2745 818 2774 i.
836 2755 869 2784 p.

131 2781 209 2810 403.

176 2823 337 2861 Famula,
368 2827 439 2857 Ait.
456 2829 520 2857 xvi.
539 2830 569 2859 2.
584 2828 734 2867 surm‘lla
758 2836 871 2861 extru-

133 2865 176 2895 di.
224 2867 296 2898 Hoc
320 2871 456 2900 verbum
477 2873 693 2910 praetermisit
706 2874 869 2906 Nizolius.

131 2908 194 2946 ‚Est
208 2913 299 2942 enim
315 2922 335 2942 a
350 2913 516 2946 Lainbino
533 2920 566 2946 et
582 2915 611 2946 T
614 2918 751 2949 urnebo.

1591 99 1675 135 309

979 195 1096 227 Furia.
1114 196 1155 226 ad
1171 196 1247 226 Div.
1265 197 1285 226 i.
1302 201 1332 231 9.
1361 196 1400 226 de
1416 195 1532 227 Clodio
1547 208 1553 225 :
1567 195 1672 236 suria

934 240 1149 270 muliebrium
1166 240 1378 280 religionum.

977 283 1134 314 Furianis.
1167 283 1248 313 Har.
1277 284 1317 314 R.
1347 286 1394 314 18.
1426 293 1503 313 cum
1519 282 1671 324 ficriales

932 337 1027 357 voces
1045 328 1078 357 in
1097 328 1311 358 concionibus
1329 328 1448 358 mittis.

976 371 1141 407 spiniosus,
1159 371 1283 401 dicitur
1306 372 1489 411 saepissime
1506 370 1595 411 apud
1613 370 1667 401 Ci-

931 425 1099 452 ceronem,
1118 415 1173 453 qui
1199 419 1316 444 contra
1332 415 1575 455 rempublicam
1591 424 1666 444 sen-

928 460 986 496 tit,
999 459 1092 495 dicit,
1105 459 1173 497 agit
1188 470 1194 487 :
1212 459 1308 496 item,
1327 460 1382 498 qui
1401 463 1493 489 atrox
1511 458 1666 498 quodque

929 502 1059 532 facinus
1076 506 1268 542 perpetrare
1286 503 1399 533 audet.
1413 503 1454 532 ad
1468 503 1544 532 lJiv.
1564 513 1595 533 x.
1617 506 1668 533 ll.

927 547 1018 586 quod
1042 545 1196 585 qnaedam
1223 556 1298 586 pars
1322 547 1489 576 exercitus
1514 556 1580 576 non
1605 548 1667 576 mi-

929 590 1132 630 missurc‘offl
1149 593 1211 628 est,
1231 599 1331 629 quani
1351 591 1406 629 qui
1423 601 1500 620 cuin
1518 590 1666 621 Antonio

927 634 1080 664 fuerunt.

971 678 1108 715 Furere,
1127 681 1246 707 contra
1268 687 1372 718 remp.
1389 678 1526 715 sentire,
1543 678 1664 708 facere.

926 722 998 752 Ait.
1014 722 1068 752 vii.
1087 725 1116 752 8.
1149 722 1200 750 sin
1217 728 1331 751 autem
1357 721 1412 751 ille
1423 721 1582 761 fureren-
1611 733 1664 752 ve-

927 766 1104 796 hementer
1121 765 1294 795 bominem
1312 766 1562 796 contemnebat.

971 810 1090 847 Furor,
1114 808 1265 838 studium
1293 814 1410 839 contra
1436 810 1599 849 rempubl.
1627 815 1663 840 et

925 855 1079 883 omnine*
1090 853 1253 882 effrenata
1278 853 1430 890 audacia,
1455 854 1495 883 ad
1526 854 1602 884 Div.
1629 865 1661 884 x.

929 901 978 928 11.
1011 897 1141 928 decima
1167 897 1254 936 legio
1279 897 1319 927 ad
1344 897 1488 927 eundem
1503 897 1662 937 jin-orem

925 941 1036 971 rediit.

970 985 1125 1016 Furtum.
1151 985 1246 1016 Verr.
1263 985 1296 1014 ii.
1314 988 1366 1018 70.
1382 984 1489 1024 furta
1506 989 1660 1025 exporta-

923 1033 972 1065 ta,
989 1030 1028 1059 de
1047 1030 1157 1067 rebus,
1176 1038 1249 1068 quae
1273 1038 1333 1068 per
1354 1028 1506 1059 fraudem
1522 1034 1557 1060 et
1574 1029 1660 1060 elain

925 1073 995 1103 aliis
1011 1078 1128 1113 erepta
1142 1077 1231 1103 sunt.

969 1117 1199 1154 Fustuarium,
1233 1117 1294 1147 int.
1326 1116 1540 1157 supplicium.
1576 1117 1662 1148 Phil.

924 1161 971 1191 iii.
996 1162 1026 1192 6.
1057 1161 1083 1191 si
1095 1160 1318 1201 fustuarium
1343 1167 1541 1191 meruerunt
1557 1160 1660 1201 legio-

924 1215 996 1243 nes,
1021 1215 1098 1244 quae
1127 1204 1299 1235 consulem
1331 1205 1553 1244 reliquerunt.
1599 1206 1660 1236 Est

923 1249 1126 1289 supplicium
1144 1258 1210 1279 non
1221 1248 1333 1278 solum
1350 1249 1509 1287 militare,
1524 1254 1560 1279 ut
1579 1259 1661 1278 non-

922 1293 1008 1323 nulli
1032 1294 1251 1330 arbitrantur,
1268 1292 1326 1322 sed
1349 1294 1452 1322 etiam
1479 1294 1662 1331 urbanum,

923 1342 962 1367 ut
979 1347 1018 1367 ex
1036 1337 1245 1373 criminibus,
1259 1347 1278 1366 a
1296 1337 1430 1377 Polybio
1443 1337 1464 1367 l.
1476 1339 1518 1367 vi.
1534 1347 1659 1367 memo-

924 1382 1003 1411 ratis
1033 1381 1178 1420 intelligi
1202 1384 1325 1421 potest,
1353 1391 1427 1419 quae
1441 1381 1659 1422 ιῙ“ιι.ς[ααί·ἱιιηι

923 1425 1109 1455 merebant.
1134 1424 1199 1454 vid.
1224 1424 1314 1465 Lips.
1340 1425 1412 1455 Mil.
1438 1426 1534 1455 Rom.
1558 1436 1588 1455 v.
1612 1428 1659 1456 18.

922 1468 1058 1499 Vossius
1084 1473 1119 1498 et
1144 1468 1313 1499 Boeclerus
1339 1469 1380 1498 ad
1406 1469 1522 1499 Vellei.
1547 1470 1580 1500 ii.
1606 1472 1659 1503 78.

922 1519 1006 1543 extr.
1035 1514 1107 1544 Nee
1125 1513 1248 1552 quaevis
1265 1513 1454 1552 castigatio,
1473 1523 1546 1552 quae
1562 1513 1661 1543 fusti-

923 1557 982 1587 bus
1008 1558 1059 1594 fit,
1081 1558 1194 1586 statim
1217 1562 1267 1586 est
1278 1556 1507 1596 fustuarium,
1526 1557 1583 1587 sed
1608 1567 1662 1587 ca-

922 1601 1033 1640 pitalis
1051 1611 1160 1641 poena,
1177 1610 1251 1639 quae
1268 1600 1412 1631 fustibus
1436 1602 1602 1631 sumitur:
1629 1611 1659 1631 v.

921 1645 993 1675 Liv.
1012 1645 1101 1686 Epit.
1120 1648 1173 1679 57.
1198 1649 1233 1675 et
1256 1644 1300 1674 ibi
1327 1644 1500 1677 Drakenb.
1526 1649 1561 1674 et
1577 1655 1659 1684 quos

921 1688 1048 1719 laudat.

965 1732 1082 1763 Fusus.
1114 1733 1171 1764 Or.
1193 1733 1227 1763 ii.
1253 1735 1301 1764 15.
1319 1731 1445 1772 simum
1463 1742 1568 1772 genus
1585 1742 1658 1762 ora—

920 1777 1035 1815 tionis,
1051 1783 1102 1807 est
1119 1777 1207 1814 lene,
1224 1786 1292 1807 non
1315 1787 1482 1816 asperum.
1505 1777 1584 1807 ibid.
1605 1780 1658 1807 54.

908 1821 1034 1860 fusum
1059 1831 1164 1861 genus
1182 1822 1358 1858 sermonis,
1376 1822 1561 1861 opponitur
1578 1830 1658 1850 con-

921 1865 988 1894 ciso
1005 1873 1038 1895 ct
1056 1866 1201 1896 minuto.
1224 1864 1303 1895 ibid.
1321 1868 1374 1899 77.
1386 1865 1512 1904 jicsum
1534 1865 1569 1894 in
1585 1874 1659 1894 ora-

919 1909 1025 1946 tione,
1049 1909 1186 1946 dicitur,
1205 1909 1294 1948 quod
1311 1919 1378 1938 non
1397 1919 1464 1938 uno
1481 1909 1593 1947 aliquo
1610 1907 1658 1937 lo-

920 1962 970 1989 co,
987 1953 1044 1983 sed
1061 1963 1120 1993 per
1136 1958 1244 1983 totam
1262 1953 1450 1982 orationem
1467 1953 1657 1983 adhibetur.

920 1997 972 2026 Sic
991 1997 1070 2027 Nat.
1088 1997 1131 2027 D.
1150 1997 1183 2027 ii.
1201 1997 1254 2027 56.
1286 2001 1398 2027 tactus
1420 2001 1493 2027 toto
1518 2006 1655 2036 corpore

906 2041 1012 2080 Jicsus
1029 2051 1100 2072 esse
1118 2041 1254 2072 dicitur.

1267 2128 1307 2159 G.

968 2216 1114 2247 Gallicae.
1148 2216 1233 2246 Phil.
1266 2217 1300 2247 ii.
1333 2219 1385 2247 30.
1425 2221 1506 2246 sunt
1536 2215 1654 2253 calcei,

917 2261 974 2299 qui
1008 2261 1091 2290 imas
1126 2265 1263 2290 tantum
1290 2260 1424 2300 plantas
1450 2267 1589 2299 tegunt,
1616 2265 1655 2290 ut

917 2304 1059 2344 crepidae
1078 2309 1111 2334 et
1129 2305 1239 2334 soleae.
1255 2315 1285 2334 V.
1303 2304 1410 2334 Graev.
1426 2304 1467 2333 ad
1483 2303 1515 2333 b.
1533 2303 1554 2333 l.

968 2349 1188 2385 Gallis-utrius,
1203 2349 1259 2387 qui
1273 2347 1413 2388 gallinas
1427 2351 1532 2377 curat.
1551 2346 1654 2377 Aead.

916 2392 958 2421 iv.
983 2394 1035 2423 26.
1067 2393 1226 2431 quoniam
1248 2392 1471 2431 gallinariam
1497 2391 1655 2420 invenisti

916 2436 1109 2474 Deliacum,
1143 2437 1199 2475 qui
1237 2447 1298 2465 ova
1331 2439 1559 2474 cognosceret.
1591 2435 1654 2474 Ap.

915 2479 1010 2509 Varr.
1041 2480 1081 2512 R.
1110 2480 1148 2510 R.
1180 2480 1226 2510 iii.
1250 2485 1281 2515 9.
1307 2483 1338 2514 7.
1370 2486 1421 2509 est
1450 2480 1655 2518 gallinariae

915 2526 1060 2554 curator.

965 2568 1146 2598 Gaudium.
1158 2578 1187 2598 v.
1202 2567 1335 2597 laetitia.

964 2612 1134 2647 Geminus,
1156 2611 1286 2641 similis.
1319 2611 1438 2641 Partit.
1463 2614 1496 2644 7.
1527 2619 1656 2640 memo-

914 2655 963 2685 ria
980 2661 1032 2685 est
1045 2657 1179 2694 gemina
1197 2654 1396 2685 literaturae.

964 2700 1150 2739 Genealogz'.
1174 2699 1254 2729 Nat.
1277 2699 1321 2729 D.
1341 2699 1388 2728 iii.
1411 2701 1458 2732 17.
1487 2697 1546 2735 dii,
1561 2697 1617 2736 qui
1636 2706 1657 2727 a

911 2744 1097 2782 genealogis
1113 2743 1260 2781 antiquis
1278 2742 1508 2772 nominamur.
1552 2741 1655 2771 Gene-

913 2789 1001 2825 alogi
1017 2787 1190 2824 dicuntur,
1208 2787 1264 2825 qui
1289 2786 1439 2816 Deorum
1465 2786 1656 2825 generatio-

915 2841 972 2860 nes
1003 2831 1223 2870 seripserunt,
1253 2833 1294 2860 ut
1326 2829 1491 2860 Hesiodus
1523 2837 1557 2859 et
1588 2828 1655 2858 alii.

913 2875 977 2906 Sed
994 2874 1056 2903 vid..
1074 2878 1142 2904 not.

964 2919 1166 2949 Generatim.
1183 2916 1370 2948 secundum
1386 2922 1511 2956 genera
1526 2923 1653 2952 rerum,

1013 2973 1035 2995 x
1055 2966 1074 2994 3
