1985 3206
750 107 896 137 INDEX
929 107 1031 135 LA'rl
1038 106 1227 136 NITATIS.

227 200 268 237 εἰ,
285 209 345 230 nec
357 198 455 229 hodie
467 208 602 229 assumo.
619 197 637 216 ὖ
651 198 685 228 in
700 196 897 238 Syllogismo
909 199 961 225 est

230 254 407 280 assumere,
446 252 524 272 cum
562 242 678 280 majori
728 240 959 281 propositioni,

228 297 330 326 quam
354 292 486 322 vocant,
500 285 694 322 subjicimus
709 285 885 314 minorem.
901 283 962 313 Di-

229 330 295 360 τίη.
313 332 346 360 ii.
365 333 414 361 5⁶2.
447 329 510 359 Sed
536 338 613 358 cum
642 329 690 358 bis
715 328 848 364 sumsit,
874 327 962 365 quod

230 373 334 404 voluit
354 374 439 414 (haec
462 378 514 403 est
537 373 718 411 propositio
741 373 858 411 major,
887 380 961 409 quae

230 417 382 447 Ciceroni
405 416 601 455 simpliciter
624 415 805 455 propositio
822 414 957 452 dicitur)

229 460 263 490 id
292 466 407 490 tamen
434 460 581 495 assumit,
608 459 696 497 qnod
727 459 863 488 concedi
894 467 961 487 non

230 510 352 543 potest.
382 508 432 535 53.
450 504 594 533 Assumit
618 510 731 532 autem
757 502 961 542 Chrysippus

230 547 291 577 hoc
316 548 437 577 modo:
465 549 549 576 Sunt
577 552 691 576 autem
717 546 772 575 Dii
801 547 861 575 ἃς.
885 548 904 566 ³¹²
927 545 960 575 in

229 591 403 622 rhetoricis
419 600 593 625 assumere,
617 594 667 619 cst
682 590 887 619 extrinsecus
905 598 961 628 pe-

228 641 300 664 tere
331 639 543 673 argumenta,
574 644 639 663 non
671 643 711 662 ex
747 633 818 672 ipsa
849 642 959 662 causa.

228 678 310 719 Top.
328 680 358 709 2.
376 678 432 707 alii
449 678 511 707 loci
538 678 571 707 in
589 687 628 706 eo
651 677 734 716 ipso,
753 676 792 706 de
809 687 873 715 quo
891 676 960 715 agi-

226 729 296 759 tur,
313 722 455 758 haerent,
480 722 535 751 alii
557 725 772 751 assentiuntur
797 720 960 750 extrinse-

229 776 298 795 cus.
323 765 365 795 cf.
389 766 446 795 Or.
463 769 516 795 35.

272 810 442 840 Assumtio.
467 808 536 838 Fin.
565 809 611 838 iii.
637 810 666 838 5.
692 809 885 838 assumtione
910 805 959 836 di-

230 863 296 893 gna
310 857 390 883 sunt
403 851 588 895 προηγμένα.
613 852 631 869 ¹*
645 851 715 881 lnv.
729 853 749 881 i.
763 854 814 881 3⁴.
832 861 959 881 ass-um·

229 899 271 927 tio
288 901 337 927 est
357 897 466 926 minor
482 896 665 936 propositio
681 894 873 935 syllogismi.

272 941 486 970 Ass-umarus.
526 939 596 969 lnv.
631 940 652 969 i.
692 942 738 968 11.
778 939 958 968 assumam

229 984 438 1013 constitutio.
462 983 541 1022 quid
564 984 630 1013 sit?
656 982 719 1012 vid.
735 982 814 1012 ibid.

270 1028 382 1063 Assus,
399 1037 429 1064 a,
444 1036 514 1056 um.
539 1026 578 1056 ad
602 1027 679 1057 Div.
711 1026 752 1056 ix.
777 1028 829 1056 ⁶20.
854 1035 957 1064 usque

228 1070 268 1100 ad
284 1081 393 1100 assum
417 1070 597 1099 vitulinum
625 1079 726 1109 opera
752 1070 958 1109 producitur.

229 1118 247 1135 *
261 1116 332 1144 Att.
349 1115 405 1143 xii.
423 1114 453 1144 6.
471 1123 530 1153 pro
554 1113 618 1142 isto
640 1123 709 1143 asso
731 1113 812 1149 sole,
829 1123 894 1152 quo
919 1119 957 1143 tu

227 1158 347 1187 abusus
363 1167 396 1187 es
414 1158 448 1186 in
475 1156 608 1196 pratulo
635 1161 762 1193 nostro,
780 1167 799 1186 a
821 1162 854 1186 te
881 1157 958 1186 niti-

228 1201 307 1231 dum
323 1201 426 1231 solem
444 1206 651 1239 unctumque
668 1207 870 1240 repetemus,
891 1201 911 1229 i.
928 1211 956 1230 e.

229 1256 287 1285 pro
302 1255 353 1282 eo,
378 1254 443 1283 quo
468 1253 547 1273 usus
564 1254 597 1274 es
619 1245 690 1274 sine
709 1245 876 1273 unctione.
894 1244 957 1274 vid.

229 1288 385 1319 Buchner
401 1288 441 1317 ad
458 1287 548 1317 hunc
565 1287 585 1317 1.
601 1294 635 1317 et
652 1288 792 1317 Casani).
810 1288 851 1317 ad
869 1288 957 1317 Pers.

227 1343 259 1372 p.
277 1333 351 1363 346.
366 1342 392 1362 s.
408 1336 447 1361 ut
462 1330 573 1371 placet
600 1332 767 1368 Manutm,
785 1341 843 1371 pro
870 1332 958 1361 inso-

226 1375 350 1405 latione
367 1376 437 1405 sine
454 1385 558 1412 coena,
574 1376 674 1405 etiam
688 1386 764 1405 cum
782 1385 876 1405 coena
887 1375 953 1404 lau·

229 1425 266 1449 ta
282 1424 317 1449 et
334 1424 448 1450 uncta.
495 1421 512 1440 ²*
525 1419 590 1458 Qu.
609 1419 659 1449 Fr.
676 1420 722 1449 iii.
742 1422 768 1449 1.
794 1420 827 1448 in
844 1418 958 1448 balne-

228 1464 305 1493 ariis
322 1465 449 1493 assam
476 1462 620 1492 alterum
646 1463 828 1502 apodyterii
853 1472 959 1501 angu-

228 1506 297 1536 lum
318 1507 476 1547 promovi.
506 1505 538 1536 h.
552 1516 580 1536 e.
605 1506 785 1543 sudatoria,
803 1512 841 1536 ut
857 1508 959 1536 Sene-

227 1560 267 1580 ca
281 1550 439 1590 appellat,
461 1561 487 1580 s.
502 1550 727 1587 sudationem,
746 1550 801 1580 ubi
818 1550 959 1580 sudaba-

226 1599 284 1624 tur
305 1598 454 1631 tantum,
469 1594 539 1624 sine
566 1594 702 1624 lotione.
724 1594 788 1623 vid.
820 1593 957 1624 Salmas.

226 1637 268 1667 ad
284 1637 446 1667 Carinum
472 1648 499 1667 c.
521 1641 569 1671 17.
597 1648 629 1677 p.
646 1641 719 1668 810.
736 1638 768 1667 b.
801 1637 958 1676 Figuram

228 1682 298 1719 ejus
314 1691 354 1711 ex
371 1681 510 1720 antiquo
535 1685 756 1711 monumento
775 1681 909 1711 exhibet
923 1681 956 1712 J.

228 1724 268 1754 A.
283 1725 451 1755 Fabricius
466 1725 507 1754 ad
516 1725 655 1755 Sextum
668 1725 766 1764 Emp.
783 1735 816 1765 p.
827 1728 878 1755 530.
895 1726 957 1755 Ca-

227 1769 364 1799 saubon.
374 1769 415 1798 ad
424 1768 593 1808 Theophr.
608 1769 671 1811 ετεςὶ
684 1770 856 1808 ἀναισχωτ.
869 1780 901 1809 p.
913 1779 956 1799 m.

232 1814 301 1842 144.
319 1812 496 1851 distinguit
511 1822 619 1843 assam
637 1812 754 1842 cellam
779 1823 798 1841 a
823 1813 958 1842 sudato-

228 1856 288 1892 ria,
306 1860 340 1885 et
357 1857 391 1885 in
406 1856 578 1886 nonnullis
595 1856 720 1887 balneis
732 1862 876 1895 quatuor
892 1856 958 1886 cel-

227 1898 274 1928 las
291 1899 391 1929 fuisse
415 1900 475 1936 ait,
493 1900 526 1929 in
543 1901 663 1939 quibus
685 1905 808 1939 praeter
823 1900 958 1930 sudato-

226 1943 310 1973 riam
323 1954 394 1974 assa
404 1943 615 1983 fuerit‚quod
631 1954 670 1974 ex
688 1943 752 1973 h.1.
763 1949 797 1973 et
813 1954 852 1973 ex
869 1944 958 1974 Dial.

225 1986 361 2016 Adriani
392 1997 469 2017 cum
500 1988 655 2027 Epicteto
679 1988 868 2017 confirmat.
919 1988 957 2018 111

227 2029 302 2070 1000ν
316 2030 483 2060 Ciceronis
499 2032 632 2070 quidem
651 2041 717 2061 non
733 2031 855 2061 diserte
871 2042 890 2061 a
903 2041 958 2061 su—

229 2072 360 2104 datoria
375 2073 460 2104 cella
475 2074 695 2114 distinguitur
710 2085 794 2105 assa.
810 2076 959 2115 Quomo-

227 2116 268 2145 do
285 2122 398 2147 autem
413 2128 486 2148 assa
502 2118 585 2148 cella
611 2128 631 2147 a
652 2118 823 2148 sudatoria
837 2119 958 2149 discre-

229 2167 336 2200 paret,
361 2160 479 2191 vellem
503 2162 765 2192 demonstrasset
792 2162 958 2193 Casaubo-

233 2212 311 2234 nus.

270 2248 382 2279 Astra.
408 2248 476 2280 Att.
504 2249 536 2279 ii.
565 2251 616 2280 95.
640 2249 756 2279 tollere
778 2249 892 2280 laudes
918 2250 959 2280 ad

226 2296 329 2322 astra.
358 2293 434 2322 ibid.
452 2295 504 2324 ⁴21.
532 2293 683 2323 decidere
705 2304 744 2323 ex
766 2294 873 2324 astris.
890 2295 910 2324 i.
928 2304 958 2325 e.

227 2335 381 2365 amittere
398 2335 543 2367 laudem.

270 2379 323 2409 At.
341 2380 441 2410 servit
466 2381 720 2419 objectionibus.
743 2381 837 2411 Verr.
866 2381 900 2410 ii.
925 2381 956 2411 6.

225 2422 269 2453 At
285 2423 376 2453 enim
392 2423 492 2454 istum
510 2424 570 2454 soli
588 2424 688 2454 Siculi
713 2428 960 2464 persequuntur

225 2466 286 2496 διο.
312 2466 382 2497 Fin.
397 2467 431 2497 ii.
447 2469 499 2498 524.
515 2469 558 2498 At
584 2468 674 2497 enim
696 2478 816 2507 sequor
832 2468 958 2498 utilita-

226 2512 296 2539 tem
314 2511 373 2540 &c.
391 2514 425 2539 et
439 2511 578 2542 infinitis
595 2512 675 2541 locis
692 2512 775 2542 aliis.
798 2512 957 2542 *saltem.

226 2553 321 2583 Verr.
338 2554 383 2583 iii.
403 2557 453 2585 85.
483 2556 509 2585 si
528 2565 594 2585 non
611 2556 746 2593 bonam,
759 2561 794 2586 at
809 2555 958 2595 aliquam

228 2597 392 2627 rationem
409 2598 525 2628 afferre
542 2600 602 2630 &c.

226 2683 233 2689 ι
269 2641 363 2671 Ater.
387 2641 472 2672 Phil.
489 2643 522 2672 ii.
540 2644 588 2674 16.
605 2642 698 2673 albus
714 2647 825 2673 aterve
840 2643 958 2680 fueris,

226 2693 395 2722 ignorans.

269 2728 415 2759 Atomus.
431 2728 546 2761 femin.
570 2740 602 2770 g.
625 2730 872 2770 Corpusculum
896 2731 959 2760 mi-

227 2776 351 2801 nutum
367 2775 402 2801 et
416 2772 640 2811 individuum,
657 2784 722 2813 quo
739 2775 773 2804 in
788 2774 958 2814 explican-

225 2814 269 2844 da
284 2815 411 2854 origine
427 2817 543 2847 mundi
560 2818 721 2848 utebatur
744 2818 958 2848 Democritus

227 2862 262 2887 et
285 2863 361 2898 post
381 2869 460 2890 eum
484 2861 662 2901 Epicurus.
692 2861 763 2892 Fin.
780 2862 801 2892 i.
824 2862 855 2893 6.
880 2862 957 2893 Nat.

230 2900 274 2933 D.
289 2902 310 2933 i.
328 2904 380 2935 90.
406 2904 466 2935 διο.

1672 94 1751 141 197

1048 196 1164 236 Atque.
1188 195 1327 225 inservit
1351 194 1455 224 initiis
1479 195 1514 223 et
1538 193 1747 224 transitioni-

1005 238 1078 269 buS.
1117 240 1174 269 Or.
1192 239 1212 268 i.
1230 241 1282 269 ⁶2⁶2.
1306 238 1425 277 Atque,
1442 237 1553 276 inquit
1563 236 1746 277 Sulpicius,

1004 282 1066 311 hoc
1077 283 1223 322 primum
1242 292 1261 312 a
1275 286 1307 312 tc
1318 281 1511 320 quaerimus.
1531 281 1634 319 Legg.
1651 281 1697 310 iii.
1715 285 1747 314 9.

1004 326 1109 365 Atque
1127 330 1162 355 ut
1190 325 1391 355 Flaminium
1417 328 1450 354 et
1467 335 1505 354 ea
1533 333 1606 363 qum
1636 325 1746 363 prisca

1003 374 1083 399 sunt
1110 369 1308 408 relinquam.
1334 367 1431 398 Catil.
1457 368 1503 398 iii.
1522 368 1551 398 6.
1575 368 1683 407 Atque
1705 367 1745 397 il-

1003 412 1074 449 lud,
1099 413 1188 451 quod
1212 413 1360 452 primum
1376 412 1569 441 faciendum
1598 411 1675 447 fuit,
1692 411 1742 441 fa-

1004 460 1097 486 vtum
1127 461 1228 495 atque
1254 460 1461 485 transactum
1487 459 1547 485 est.
1579 455 1621 484 cf.
1645 455 1702 485 Or.
1721 455 1742 485 i.

1003 502 1034 530 4.
1058 500 1131 530 init.
1158 499 1200 529 ad
1215 500 1290 530 Div.
1308 499 1351 528 xi.
1367 501 1418 530 ⁶28.
1436 499 1495 528 &c.
1531 502 1549 520 *ὃ
1564 508 1641 528 cnm
1659 499 1742 528 adeo

1004 544 1037 573 in
1064 544 1326 573 correctionibus
1359 542 1551 577 adhibetur,
1580 542 1738 581 inprimis

1003 597 1081 616 cum
1106 587 1235 617 intendi
1265 587 1470 616 sententiam
1500 585 1669 622 volumus,
1701 590 1740 615 ut.

1003 631 1059 668 sit,
1075 631 1141 660 sive
1159 631 1278 670 potius.
1305 630 1373 660 Att.
1391 631 1411 659 i.
1432 633 1480 663 17.
1506 639 1567 669 ego
1584 630 1739 669 princeps

1003 679 1099 714 utque
1114 674 1196 704 adeo
1212 674 1378 704 secundus
1394 673 1454 703 fui.
1480 674 1578 703 Rosc.
1595 674 1670 703 Am.
1687 676 1737 703 10.

1003 717 1064 747 hoc
1091 717 1240 754 consilio,
1266 721 1363 757 atque
1389 717 1470 746 adeo
1501 716 1563 746 hac
1590 718 1740 746 amentia

1003 761 1147 801 impulsi.
1165 763 1225 791 &ea
1254 761 1332 791 ibid.
1359 763 1411 791 35.
1435 761 1467 790 Si
1485 760 1658 800 prodierit,
1687 765 1740 790 at-

1002 815 1062 844 que
1077 805 1171 841 adeo,
1188 815 1265 835 cum
1283 804 1452 844 prodierit.
1477 807 1497 824 ¹*
1513 804 1641 840 statim,
1659 813 1739 834 eon-

1001 849 1124 882 festini.
1149 849 1252 887 Legg.
1270 849 1302 878 ii.
1320 851 1350 878 4.
1382 848 1416 877 Si
1433 848 1466 876 in
1488 848 1544 885 jus
1560 852 1668 885 vocat,
1685 852 1738 878 at—

1001 902 1062 931 que
1077 896 1143 922 eat.
1189 893 1277 922 Nam
1294 892 1340 921 sic
1357 891 1550 930 legendum,
1567 891 1677 921 videre
1694 892 1740 921 vi-

1003 937 1029 965 ri
1046 935 1145 965 docti.
1175 936 1214 966 de
1232 935 1294 966 hac
1316 936 1345 964 vi
1361 935 1534 975 particulae
1551 935 1615 964 vid.
1633 935 1737 965 Gron.

1002 979 1043 1010 ad
1071 980 1143 1010 Liv.
1159 980 1245 1009 xxvi.
1262 983 1314 1013 39.
1346 978 1476 1009 Duker.
1503 984 1537 1007 et
1560 979 1667 1009 Drak.
1693 979 1736 1008 ad

1001 1023 1100 1053 xxvii.
1114 1026 1166 1053 21.
1179 1027 1213 1052 et
1224 1022 1305 1052 alios
1323 1023 1458 1052 Davisio
1470 1022 1511 1052 ad
1525 1022 1558 1053 h.
1569 1022 1589 1052 1.
1604 1023 1736 1052 citatos.

1044 1068 1154 1107 Aequi.
1179 1067 1221 1096 ad
1236 1067 1311 1097 Div.
1328 1066 1369 1096 vi.
1386 1067 1416 1096 6,
1439 1067 1530 1105 atqui
1546 1066 1665 1096 utebar
1687 1067 1735 1095 sa-

1003 1110 1224 1140 miliarissime
1242 1110 1382 1140 Caesare.
1399 1109 1441 1140 ad
1456 1110 1524 1139 Att.
1539 1110 1592 1139 vii.
1603 1113 1633 1143 7.
1644 1111 1737 1150 atqui

1002 1160 1092 1184 ccrte
1110 1153 1165 1183 ille
1192 1164 1288 1193 agere
1311 1153 1437 1183 debuit.
1470 1153 1549 1183 Nat.
1567 1154 1610 1183 D.
1639 1154 1671 1184 ii.
1703 1157 1734 1187 7-

1001 1201 1091 1238 ntquz'
1104 1197 1315 1228 nihilmelius
1333 1200 1384 1226 est
1399 1197 1536 1227 mundo.
1581 1197 1676 1227 Verr.
1702 1198 1736 1227 ii.

1002 1245 1053 1276 59.
1077 1242 1166 1281 Quid
1182 1251 1258 1271 vero
1274 1242 1284 1270 ?
1320 1240 1457 1271 modum
1474 1245 1661 1270 statuarum
1676 1241 1736 1271 ha-

1001 1285 1069 1315 beri
1097 1285 1228 1315 nullum
1263 1284 1399 1325 placet?
1443 1286 1537 1324 atqui
1573 1284 1737 1314 habeatur

1002 1338 1136 1359 necesse
1154 1333 1215 1359 est.

1043 1373 1288 1403 Atramentum.
1301 1372 1379 1403 Nat.
1392 1373 1434 1403 D.
1447 1373 1479 1402 ii.
1492 1375 1543 1403 50.
1556 1381 1675 1402 succus
1688 1381 1738 1402 se-

1000 1417 1075 1456 piae.
1100 1417 1140 1447 ad
1163 1417 1238 1446 Div.
1261 1417 1304 1446 ix.
1320 1419 1373 1446 ‘il-
1398 1421 1623 1446 atramentum
1649 1419 1740 1446 suto-

1001 1461 1110 1490 rium:
1136 1464 1187 1490 est
1203 1459 1443 1497 Chalcauthus,
1466 1470 1491 1489 s.
1508 1463 1546 1489 ut
1569 1459 1666 1490 hodie
1684 1470 1740 1490 vo-

1001 1508 1096 1534 catur
1111 1503 1272 1534 vitriolus.
1291 1515 1318 1534 V.
1344 1503 1429 1533 Plin.
1448 1503 1556 1533 xxxiv.
1578 1505 1627 1534 12.

1044 1548 1184 1578 Atratus
1220 1558 1296 1588 opp.
1332 1547 1455 1584 albato,
1483 1550 1598 1586 estque
1636 1547 1738 1586 idem,

1001 1592 1057 1630 qui
1075 1591 1236 1632 pullatus,
1251 1592 1285 1621 in
1302 1591 1414 1621 Vatin.
1436 1594 1483 1622 13.

1043 1636 1205 1666 Ati-ociter
1226 1635 1324 1672 ferre,
1342 1635 1415 1665 Mil.
1434 1638 1464 1665 8.
1489 1634 1528 1664 de
1554 1634 1626 1673 lege
1643 1633 1739 1665 valde

1000 1689 1126 1718 severa,
1143 1680 1194 1709 vel
1211 1680 1245 1709 in
1262 1679 1434 1709 hominem
1451 1679 1503 1708 vel
1519 1679 1553 1708 in
1568 1678 1708 1708 factum.

1043 1723 1228 1754 Attendere.
1252 1723 1371 1753 Pax-tit.
1387 1722 1444 1752 Or.
1462 1725 1514 1752 ⁶24.
1538 1722 1579 1751 de
1598 1722 1744 1753 necessi-

999 1771 1070 1797 tate
1087 1768 1266 1803 attendere,
1286 1767 1306 1796 i.
1324 1777 1352 1795 e.
1370 1767 1531 1806 cogitare,
1548 1775 1658 1805 agere.

1044 1812 1227 1841 Attentore.
1252 1810 1345 1840 Verr.
1370 1810 1405 1839 ii.
1435 1812 1487 1840 54.
1512 1810 1665 1839 omnium
1689 1810 1740 1840 in-

1001 1855 1116 1884 imicos
1142 1855 1322 1894 diligenter
1345 1863 1559 1892 cognoscere,
1581 1853 1740 1892 colloqui,

1000 1903 1174 1929 attentare.
1201 1899 1222 1928 i.
1250 1908 1280 1927 e.
1306 1898 1506 1937 perspicere,
1535 1907 1599 1936 quo
1625 1898 1740 1927 animo

1000 1943 1092 1972 sint:
1117 1943 1175 1972 Or.
1203 1943 1256 1972 (51.
1286 1946 1450 1972 attentare
1478 1940 1576 1970 fidem
1600 1941 1739 1979 judicis,

1001 1986 1161 2016 dicuntur
1175 1990 1336 2023 oratores,
1354 1985 1410 2024 qui
1428 1984 1599 2014 blanditiis
1617 1985 1741 2015 oratio-

1001 2031 1051 2059 nis
1069 2030 1221 2070 judicem
1245 2040 1264 2059 a
1280 2029 1416 2067 justitia
1435 2028 1599 2057 abducere
1616 2038 1740 2058 conan-

1001 2079 1067 2104 tur.
1092 2074 1183 2104 Sext.
1199 2077 1230 2104 4.
1254 2083 1355 2112 quam
1374 2072 1489 2102 urbem
1507 2072 1547 2101 ab
1564 2071 1621 2102 illa
1636 2072 1741 2102 scele-

1001 2121 1072 2147 rata
1088 2127 1165 2147 man
1172 2128 1192 2147 u
1208 2118 1365 2148 attentari
1381 2116 1644 2156 suspicabamur.

1044 2162 1244 2191 Attentatus.
1269 2160 1311 2190 ad
1333 2160 1428 2200 Quir.
1452 2170 1484 2200 p.
1506 2159 1545 2189 R.
1570 2162 1600 2193 7.
1625 2159 1740 2189 ciassis

1001 2209 1176 2242 attentata,
1200 2205 1233 2234 in
1247 2214 1348 2243 quam
1366 2205 1511 2243 impetus
1529 2202 1676 2232 hostium
1691 2203 1740 2232 fa-

1001 2255 1086 2279 ctus.
1110 2250 1166 2279 Or.
1191 2249 1236 2278 iii.
1263 2250 1314 2279 28.
1340 2247 1460 2277 melius
1472 2247 1582 2276 fuerat
1604 2252 1742 2286 praeter-

1003 2293 1061 2329 ire,
1081 2303 1180 2332 quam
1209 2296 1407 2322 attentatum
1425 2290 1594 2320 deserere:
1621 2290 1744 2331 abjice-

1002 2346 1088 2373 cere,
1106 2336 1194 2375 quod
1210 2345 1355 2375 coeperas
1373 2335 1510 2364 discere.

1043 2381 1207 2410 Attencus.
1246 2380 1343 2409 Rosc.
1374 2378 1486 2408 Amer.
1524 2381 1573 2408 15.
1612 2381 1742 2408 attenta.

1001 2429 1036 2453 et
1059 2424 1230 2454 rusticana
1252 2424 1331 2452 vita.
1356 2422 1472 2461 Quint.
1490 2424 1520 2452 3.
1545 2421 1740 2461 paterfami·

1002 2467 1061 2497 lias
1080 2467 1226 2507 prudens
1243 2473 1277 2496 et
1293 2471 1448 2496 attentus.

1044 2512 1221 2541 Attenuate
1245 2511 1365 2540 dicere.
1389 2511 1486 2540 Brut.
1512 2512 1563 2540 55.
1587 2514 1638 2539 est
1661 2508 1739 2539 boni

1001 2556 1140 2585 oratoris
1157 2555 1190 2584 in
1205 2564 1326 2594 genere
1338 2554 1435 2583 tenui
1449 2554 1623 2590 versantis,
1637 2552 1741 2591 idem,

1001 2599 1089 2638 quod
1105 2609 1229 2638 presse,
1245 2597 1331 2636 quod
1349 2598 1379 2627 ei
1393 2597 1564 2636 jungitur.

1044 2643 1233 2673 Attenuatis.
1248 2642 1436 2671 verborum.
1460 2641 1611 2671 Herenn.
1629 2641 1670 2670 iv.
1690 2643 1740 2671 11.

1001 2689 1036 2716 et
1051 2689 1103 2716 ⁶21.
1128 2696 1187 2726 pro
1203 2687 1444 2715 contractione.

1044 2731 1255 2761 Attenuatus.
1279 2729 1336 2759 Or.
1363 2731 1414 2759 30.
1438 2731 1612 2758 attenuata
1633 2727 1743 2758 multa

1002 2773 1115 2810 habet,
1132 2774 1152 2803 i.
1177 2784 1205 2802 e.
1230 2783 1247 2802 c
1272 2782 1393 2811 genere
1417 2772 1542 2802 subtili.
1567 2771 1663 2801 Brut.
1688 2772 1741 2802 32.

1002 2822 1176 2848 attenuata
1193 2817 1299 2846 nimia
1315 2815 1475 2855 religione
1497 2815 1614 2846 oratio.
1636 2815 1742 2845 subti-

1003 2861 1042 2892 lis
1059 2861 1100 2890 ad
1110 2860 1326 2899 jejunitatem
1344 2869 1460 2898 usque.

1045 2905 1184 2942 Attinet,
1208 2914 1291 2944 opus
1315 2911 1379 2942 cst,
1403 2902 1570 2933 convenit.
1593 2901 1687 2933 Verr.
1711 2911 1742 2933 v·

1051 2958 1070 2978 ο
1095 2951 1113 2980 3
