1920 3196
860 31 874 40 a

225 85 308 123 362

223 185 301 215 Div.
317 193 349 214 v.
368 183 398 213 6.
424 193 486 214 nec
502 188 638 224 putant,
652 184 681 214 ei
700 194 819 216 numos
837 186 962 224 deesse,

204 245 207 248 κ
222 229 278 266 qui
302 227 516 258 foeneratores
536 238 575 258 ex
591 228 760 258 obsidione
777 231 938 260 exemerit
953 243 959 259 ε

222 270 257 301 h.
275 281 304 300 e.
321 270 377 310 qui
395 270 427 300 in
444 272 628 301 Consulatu
647 272 836 302 tabularum
863 283 962 304 nova-

221 324 296 345 rum
315 314 500 353 peniculum
518 315 688 352 averterit,
706 325 783 346 cum
802 316 881 347 fides
898 317 962 348 Ro-

222 367 285 389 nnr
302 363 337 387 ct
352 358 386 386 in
404 359 581 397 provinciis
600 358 774 389 laborare-t.
792 360 840 389 cs.
859 361 962 400 inpri-

222 402 285 432 mis
309 401 373 431 Off.
402 402 435 431 ii.
463 404 514 432 94.
540 407 574 432 et
599 401 714 431 Manu.
739 406 770 436 7.
795 405 884 433 Sext.
908 407 960 434 43.

222 445 348 481 Pisoni,
378 445 434 482 qui
467 445 699 475 Macedoniam
735 445 807 485 lege
846 447 962 478 Clodia

220 489 428 524 obtinuerat,
448 489 582 527 objicit:
609 499 686 519 eum
711 489 797 519 bona
821 491 961 521 credito-

219 543 309 569 rum,
342 532 465 561 civium
505 533 600 562 Rom.
640 542 715 562 cum
757 533 958 564 debitoribus

222 576 347 606 Graecis
387 575 545 606 dizisisse.
585 575 629 606 Hi
668 576 848 607 creditores
883 584 962 608 sunt

220 622 443 658 negotiatores.
502 619 638 649 Fonteio
676 621 843 658 objectum
876 629 960 657 erat,

220 663 309 703 quod
340 673 379 692 eo
411 666 550 701 praetore
581 673 736 702 oppressa
771 669 857 695 esset
896 675 960 694 aere

221 707 332 737 alieno
356 706 474 735 Gallia.
523 706 560 736 ld
585 712 621 736 ut
645 705 765 736 salsum
786 708 960 737 convince-

221 755 275 780 ret
305 750 435 787 Cicero,
460 751 591 788 quaerit,
617 760 637 780 a
667 751 785 788 quibus
818 761 959 781 versura·

221 799 394 824 tantarum
429 793 647 833 pecuniarum
679 794 777 824 sactae
808 795 875 824 sint
895 807 900 823 ε
934 795 961 824 Α

223 837 354 868 Gallis?
383 837 466 866 nibil
484 838 606 867 minus.
624 848 642 866 a
657 838 776 875 quibus
793 839 916 876 igitur?
944 849 963 868 a

224 882 350 912 civibus
368 880 463 910 Rom.
483 881 538 919 qni
557 881 590 910 in
607 880 716 910 Gallia
739 883 962 919 negotiantur,

222 925 283 956 ἃς.
309 925 402 954 Verr.
420 925 440 954 i.
459 926 511 958 527.
536 925 590 963 qui
609 926 766 963 negotiari
790 926 960 963 dicuntur,

221 968 336 1010 paullo
361 974 435 1008 post
459 968 640 997 creditores
664 969 770 1007 togati
788 974 961 999 vocantur.

222 1013 286 1042 Sed
303 1011 384 1042 nihil
402 1016 451 1040 est
470 1012 511 1041 ad
528 1011 613 1041 hanc
631 1022 698 1041 rem
714 1013 876 1051 insignius
893 1014 962 1053 epi-

221 1056 316 1087 stolis
341 1059 484 1094 quatuor
507 1055 547 1085 ad
570 1055 671 1085 Attic-
694 1066 724 1085 ν.
740 1059 790 1086 ⁶21.
817 1057 859 1085 vi.
883 1060 910 1086 1.
930 1059 960 1086 Ω.

224 1103 256 1131 3.
282 1100 316 1129 in
344 1099 464 1137 quibus
491 1098 598 1129 multa
625 1099 664 1128 de
691 1099 738 1129 M.
767 1100 900 1139 Scaptio
927 1107 961 1130 et

223 1143 392 1179 Matinio3
414 1142 469 1181 qui
487 1143 646 1182 primum,
663 1143 716 1172 ubi
736 1144 775 1172 ab
792 1144 829 1173 iis
846 1144 960 1173 Romae

222 1186 397 1217 Salaminii
421 1186 552 1225 publice
573 1186 713 1216 voluisse
729 1197 895 1217 versuram
914 1187 962 1216 fa-

221 1240 296 1260 cere
313 1231 484 1266 dicuntur,
501 1229 713 1269 appellantur
727 1230 960 1260 foeneratores:

223 1279 312 1315 post,
325 1283 401 1303 cum
420 1273 453 1302 in
472 1274 641 1313 provincia
652 1284 735 1309 csse,
748 1280 781 1303 et
795 1274 839 1303 ibi
855 1274 961 1304 foenus

222 1327 376 1348 exercere
390 1316 559 1354 «licuntur,
575 1322 609 1346 et
626 1328 645 1346 a
659 1318 848 1347 Salaminiis
862 1328 963 1357 pecu-

225 1363 314 1391 niam
333 1365 496 1400 repetere,
513 1361 733 1399 negotiatores.
762 1361 963 1397 (Foeneratu-

223 1414 275 1435 res
297 1409 412 1434 tamon
436 1405 538 1434 etiam
564 1405 598 1434 in
624 1405 793 1444 provincia
809 1405 893 1436 dixit
909 1406 964 1435 Li-

223 1449 297 1478 vius
314 1448 411 1477 xxxii.
428 1448 495 1483 ⁶27.)
524 1447 609 1477 Nam
625 1458 700 1478 cum
715 1449 867 1488 Scaptius
882 1459 964 1488 prae-

222 1492 388 1523 fecturam
414 1501 433 1520 a
458 1491 617 1521 Cicerone
643 1498 787 1531 peteret,
806 1493 962 1531 negabat,

222 1546 257 1566 se
282 1536 485 1574 negotiatori,
503 1535 558 1573 qui
584 1536 616 1564 in
636 1537 805 1574 provincia
827 1546 887 1566 sua
907 1546 962 1566 ne-

221 1581 419 1619 gotiaretur,
437 1579 670 1617 praefecturam
690 1579 860 1609 (laturum.
879 1580 965 1609 Con-

222 1623 353 1653 sulatur
365 1622 465 1651 etiam
482 1621 571 1651 locus
585 1623 737 1661 egregius
756 1623 837 1653 Livii
850 1625 962 1655 xxxiii.

223 1669 276 1701 529.
297 1667 336 1696 de
354 1665 516 1695 militibus
534 1666 567 1695 in
583 1667 752 1705 provincia
768 1669 961 1705 negotianti-

223 1711 291 1740 bus.
337 1709 488 1739 Alterum
513 1719 617 1747 genus
635 1711 858 1749 negociationis
873 1717 963 1740 vete-

221 1754 266 1785 ris
291 1758 363 1783 erat
386 1753 425 1782 ab
450 1753 647 1790 aratoribus,
671 1764 747 1783 cum
773 1755 898 1784 civibus
922 1755 961 1785 R.

221 1800 296 1827 tum
313 1796 584 1836 proviiicialibuS‚
599 1798 677 1826 item
695 1798 832 1837 integris
847 1799 963 1828 civita-

219 1841 323 1877 tibus,
337 1840 544 1870 frumentum
564 1850 687 1877 emere,
702 1846 734 1870 et
752 1842 892 1871 Romam
911 1852 964 1871 ve-

219 1884 331 1915 hendo
355 1884 484 1913 lucrum
514 1894 672 1922 quaerere.
705 1885 811 1914 Flacc.
840 1886 892 1915 36.
921 1886 960 1915 (le

218 1927 364 1959 Falcidio
394 1927 537 1966 quodam
571 1928 696 1966 agitur,
723 1939 821 1967 quem
854 1934 963 1958 mater

219 1972 255 2003 in
280 1971 485 2011 provinciam
509 1970 621 2000 Asiam
647 1972 783 2002 miserat
807 1974 882 2002 cum
907 1983 964 2012 pe-

219 2016 331 2046 cunia.
355 2015 540 2054 quorsum?
567 2020 605 2044 ut
626 2017 858 2054 negotiaretur.
883 2016 962 2054 quid

220 2060 328 2099 igitur
339 2058 444 2088 fecit?
469 2058 605 2088 Fructus
617 2059 863 2089 Trallianorum
877 2059 963 2089 Prae-

219 2106 292 2133 tore
310 2102 453 2132 Globulo
470 2108 609 2131 emerat.
649 2102 850 2140 Hnjusmodi
869 2113 963 2142 nego-

219 2148 353 2177 tiatores
367 2151 447 2176 sunt
464 2146 512 2175 bis
528 2155 580 2185 ap.
597 2146 716 2176 Caesar.
735 2146 818 2176 Bell.
838 2146 922 2176 Gall.
942 2147 963 2176 l.

219 2190 275 2220 vii.
300 2193 330 2220 3.
355 2192 408 2220 42.
440 2199 643 2228 quamquam
670 2200 707 2219 ex
731 2190 781 2220 his
800 2190 878 2220 locis
896 2200 962 2220 non

219 2234 300 2265 satis
324 2233 467 2271 intelligi
495 2238 603 2272 potest
627 2234 741 2272 quales
758 2234 896 2271 fuerint,
912 2239 963 2263 ta-

219 2287 300 2308 men
325 2277 463 2316 Dionys.
481 2276 616 2306 Vossius
640 2277 877 2307 frumentarios
902 2287 962 2316 pu-

217 2325 281 2352 tat.
316 2320 392 2357 Sed,
411 2322 466 2359 qui
488 2330 516 2350 e.
537 2324 590 2351 33.
627 2316 859 2350 memorantur
875 2321 961 2351 cives

218 2365 317 2397 Rom.
335 2374 415 2403 quos
434 2363 601 2394 interfecit
614 2365 796 2401 Litavicus,
812 2365 963 2394 frumen-

217 2413 255 2440 to
278 2417 394 2438 eorum
420 2407 562 2446 direpto,
582 2407 666 2437 tales
686 2408 836 2447 profecto
857 2408 961 2438 fuere.

218 2451 318 2483 Tales
341 2457 375 2480 et
400 2450 460 2487 illi,
478 2451 518 2480 de
543 2452 663 2489 quibus
681 2451 768 2481 Hirt.
793 2451 874 2481 Bell.
892 2451 961 2481 Asr.

218 2496 272 2527 36.
298 2495 457 2524 Ceterum
484 2496 697 2532 negotiatores
712 2503 839 2524 veteres
858 2496 961 2524 libera

217 2538 349 2579 republ.
366 2544 400 2567 et
416 2539 513 2568 initio
531 2538 692 2578 Augustei
705 2539 835 2578 imperii
847 2539 962 2575 fuisse,

221 2583 278 2623 qui
304 2582 454 2622 pecuniis
475 2582 508 2611 in
526 2582 698 2621 provincia
713 2581 831 2612 foenori
851 2582 963 2611 locan-

220 2627 285 2663 dis,
305 2630 339 2655 et
353 2626 531 2654 frumentis
553 2625 756 2661 coemendis,
775 2626 878 2664 iisque
898 2625 963 2655 Ro-

219 2679 326 2706 mam,
359 2675 416 2698 aut
448 2678 606 2707 quorsum
639 2676 786 2708 quaestus
813 2669 963 2707 juberet,

218 2712 392 2749 vehendis,
420 2719 587 2751 quaestum
614 2712 778 2749 facerent,
804 2713 886 2742 vidit
914 2717 963 2741 et-

221 2758 303 2793 iam,
318 2761 351 2785 et
367 2757 393 2785 is
411 2755 546 2794 quidem
565 2765 665 2792 unus,
679 2765 778 2794 quem
797 2756 878 2792 scio,
894 2755 963 2786 Cel.

219 2800 436 2833 Burmannus
450 2799 490 2829 ad
504 2799 636 2829 Petron.
651 2810 679 2829 c.
696 2802 764 2829 101.
779 2799 835 2829 sed
848 2803 962 2830 tamen

221 2854 288 2875 non
301 2843 382 2874 satis
396 2852 502 2882 neque
516 2853 534 2872 a
547 2843 786 2873 mercatoribus
802 2843 963 2880 sejunxit,

220 2897 330 2928 neque
347 2886 499 2918 vocabuli
511 2886 609 2928 hujus
621 2889 795 2927 tamquam
807 2893 962 2927 tempora

738 97 886 126 INDEX
916 99 1215 129 LA'rtNtTATIS.

1007 186 1170 217 distinxit.
1197 186 1285 217 Nam
1303 187 1362 217 sub
1381 188 1578 227 Caesaribus,
1594 198 1672 220 cum
1688 199 1742 220 ne-

1001 232 1080 270 gotii
1120 230 1254 260 verbum
1291 236 1378 261 esset
1408 239 1442 263 et
1472 234 1676 272 negotiationi
1705 239 1742 263 et

1005 278 1203 303 mercaturae
1232 283 1423 312 commune,
1445 281 1479 306 et
1503 282 1643 315 utraque
1671 286 1741 307 ma-

1004 326 1103 356 gnam
1122 316 1377 349 similitudinem
1396 319 1545 357 haberet,
1564 321 1740 359 negotiato-

1004 371 1055 390 res
1081 361 1183 389 etiam
1213 368 1412 392 mercatores
1439 363 1518 393 dicti
1546 369 1638 400 sunt,
1662 363 1740 393 hine

1005 405 1216 442 negotiatores
1235 403 1362 443 olearii,
1381 406 1577 444 carbonarii,
1595 407 1740 446 lignarii,

1005 447 1123 485 sagarii
1150 448 1209 477 ἃς.
1233 458 1374 486 quorum
1400 460 1474 479 cum
1500 450 1589 488 alibi,
1608 456 1680 480 tuin
1707 450 1741 479 in

1006 490 1280 530 Inscriptionibus
1298 493 1462 523 vetcribus
1479 504 1530 532 ap.
1543 494 1739 530 Gruterum,

1003 534 1165 570 Gndium,
1182 535 1329 565 Donium
1349 536 1465 566 crebra
1481 537 1620 566 mentio.

1050 578 1247 614 Neeoliotio.
1280 579 1319 608 ad
1351 580 1479 610 Divers.
1513 580 1578 610 xiii.
1611 580 1663 610 66.
1703 585 1743 610 ut

1006 620 1173 650 Cast-inam
1198 622 1231 650 in
1254 622 1399 660 reliquiis
1417 624 1536 653 veteris
1553 625 1742 662 negotiatio-

1004 665 1053 694 πίε
1076 664 1267 702 ming-endis
1285 666 1392 703 juves.
1426 667 1522 697 Hanc
1546 677 1658 697 vocem
1686 667 1741 697 Ci-

1004 707 1116 737 ceroni
1135 709 1372 738 restituendam
1394 715 1491 749 putat
1507 710 1539 740 J.
1556 710 1741 740 Gronovius

1003 751 1036 779 in
1061 760 1112 790 ep.
1137 752 1176 780 ad
1193 752 1261 782 Att.
1278 753 1333 782 xii.
1354 756 1383 783 5.
1414 753 1470 782 ubi
1488 754 1648 793 scriptum
1667 760 1737 784 est:

1002 794 1223 832 nicasionum,
1235 805 1307 834 qua?
1318 796 1412 826 nihili
1424 807 1483 827 vox
1495 802 1555 826 est.
1577 798 1693 834 Recte,
1702 802 1741 828 ut

1005 837 1084 867 milii
1114 838 1256 868 videtur.
1281 839 1461 879 archetypa
1486 842 1741 878 negotiationum

1003 885 1083 910 sunt
1106 881 1229 911 tabulae
1254 883 1514 921 negotiatorum,
1536 885 1654 922 quibus
1679 885 1741 924 ipsi

1004 934 1065 953 sua
1091 935 1192 954 manu
1219 932 1356 965 accepta
1382 934 1415 956 et
1442 936 1587 966 expensa
1611 932 1740 958 notant.

1002 967 1061 998 Est
1079 967 1141 997 hoc
1159 969 1293 998 verbum
1312 971 1411 999 ctiam
1431 980 1481 1009 ap.
1500 970 1608 1001 Valer.
1632 971 1679 1001 M.
1697 972 1739 1001 iv,

1005 1014 1034 1041 8.
1052 1011 1091 1041 de
1110 1012 1284 1041 Considio:
1303 1012 1378 1042 «lam
1397 1014 1451 1052 qui
1470 1024 1558 1044 nunc
1576 1015 1741 1054 prim-ilum

1005 1057 1215 1093 negotiatione
1231 1056 1455 1093 delectantur,
1471 1068 1546 1087 cum
1561 1059 1739 1097 pecuniam

1004 1103 1178 1128 cruentam
1196 1099 1331 1129 domum
1349 1101 1547 1137 retulerunt,
1562 1112 1660 1140 quam
1680 1103 1741 1131 im-

1006 1142 1172 1181 probando
1211 1143 1331 1182 gaudio
1369 1144 1551 1181 exsultent,
1584 1155 1743 1183 recogno-

1004 1193 1111 1215 scant.
1138 1186 1276 1216 Salmas.
1304 1187 1345 1216 ad
1374 1187 1552 1227 Capitolini
1580 1189 1742 1219 Pertinac.

1005 1233 1035 1263 9.
1061 1229 1124 1268 legi
1142 1230 1290 1260 volebat:
1317 1232 1504 1261 necatione.
1521 1232 1577 1261 sed
1595 1232 1742 1262 vindica-

1006 1277 1085 1302 runt
1117 1273 1204 1302 docti
1242 1274 1393 1304 homines
1425 1275 1594 1313 vulgatam
1628 1276 1743 1306 lectio-

1007 1326 1098 1353 nem,
1115 1317 1266 1356 inprimis
1290 1317 1432 1348 Gronov.
1456 1318 1533 1348 Obs.
1551 1319 1592 1349 iv.
1610 1321 1661 1350 24.
1686 1321 1742 1358 qui

1005 1360 1106 1389 etiam
1126 1370 1164 1390 ex
1182 1361 1272 1390 libris
1286 1361 1377 1391 duris
1396 1361 1508 1392 Civilis
1521 1362 1741 1401 demonstrat,

1006 1405 1252 1442 negotiationem
1277 1415 1346 1434 esse
1374 1406 1406 1434 in
1435 1406 1473 1435 iis
1497 1407 1667 1436 interdum
1691 1417 1742 1437 ar-

1007 1448 1206 1485 gentariam,
1233 1453 1267 1477 et
1298 1459 1316 1477 e
1347 1449 1437 1478 dulio
1468 1449 1607 1479 Firinico
1638 1451 1681 1480 iv.
1712 1454 1743 1484 7.

1006 1496 1246 1521 commemorat
1261 1492 1424 1522 foenorum
1443 1495 1681 1532 negotiationes.

1050 1535 1243 1573 A'egoeae'mn,
1258 1545 1307 1565 res
1320 1535 1503 1566 familiaris
1528 1537 1627 1567 Catil.
1641 1538 1674 1567 ii.
1691 1541 1740 1569 10.

1005 1580 1167 1616 negotium
1198 1578 1283 1609 male
1314 1589 1439 1618 gerere.
1485 1581 1529 1610 Et
1554 1580 1587 1610 in
1611 1582 1744 1611 univer-

1005 1632 1077 1651 sum
1103 1622 1142 1651 de
1167 1623 1259 1652 omni
1286 1633 1406 1662 genere
1434 1631 1580 1662 quaestus
1605 1624 1741 1662 dicitur,

1005 1665 1063 1694 sed
1087 1666 1239 1705 inprimis
1264 1666 1302 1696 de
1328 1677 1379 1704 eo,
1396 1667 1483 1705 quod
1499 1678 1537 1697 ex
1554 1667 1677 1698 foenore
1694 1679 1744 1699 re-

1006 1708 1064 1738 dit.
1094 1709 1135 1739 ad
1160 1710 1236 1739 Div.
1264 1710 1285 1739 i.
1311 1713 1342 1740 3.
1364 1710 1550 1741 Trebonius
1574 1712 1686 1751 ampla
1709 1715 1744 1742 et

1005 1752 1159 1793 expedita
1175 1756 1302 1792 negotia
1320 1754 1352 1783 in
1371 1760 1430 1783 tua
1445 1755 1617 1794 provincia
1632 1755 1744 1786 habet.

1006 1796 1155 1826 Graevius
1169 1797 1207 1825 de
1223 1797 1352 1836 praediis
1366 1798 1606 1838 iuterpretatur
1619 1799 1660 1828 ad
1677 1799 1708 1829 h.
1722 1798 1743 1830 l.

1005 1845 1105 1878 atque
1122 1840 1204 1870 adeo
1219 1841 1259 1870 de
1275 1847 1348 1870 tota
1367 1851 1400 1870 re
1416 1841 1571 1871 familiari
1589 1842 1630 1872 ad
1644 1842 1744 1873 Catil.

1005 1884 1040 1913 ii.
1069 1887 1115 1914 10.
1141 1884 1196 1914 ubi
1221 1894 1298 1924 pro:
1324 1884 1410 1914 male
1435 1886 1584 1924 gerundo
1607 1888 1743 1926 negotio,

1007 1927 1186 1966 legendum
1217 1932 1351 1957 censet:
1386 1931 1536 1968 negotia.-
1568 1930 1589 1960 i.
1618 1939 1646 1959 e.
1674 1940 1744 1960 rem

1005 1971 1203 2001 familiarem
1220 1986 1228 2002 ς
1258 1972 1346 2010 quod
1372 1982 1496 2009 vereor,
1522 1977 1559 2002 ut
1587 1974 1744 2012 cuiquam

1006 2015 1135 2054 probet.
1181 2015 1268 2045 Nam
1294 2025 1360 2045 non
1384 2025 1452 2045 uno
1477 2016 1547 2045 loco
1572 2022 1682 2056 patres
1697 2017 1747 2047 fa-

1006 2058 1114 2088 milias
1130 2059 1290 2088 dicuntur
1303 2061 1467 2097 negotium
1483 2060 1566 2089 bene
1584 2064 1641 2090 aut
1658 2060 1746 2090 male

1008 2112 1132 2141 gerere.
1180 2102 1217 2132 In
1243 2101 1298 2132 illo
1322 2106 1434 2132 autem
1460 2103 1531 2133 loco
1547 2103 1656 2143 ipsum
1674 2114 1746 2134 ver-

1007 2146 1086 2176 bum
1110 2146 1265 2186 expedita
1289 2151 1420 2185 poterat
1436 2146 1567 2183 docere,
1583 2147 1622 2176 de
1640 2158 1673 2177 re
1690 2157 1746 2187 pe-

1010 2190 1159 2219 cuniaria
1182 2199 1252 2219 esse
1276 2199 1477 2220 sermonem.
1502 2190 1629 2220 Phaedr.
1648 2191 1669 2221 i.
1698 2191 1746 2222 16.

1008 2235 1064 2272 qui
1081 2243 1202 2263 nomen
1217 2233 1317 2270 locat,
1330 2243 1487 2273 sponsore
1501 2234 1664 2273 improbo,
1679 2243 1746 2265 non

1007 2286 1077 2306 rem
1102 2277 1269 2316 expedire,
1287 2277 1344 2306 sed
1368 2277 1456 2306 mala
1478 2277 1588 2307 videre
1605 2278 1745 2317 expetit.

1007 2320 1060 2349 Sic
1087 2319 1158 2350 Att.
1185 2330 1236 2350 xv.
1266 2323 1314 2350 15.
1342 2323 1394 2351 20.
1422 2320 1587 2360 explicata
1611 2321 1746 2351 solutio.

1007 2363 1084 2393 ibid.
1104 2364 1171 2393 xiii.
1189 2366 1240 2397 29.
1265 2364 1430 2403 explicare
1448 2374 1581 2394 nomen.
1608 2364 1745 2395 Cluent.

1006 2408 1057 2441 69.
1077 2407 1291 2446 junguntur:
1311 2407 1447 2447 praedia,
1463 2409 1604 2446 negocia,
1622 2418 1672 2438 res
1689 2418 1746 2448 pe-

1006 2451 1175 2480 cuniariae.
1202 2452 1258 2481 ubi
1286 2451 1500 2482 manifestum
1526 2456 1590 2488 est,
1616 2453 1746 2491 negotia

1006 2495 1047 2523 ad
1063 2495 1300 2524 tractationem
1324 2495 1542 2534 pecuniarum
1565 2495 1746 2534 pertinere.

1006 2537 1207 2576 Hujusmodi
1232 2540 1359 2577 negotia
1384 2542 1464 2568 sunt
1488 2539 1589 2567 ctiam
1611 2538 1654 2568 ad.
1669 2539 1746 2570 Div.

1007 2582 1073 2610 xiii.
1091 2584 1142 2611 30.
1160 2585 1212 2612 33.
1231 2584 1282 2611 53.
1306 2582 1396 2612 Sext.
1412 2584 1466 2611 115.
1489 2587 1568 2611 sunt
1585 2583 1748 2612 maximo-

1007 2634 1081 2655 rum
1098 2625 1253 2655 ordinum
1272 2625 1436 2662 homines,
1449 2625 1567 2663 quibus
1580 2626 1673 2655 curia
1688 2636 1748 2666 pa-

1005 2672 1075 2698 tet:
1101 2673 1181 2698 sunt
1205 2668 1423 2708 municipales
1449 2668 1630 2707 rusticique
1646 2670 1746 2700 Rom.

1007 2719 1087 2742 sunt
1103 2713 1231 2752 negotia
1249 2719 1416 2752 gerentes,
1432 2719 1512 2741 sunt
1529 2713 1629 2742 etiam
1647 2712 1748 2743 liber·

1006 2756 1070 2785 tini
1087 2757 1279 2795 optimates.
1307 2755 1325 2774 ³*
1338 2755 1377 2785 de
1393 2755 1596 2786 hominibus.
1620 2756 1698 2786 sen.
1713 2766 1747 2796 p.

1006 2799 1045 2829 R.
1069 2799 1100 2829 6.
1125 2800 1349 2830 inhumanum
1372 2800 1548 2837 negotium.
1573 2799 1614 2829 ad
1636 2803 1707 2830 Att.
1723 2800 1747 2831 i.

1010 2845 1060 2874 12.
1084 2842 1113 2872 T
1114 2844 1222 2873 eucris
1238 2842 1295 2872 illa
1310 2842 1441 2873 lentum
1457 2852 1536 2873 sane
1554 2844 1731 2881 negotium.

1050 2886 1168 2919 Nemo.
1186 2886 1229 2918 ad
1242 2888 1313 2918 Att.
1329 2887 1385 2918 vii.
1399 2889 1449 2919 13.
1466 2895 1557 2918 nemo
1567 2896 1622 2918 me
1634 2895 1746 2919 move-
