1985 3206
770 103 852 132 lND
858 103 917 132 EX
950 102 1245 131 LATINITA'rts.

298 193 490 238 Adjunetus.
521 193 657 225 Cluent.
682 196 732 226 10.
762 202 836 233 quae
858 191 979 235 adjun-

255 241 358 272 dt'ora
374 239 450 270 huic
465 248 572 268 causoe
589 245 678 268 sunt.

298 281 511 323 Adjanctam.
543 291 604 312 vox
634 281 820 318 dialectica,
843 279 884 311 de
914 290 980 320 qua

253 326 318 357 vid.
330 326 414 366 Top.
436 328 484 355 ll.

297 370 498 400 Administer
513 368 633 406 victus,
643 378 701 409 pro
711 369 865 398 minister.
882 367 978 398 Rosc.

253 412 293 444 Δ.
310 415 362 444 28.

296 457 538 487 Adneinistrare
571 465 631 496 pro
659 456 858 486 ministrare.
884 454 913 485 V
915 464 977 485 err.

251 507 282 530 v.
299 503 328 530 4.

295 543 562 574 Administrator.
582 541 681 573 Tusc.
694 552 724 572 v.
737 543 789 572 22.
807 541 881 571 edd.
894 545 976 571 vett.

253 596 313 628 pro
329 588 484 616 minister.

296 630 521 660 Admirabilis.
552 630 585 659 in
610 632 739 670 partem
764 627 975 658 deteriorem.

251 672 337 704 Phil.
348 673 394 702 iii.
405 677 435 708 7.
447 671 875 711 admirabilisimpudentia.
890 672 975 702 *Ad-

252 718 428 747 mirabitia.
446 717 517 746 lfin.
542 718 582 746 iv.
600 719 652 750 ⁶27.
669 713 825 757 παράδοξοι
841 717 960 745 stoica.

294 761 476 791 Admirari.
501 761 535 790 in
548 766 677 800 partem
690 759 897 789 deteriorem.
911 760 974 789 Off.

252 803 286 834 ii.
315 804 362 834 16.
394 804 471 842 quia
494 803 551 833 has
568 803 783 844 pecuniarum
800 802 974 832 effusiones

250 856 319 878 non
336 847 549 877 admiremur.
578 848 648 877 Fin.
665 848 685 876 i.
703 848 733 876 ΞΖ.
750 846 811 876 hoc
827 847 973 886 primum

251 896 303 920 est
316 891 348 920 in
363 901 427 929 quo
438 891 594 921 admirer.
612 890 704 930 (ΗΝ.
716 890 758 920 D.
771 890 805 919 ii.
816 893 869 921 43.
886 890 975 920 Mur.

255 937 305 969 19.
329 934 409 972 quid
425 935 570 965 admirer
585 934 624 964 (le
642 933 871 964 multitudine.

295 978 483 1008 Ad111isceri.
514 978 556 1009 N.
581 978 623 1008 D.
649 978 682 1007 ii.
710 980 756 1007 10.
788 981 844 1007 aer
866 976 974 1007 inulto

247 1021 360 1052 'calore
375 1022 535 1051 admistas
549 1027 609 1051 est.
627 1020 701 1050 add.
719 1020 897 1050 admixtus.

295 1065 518 1095 Admissarius
547 1064 654 1095 intell.
684 1073 798 1103 equus.
830 1064 892 1094 Pis.
920 1065 972 1095 ⁶28.

253 1108 328 1138 Piso
351 1109 561 1138 admissarius
578 1108 700 1138 dieitur
715 1113 850 1147 propter
864 1107 973 1138 libidi-

253 1161 322 1182 nes.
339 1162 369 1182 ν.
382 1152 524 1182 Budaeus
542 1152 582 1181 ad
600 1151 701 1181 Pantl.
719 1161 750 1190 p.
768 1161 811 1181 m.
828 1154 901 1185 2³93.

295 1195 490 1225 Admissam.
513 1196 616 1225 subst.
629 1198 817 1235 peceatum,
831 1194 972 1225 facinus.

251 1237 368 1269 Partit.
385 1239 442 1268 Or.
458 1242 509 1269 35.

294 1282 478 1312 Admittas.
507 1281 607 1312 Tusc.
631 1282 652 1312 i.
673 1284 725 1316 ⁶29.
755 1280 840 1312 nihil
863 1285 914 1311 est
937 1281 971 1311 in

250 1325 370 1355 animis
393 1326 590 1356 admittam.
615 1326 795 1366 opponitur
817 1325 972 1365 simplici.

248 1377 280 1398 v·
296 1369 329 1398 in
347 1369 503 1408 Simplex.

293 1413 487 1443 Admodum.
517 1412 626 1453 plane.
651 1413 747 1444 Brut.
774 1416 825 1444 55.
861 1412 973 1442 litera-

250 1464 326 1486 rum
348 1457 523 1486 admodum
548 1457 594 1486 nil
618 1457 752 1487 sciebat.
782 1457 801 1475 ³*
820 1457 900 1495 Leg.
925 1456 972 1486 iii.

255 1502 302 1529 ll.
323 1500 384 1529 seis
401 1500 514 1537 frater,
529 1500 632 1530 solere
649 1501 682 1530 iu
700 1499 889 1539 hujusmodi
906 1509 972 1529 ser-

249 1551 361 1580 mone,
380 1550 416 1572 ut
431 1544 570 1573 transire
588 1543 652 1574 alio
669 1545 783 1583 possit,
798 1543 972 1580 admodum

247 1585 324 1615 dici.
349 1587 484 1616 verbum
508 1588 729 1617 assentientis.
776 1588 863 1618 Nam
879 1586 973 1616 addit

246 1629 411 1668 Quintus:
427 1630 502 1660 Non
512 1631 664 1669 equidem
678 1632 846 1661 assentiar.
861 1630 878 1648 ⁷*
888 1630 972 1661 Phil.

246 1681 278 1702 v.
305 1675 354 1706 17.
384 1673 524 1712 majores
548 1675 666 1713 nostri,
689 1680 815 1705 veteres
841 1674 888 1704 illi
912 1675 970 1704 ad-

249 1716 379 1746 modum
395 1718 534 1756 antiqui.

290 1760 456 1791 Admoeeo.
487 1761 582 1791 Brut.
601 1764 653 1793 54.
682 1761 851 1792 admovere
869 1761 971 1791 orati-

247 1812 347 1833 onem
370 1805 530 1834 sensibus.
547 1806 567 1835 i.
585 1815 613 1835 e.
627 1805 736 1835 facere
761 1810 798 1835 ut
814 1806 881 1835 vim
897 1815 971 1835 sen-

246 1847 335 1877 tiant
350 1847 528 1878 auditores.

289 1891 574 1922 Admurmuratio.
598 1892 631 1921 in
644 1892 804 1923 irrisione.
820 1892 912 1922 verr.
927 1892 970 1923 iv.

249 1934 300 1964 12.
323 1944 353 1964 ν.
376 1935 423 1964 16.
924 1968 926 1971 ,

289 1977 483 2008 Adolescens.
508 1977 547 2007 de
563 1978 699 2008 homine
721 1981 774 2009 40.
791 1988 969 2016 annorum,

247 2019 282 2050 in
294 2020 403 2050 Caecil.
416 2026 446 2055 9.
465 2021 512 2051 Μ.
526 2021 696 2052 Caecilium
707 2021 844 2052 fratrem
855 2026 968 2059 tuum,

245 2062 464 2094 lectissimum
483 2071 581 2103 atque
598 2066 848 2095 ornatissimum
865 2066 970 2096 adole-

245 2112 392 2137 scentem.
406 2107 486 2137 Erat
497 2113 610 2138 autem
628 2117 750 2148 praetor
765 2109 969 2148 designatus.

246 2149 330 2179 Phil.
346 2151 378 2180 ii.
395 2151 448 2182 46.
479 2161 512 2180 se
535 2152 762 2182 adolescentem
785 2158 892 2189 vocat,
923 2152 971 2182 lo-

245 2202 350 2230 quens
380 2193 420 2223 de
451 2195 625 2225 consulatu
651 2206 721 2225 suo.
758 2195 856 2226 Catil.
887 2197 907 2225 i.
939 2199 969 2226 8.

244 2242 433 2267 senatorem
464 2238 614 2268 Sextium
646 2240 680 2270 in
710 2243 829 2270 senatu
864 2240 970 2270 adole-

242 2284 381 2310 scentem
396 2281 498 2312 dedit.

285 2323 458 2363 Adoptare.
488 2325 582 2356 Brut.
604 2329 652 2359 19.
683 2326 737 2364 qui
754 2325 844 2356 hunc
861 2326 969 2356 mino-

243 2375 314 2396 rem
332 2367 519 2407 Scipionem
536 2379 555 2399 a
571 2368 686 2399 Paullo
707 2369 881 2409 adoptavit.

284 2410 477 2450 Adoptatus.
501 2412 542 2442 ad
558 2413 634 2443 Div.
652 2413 716 2443 xvi.
729 2415 781 2443 2’1.
806 2413 968 2443 adventus

242 2454 515 2493 adoptatissimus.
558 2456 611 2486 Sic
628 2456 724 2486 edere
741 2457 841 2496 coepit
856 2456 970 2487 Victo-

242 2497 309 2528 rius
325 2509 334 2535 3
360 2498 415 2528 sed
433 2499 497 2529 vid.
516 2504 631 2529 notam
649 2505 796 2530 nostram
815 2500 856 2529 ad
873 2500 906 2530 h.
923 2500 944 2530 l.

285 2541 496 2580 Adpromitto.
517 2543 612 2573 Rosc.
625 2543 663 2573 A.
676 2548 706 2577 9.
727 2553 802 2573 cum
816 2544 864 2573 ita
875 2543 968 2573 futu-

239 2592 317 2613 rum
333 2583 372 2615 T.
389 2585 527 2616 Roscius
543 2587 795 2627 adpromitteret.
810 2587 831 2617 i.
848 2598 876 2617 e.
893 2597 967 2626 pro-

242 2627 393 2658 mitteret
404 2629 551 2670 insuper,
561 2640 634 2669 quae
649 2630 881 2670 Chrysogonus
892 2640 967 2670 pro-

241 2670 407 2708 mitteret,
431 2671 569 2711 futura3
595 2674 683 2704 unde
707 2684 760 2714 ap.
783 2674 886 2704 ‹JCtos
910 2673 967 2704 ad-

239 2715 467 2754 promissores,
491 2716 531 2746 ‹le
561 2718 679 2755 quibus
704 2728 734 2747 v.
761 2717 900 2748 Salmas.
927 2717 966 2747 de

239 2757 328 2787 mod.
346 2768 437 2789 usur.
455 2769 486 2799 p.
503 2763 576 2794 709.

279 2801 417 2841 Adrepo.
453 2802 545 2833 verr.
579 2804 624 2834 iii.
652 2804 705 2835 63.
742 2804 896 2844 adrepe1·e
925 2804 967 2835 ad

238 2844 434 2892 amicitiam.
464 2846 640 2885 paullatim
671 2857 705 2879 se
731 2848 902 2880 insinuare
931 2849 965 2879 in

238 2888 433 2922 amicitiam.
449 2890 509 2923 ἃς.

1674 90 1754 129 181

1066 192 1256 222 Adscensus.
1287 189 1468 222 Planc.25.
1499 187 1614 220 multis
1642 190 1751 221 estin

1023 235 1148 265 virtute
1165 236 1345 265 adscensus.

1065 279 1219 309 Adscisco.
1234 279 1334 310 Dom.
1347 279 1399 309 36.
1415 277 1589 308 adsciscere
1600 275 1749 314 laudem,

1022 322 1233 362 sapientiam.

1065 365 1225 395 Adscribe.
1257 364 1296 394 de
1319 363 1400 402 Leg.
1426 363 1446 393 i.
1469 363 1498 393 6.
1528 372 1581 392 me
1613 372 1746 402 quoque

1019 409 1163 438 adscribe
1184 409 1295 438 fratris
1318 407 1504 437 sententiae.
1529 406 1640 436 Rabir.
1662 406 1697 436 P.
1718 409 1746 438 1.

1020 453 1185 482 adscribat
1200 451 1241 481 ad
1256 461 1355 481 suum
1370 450 1531 489 judicium
1549 459 1658 480 meam
1671 460 1746 479 sen-

1018 496 1173 525 tentiam.
1205 495 1290 525 Phil.
1320 495 1353 524 ii.
1378 496 1429 524 32⁷.
1461 494 1642 523 adscribere
1670 503 1746 533 per-

1020 539 1107 569 fidiae
1125 538 1264 576 alicujus
1280 548 1373 568 suam
1392 536 1614 567 voluntatmu.

1062 583 1253 622 Adseristtio.
1285 581 1406 611 Caecin.
1431 583 1482 610 323.
1511 580 1679 618 significat
1695 579 1743 618 id,

1018 625 1105 665 quod
1120 625 1323 665 adscriptum
1341 629 1404 661 cst,
1420 629 1457 653 ut
1473 623 1635 662 exceptio.

1060 670 1301 708 Adscripticias.
1332 668 1375 698 N.
1399 667 1442 698 D.
1467 667 1512 697 iii.
1531 670 1580 698 15.
1610 667 1686 696 novi
1709 670 1745 697 et

1017 713 1211 752 adscriptio&
1228 713 1325 742 cives.

1059 757 1257 796 Adscrtptor.
1279 756 1354 785 Seu.
1367 765 1398 794 p.
1411 754 1492 785 Red.
1506 756 1537 784 4.
1560 754 1743 792 adscriptor

1017 800 1051 830 in
1082 810 1134 829 me
1167 799 1382 829 restituendo.
1413 799 1434 828 i.
1464 808 1492 828 e.
1525 799 1581 836 qui
1613 797 1742 827 auctori

1016 843 1238 885 restitutionis
1262 852 1344 872 meze
1366 851 1517 871 assensus
1534 846 1594 871 est.
1612 840 1690 879 Agr.
1708 841 1742 870 ii.

1017 892 1048 921 9.
1072 887 1284 926 adscriptorcs
1300 885 1394 924 legis,
1411 890 1490 915 sunt
1507 884 1743 924 approbatores

1017 941 1033 960 e
1046 930 1186 969 collegio
1198 930 1385 965 tribunitio,
1399 929 1455 968 qui
1468 938 1535 958 una
1550 938 1626 958 cuin
1642 927 1742 958 Rullo

1013 974 1183 1004 serendam
1199 978 1399 1003 statuerant.

1056 1018 1229 1057 Adspergo.
1260 1017 1302 1046 ad
1325 1017 1400 1046 Div.
1419 1016 1461 1045 vi.
1479 1016 1508 1045 6.
1538 1014 1655 1045 leviter
1683 1015 1743 1045 ad-

1012 1072 1147 1101 spersas.
1174 1062 1193 1091 i.
1211 1071 1240 1090 e.
1257 1060 1463 1100 perstrictus.
1488 1059 1610 1089 Caecin.
1629 1059 1659 1088 6.
1683 1059 1743 1089 ad-

1012 1115 1162 1144 spergere
1185 1103 1349 1134 sextulam
1374 1103 1483 1132 alicui.
1509 1102 1529 1132 i.
1547 1112 1575 1131 e.
1591 1101 1681 1139 dare,
1700 1102 1742 1132 de

1013 1158 1047 1178 re
1064 1159 1174 1188 parva.
1199 1148 1240 1177 ad
1254 1148 1318 1187 Qu.
1336 1147 1386 1177 Fr.
1399 1147 1432 1176 ii.
1450 1150 1497 1177 10.
1521 1145 1662 1186 epistola
1677 1145 1741 1176 hoe

1013 1193 1171 1232 adspersit
1188 1191 1360 1221 molestiae.

1055 1236 1249 1275 Adspiraz'io.
1273 1235 1353 1265 Nat.
1373 1234 1413 1264 D.
1435 1233 1468 1263 ii.
1486 1235 1538 1263 33.
1561 1232 1742 1271 adspiratio

1013 1280 1114 1310 aeris:
1148 1279 1280 1309 emissio
1309 1278 1392 1308 aeris
1418 1287 1436 1306 e
1464 1275 1678 1316 pulmonibus
1705 1279 1742 1306 ct

1012 1333 1081 1360 ore,
1098 1328 1135 1353 ut
1152 1323 1241 1362 capit
1257 1323 1359 1352 etiam
1376 1321 1493 1350 Heius.
1510 1320 1550 1349 ad
1564 1320 1742 1358 Virg.AEn.

1014 1377 1045 1397 x.
1069 1370 1143 1401 291.
1173 1367 1224 1396 Sic
1241 1366 1383 1396 adflatus
1399 1365 1522 1394 dieitur
1544 1363 1640 1393 Ovid.
1660 1363 1742 1394 Her.

1018 1412 1066 1440 12.
1089 1413 1142 1440 44.
1166 1421 1195 1440 v.
1211 1414 1246 1440 et
1262 1410 1296 1439 in
1314 1409 1455 1448 adspirO.

1056 1454 1201 1494 Adspire.
1242 1453 1410 1493 pervenio,
1441 1450 1573 1481 accedo.
1602 1449 1740 1481 Tuscul.

1011 1507 1041 1528 v.
1069 1501 1099 1528 5.
1138 1499 1172 1527 in
1200 1497 1379 1536 equuleum
1406 1505 1472 1525 non
1498 1495 1648 1534 adspirat
1671 1495 1741 1524 vita.

1013 1542 1122 1571 beata.
1143 1540 1223 1571 Sull.
1241 1544 1288 1571 18.
1303 1541 1358 1579 qui
1371 1544 1446 1570 tum
1458 1538 1547 1568 dicat
1559 1539 1742 1578 adspirasse

1013 1585 1048 1614 in
1069 1595 1223 1624 campum
1241 1584 1379 1614 Sullam.
1404 1582 1446 1613 ef.
1464 1582 1527 1612 Pis.
1545 1585 1575 1612 5.
1602 1582 1620 1600 ²*
1634 1582 1676 1612 N.
1693 1581 1740 1611 D.

1012 1629 1045 1658 ii.
1071 1632 1122 1660 55.
1153 1628 1328 1668 pulmones
1351 1637 1385 1657 se
1409 1625 1615 1656 contrahunt
1630 1625 1740 1664 adspi-

1013 1677 1134 1702 rantes.
1150 1672 1170 1702 i.
1186 1682 1214 1701 e.
1233 1675 1309 1701 aera
1325 1671 1532 1700 emittentes,

1055 1716 1292 1755 Adstilmlator.
1317 1715 1426 1744 Pison.
1444 1718 1475 1747 9.
1504 1712 1559 1751 qui
1576 1712 1653 1749 isto,
1672 1720 1740 1741 non

1013 1759 1111 1789 modo
1142 1763 1387 1798 propugnatore
1416 1767 1450 1787 se
1479 1756 1654 1792 tutiorem,
1682 1754 1742 1785 sed

1012 1803 1170 1832 advocato
1199 1809 1257 1832 aut
1281 1802 1515 1840 adstipulatore
1536 1799 1741 1839 paratiorem

1012 1846 1082 1876 fore
1102 1851 1249 1886 putaret.
1274 1845 1316 1875 cf.
1331 1845 1448 1884 Quint.
1469 1847 1516 1873 18.
1548 1843 1609 1872 Est
1625 1848 1740 1871 autem

1012 1891 1240 1930 adstipulator,
1259 1889 1313 1928 qui
1339 1889 1373 1918 in
1394 1898 1428 1917 re
1452 1886 1608 1927 praesenti
1626 1890 1689 1922 est,
1706 1891 1743 1915 et

1011 1943 1080 1963 una
1106 1933 1193 1963 idem
1217 1943 1276 1972 pro
1299 1932 1414 1961 eodem
1441 1930 1636 1970 stipulatur,
1661 1938 1740 1958 cum

1012 1978 1085 2015 quis
1109 1977 1170 2006 sibi
1193 1976 1375 2016 stipulatur
1398 1974 1535 2013 aliquid,
1553 1983 1582 2002 v,
1600 1971 1739 2002 Salmas.

1013 2020 1103 2050 Mod.
1121 2021 1218 2050 Usur.
1236 2030 1268 2059 p.
1286 2023 1359 2053 709.
1379 2021 1453 2052 710.
1478 2018 1495 2035 ²*
1508 2016 1610 2047 Acad.
1626 2016 1667 2045 iv.
1684 2018 1739 2046 21.

1010 2064 1198 2094 Stoicorum
1221 2064 1435 2103 adstipulator
1454 2059 1651 2091 Antiochus.
1670 2068 1740 2089 me·

1010 2107 1194 2147 taphorice.

1054 2152 1212 2181 Adstiluo.
1245 2149 1326 2179 Her.
1344 2149 1391 2179 iii.
1406 2151 1458 2180 ⁶20.
1484 2147 1541 2177 ubi
1557 2146 1622 2176 vid.

1055 2195 1242 2233 Adstringo.
1278 2193 1350 2223 Att.
1382 2203 1412 2222 x.
1444 2192 1474 2221 6.
1513 2195 1608 2230 pater
1639 2189 1739 2219 nimis

1011 2237 1201 2277 indulgens,
1225 2235 1384 2276 quicquid
1406 2245 1468 2274 ego
1491 2234 1668 2270 adstrinxi,
1689 2243 1742 2263 re-

1011 2280 1113 2311 laxat.
1135 2281 1235 2311 Tusc.
1253 2281 1297 2310 iii.
1316 2281 1346 2310 6.
1376 2279 1519 2309 breviter
1533 2277 1742 2315 adstringere

1012 2329 1222 2363 argumenta.
1247 2324 1318 2354 Fat.
1337 2325 1384 2353 14.
1397 2323 1520 2352 arctius
1533 2321 1742 2358 adstringere

1012 2369 1189 2405 rationem,
1205 2367 1240 2397 h.
1263 2377 1292 2397 e.
1317 2367 1365 2396 ita
1387 2374 1584 2406 proponere,
1601 2370 1640 2393 ut
1663 2363 1739 2403 plus

1011 2411 1131 2442 valeat.
1159 2411 1298 2451 Quinct.
1315 2414 1344 2441 5.
1364 2410 1569 2447 adstringere
1592 2407 1740 2445 aliquem

1011 2456 1077 2485 suis
1102 2455 1362 2491 conditionibus,
1379 2454 1400 2483 i.
1419 2463 1447 2482 e.
1468 2452 1589 2487 facere,
1607 2455 1645 2480 ut
1661 2460 1742 2480 eon-

1011 2499 1154 2529 ditiones
1179 2498 1328 2537 accipere
1352 2500 1502 2535 cogatur.
1527 2494 1591 2524 Off.
1616 2494 1662 2523 iii.
1686 2495 1741 2524 32.

1009 2542 1099 2572 fraus
1119 2542 1297 2579 adstringit
1318 2540 1516 2580 perjurium,
1533 2547 1600 2567 non
1624 2536 1741 2566 dissol-

1011 2586 1071 2622 vit,
1082 2586 1102 2616 i.
1116 2596 1144 2615 e.
1159 2590 1273 2624 auget.
1295 2584 1407 2613 Plane.
1420 2586 1472 2613 30.
1485 2582 1584 2611 officii
1600 2580 1742 2610 servitu-

1009 2635 1079 2659 tem
1094 2630 1300 2667 adstringere
1315 2626 1508 2657 testimonio
1522 2624 1741 2664 sempiterno.

1009 2672 1091 2703 Sull.
1110 2676 1161 2706 99.
1185 2672 1349 2710 adstringi.
1364 2669 1499 2700 scelere.
1534 2668 1586 2697 Sic
1604 2672 1638 2697 et
1656 2666 1740 2697 Phil.

1010 2718 1051 2747 iv.
1064 2719 1095 2747 4.
1119 2716 1137 2734 ²¹*
1148 2716 1248 2746 Tusc.
1264 2715 1310 2745 iii.
1323 2715 1354 2745 6.
1372 2713 1517 2743 breviter
1532 2712 1740 2748 adstringere

1007 2765 1218 2800 argumenta.

996 2799 1004 2809 ⁸
1052 2804 1246 2834 Arta-erictus.
1270 2801 1366 2832 Brut.
1385 2803 1437 2832 31.
1460 2798 1645 2829 adstrictior
1667 2807 1741 2827 ora-

1007 2848 1056 2877 tio
1071 2847 1271 2877 Stoicorum.
1296 2846 1317 2875 i.
1334 2855 1362 2874 e.
1379 2843 1552 2875 concisior.
1577 2842 1635 2872 Or.
1649 2842 1671 2873 i.
1689 2841 1739 2874 16.

1009 2891 1157 2922 numeris
1172 2890 1356 2923 adstrictior
1369 2891 1470 2930 pocta.
1483 2889 1626 2918 oratore.

1046 2943 1067 2967 N
1085 2938 1103 2969 3
