1920 3196
687 88 833 117 INDEX
862 88 1158 116 LATINITATIS.

217 176 391 214 Inachium,
409 179 508 213 artes,
524 175 602 208 doli.
625 176 724 208 Dom.
744 180 793 207 11.
819 175 904 207 desi-

175 226 258 250 nant
273 220 387 250 iisdem
406 222 564 251 machinis
584 230 714 260 sperare
736 230 789 250 me
809 228 902 259 posse

177 263 381 293 labefactari.
407 264 448 293 cf.
473 264 551 294 Nat.
574 264 616 294 D.
634 264 679 294 iii.
695 265 747 298 29.
772 263 902 293 *Petit.

177 306 275 337 Cons.
292 308 321 336 Ξῖ.
346 307 488 336 amicam
501 307 540 337 de
553 308 712 337 machinis
723 307 816 337 emit.
835 305 905 335 Sal-

179 356 259 380 mas.
285 349 326 380 ad
348 349 449 380 Solin.
468 360 542 390 pag.
567 354 640 382 851.
666 350 907 390 interpretatur

177 392 216 422 de
230 398 370 431 catasta,
384 394 416 423 in
430 404 494 432 qua
511 392 628 423 inclusi
645 393 775 423 venales
788 393 907 432 prosti-

177 437 281 466 terint
304 437 401 473 servi,
417 437 504 475 quod
527 436 635 475 οἴκημα
651 436 808 476 κατάγειοι
830 435 907 466 Ρ111-

177 478 313 509 tarchus
335 480 438 516 dicat,
454 480 566 510 Livius
585 481 822 519 interpretetur
839 489 908 508 ma-

178 523 321 553 chinam.
362 524 414 553 Sic
442 524 543 553 etiam
570 524 710 553 Casaub.
739 523 779 552 ad
807 522 909 552 Persii

180 566 249 595 Sat.
276 566 318 595 vi.
346 577 377 607 p.
405 576 449 596 m.
477 569 549 598 514.
578 566 617 596 de
645 566 694 596 liis
720 565 908 596 Martialis:

181 619 262 648 quos
286 619 414 639 arcanae
438 614 570 640 servant
590 609 742 640 tabulata
765 613 910 638 catastae.

181 652 233 683 De
264 657 392 682 catasta
422 653 545 683 multos
578 652 690 682 laudat
721 652 910 683 Broukhus.

183 695 223 726 ad
239 695 364 727 Tibull.
381 696 414 725 ii.
432 699 462 726 6.

226 739 445 777 ΙΙΙαι-Ιιὶηιιίον,
464 740 615 769 inventor
630 739 676 770 rvi
694 738 800 768 malae.
817 738 912 769 Rosc.

183 781 222 813 Α.
239 786 291 813 45.

229 826 430 864 Machinari,
460 826 656 864 excogitare.
695 826 751 856 Or.
783 825 828 856 iii.
859 828 913 856 44.

186 871 364 900 machinati
399 874 477 900 sunt
508 870 548 900 ad
579 870 798 909 voluptatem.
833 869 913 899 Nat.

188 913 230 943 D.
262 914 295 943 ii.
328 917 379 943 51.
425 913 513 952 quod
545 913 776 953 perpetuitatis
814 922 916 942 causa

187 958 375 987 mac-limata
391 961 441 986 est
457 961 587 987 natura.

232 1000 442 1030 Mac-rocolon.
466 1000 536 1030 Att.
558 1000 626 1029 xiii.
649 1001 700 1031 ²25.
724 1000 788 1029 xvi.
811 1003 842 1030 3.
866 1003 917 1028 est

190 1045 384 1074 membrana
405 1044 534 1082 longior
549 1050 583 1073 et
599 1044 714 1082 major.
731 1043 794 1074 vid.
811 1053 828 1072 c
844 1042 914 1071 Sal-

190 1087 294 1117 masio
315 1087 355 1117 ad
371 1087 503 1127 Vopisci
527 1087 674 1116 firmum
697 1096 716 1116 a
731 1086 860 1116 Graevio
875 1085 916 1115 ad

191 1129 223 1160 h.
241 1130 262 1160 1.
279 1136 444 1170 excerpta.

234 1173 397 1210 Mat-tare,
413 1173 554 1213 placare.
577 1172 652 1203 vat.
676 1173 706 1203 6.
729 1173 813 1204 extis
836 1182 918 1212 pue·

193 1227 305 1247 rorum
344 1217 431 1247 Deos
470 1226 583 1246 manes
620 1221 767 1246 mactare
805 1216 921 1246 soleas.

193 1260 344 1291 *nocere
370 1270 436 1290 reo.
468 1260 573 1290 Flacc.
600 1261 651 1290 92.
683 1266 830 1291 mactare
861 1259 919 1289 ali-

199 1314 296 1343 quem
316 1304 458 1333 civitatis
477 1304 680 1333 testimonio.

237 1347 384 1385 Macula,
400 1347 550 1376 foramen
565 1347 599 1375 in
616 1347 689 1376 reti.
713 1346 805 1377 Verr.
821 1357 850 1376 ν.
871 1349 920 1376 11.

193 1391 370 1421 reticulum
400 1390 538 1420 minutis
567 1391 711 1420 maculis.
746 1390 798 1420 Sic
826 1390 919 1420 Varr.

192 1434 232 1465 R.
250 1435 288 1465 R.
304 1435 350 1464 iii.
372 1437 418 1464 ll.
443 1439 512 1464 rete
530 1433 709 1472 grandibus
728 1435 873 1464 maculis.

239 1476 438 1514 Mammas,
474 1477 623 1507 censoria
660 1482 740 1506 nota
776 1477 921 1513 infamis,

193 1522 302 1561 turpis
325 1522 423 1551 vitiis.
448 1519 516 1550 Att.
541 1521 560 1550 ἰ.
582 1521 630 1550 16.
653 1522 806 1551 maculosi
828 1530 923 1550 sena·

193 1569 294 1595 tores.

239 1608 361 1647 Magis.
374 1607 524 1638 additum
543 1616 681 1637 numero
698 1617 755 1647 pro
769 1606 922 1647 amplius.

196 1651 293 1682 Rosc.
309 1652 382 1682 Am.
407 1654 452 1681 14.

241 1695 415 1734 Alagma,
454 1695 610 1731 director,
649 1698 687 1724 ut
733 1693 829 1724 hodie
878 1694 926 1724 di-

198 1743 292 1769 cunt.
318 1739 408 1768 Verr.
427 1739 471 1768 iii.
490 1741 542 1772 71.
569 1739 726 1776 magister
741 1739 925 1778 scriptura‘.

199 1783 243 1813 ib.
283 1783 317 1812 ii.
351 1785 403 1815 74.
443 1783 599 1821 magister
636 1781 815 1811 societatis.
850 1781 927 1811 ibid.

199 1829 252 1860 70.
290 1836 350 1865 pro
385 1827 541 1864 magistro
579 1825 612 1853 in
650 1826 838 1864 scriptura:
879 1829 930 1855 est

199 1869 464 1899 Vice-Director.
511 1868 671 1898 Similiter
685 1868 844 1898 dicuntur
859 1878 929 1898 ma-

199 1914 297 1952 gistri
316 1913 553 1952 (auctionum),
571 1912 639 1950 qui,
657 1921 732 1941 cum
759 1912 844 1941 bona
868 1912 928 1942 ali-

200 1957 294 1994 cujus
319 1955 509 1986 venduntur
531 1956 697 1991 auctione,
716 1955 756 1984 ab
781 1956 831 1992 iis,
847 1966 925 1994 quo-

203 2010 278 2030 rum
310 2000 462 2035 interest,
493 1999 758 2035 constituuntur,
787 2004 825 2028 ut
856 1999 926 2037 ejus

203 2044 250 2073 rei
275 2052 387 2073 curam
412 2042 607 2081 suscipiant,
632 2051 711 2080 quos
741 2041 836 2072 hodie
863 2043 930 2072 Cu-

203 2091 328 2116 ratores
372 2086 533 2116 bonorum
579 2085 757 2125 appellant.
810 2086 928 2125 Quint.

207 2133 256 2161 15.
286 2130 357 2161 Att.
380 2129 402 2160 i.
429 2132 455 2158 1.
486 2129 528 2159 vi.
562 2132 588 2159 l.
624 2128 664 2158 ad
688 2129 764 2159 Div.
791 2129 847 2159 xii.
875 2132 929 2160 30.

204 2175 392 2212 *magister
417 2174 580 2211 equitum.
618 2173 688 2202 Att.
715 2171 758 2202 ix.
790 2175 839 2203 15.
878 2176 930 2202 est

205 2217 296 2255 quasi
324 2216 450 2254 colleg-a
480 2216 661 2252 dictatoris,
689 2216 744 2254 qui
773 2226 851 2246 eum
881 2215 931 2245 fa-

205 2261 262 2290 cit.
306 2259 439 2291 Nomen
468 2258 546 2289 hinc
570 2260 686 2296 traxit,
706 2258 794 2297 quod
816 2260 850 2289 in
874 2269 930 2288 ex-

203 2304 311 2334 ercitu
344 2303 508 2342 equitatui
538 2307 667 2342 praeest.
713 2302 786 2342 lpse
816 2307 930 2333 autem

205 2347 348 2378 dictator
373 2346 532 2386 magister
557 2345 670 2387 populi
693 2346 826 2383 dicitur,
851 2345 932 2386 Leg.

205 2390 251 2421 iii.
267 2393 299 2421 4.

248 2433 494 2473 Magisterlum,
525 2433 559 2462 in
591 2432 740 2462 convivio
769 2436 821 2462 est
850 2432 934 2471 ejus,

207 2477 263 2516 qui
282 2476 539 2516 modimperator
554 2476 688 2514 dicitur,
702 2485 842 2514 regnum
855 2476 934 2512 vini,

207 2526 247 2550 ut
267 2519 426 2550 Horatius
451 2520 508 2550 ait.
533 2520 615 2549 Cato
635 2522 683 2550 14.
711 2529 763 2549 me
779 2524 813 2548 et
829 2521 935 2556 mogi-

207 2565 307 2594 steria
323 2563 504 2599 delectant,
522 2572 542 2592 a
565 2563 746 2602 majoribus
769 2562 936 2593 instituta.

208 2607 327 2637 *Ρι-ον.
353 2607 451 2636 Cons.
473 2609 522 2641 19.
549 2615 680 2636 morum
693 2607 941 2645 magisterium,

209 2654 260 2681 est
282 2649 449 2679 Censura:
476 2659 552 2679 nam
577 2652 612 2679 et
634 2649 759 2679 Censor
782 2653 939 2688 magister

212 2703 342 2723 morum
359 2693 491 2723 dieitur.
505 2703 536 2723 v.
549 2692 692 2723 Gronov,
708 2692 749 2723 ad
764 2692 836 2723 Liv.
854 2693 939 2723 xxiv.

212 2739 265 2768 25.

253 2780 474 2819 Magistratus
500 2779 564 2809 dici
592 2782 625 2808 et
653 2779 737 2819 ipsos
765 2779 938 2817 Consules,

213 2824 387 2861 PraetoreS,
404 2822 526 2854 AEdiles
545 2823 602 2851 &C·
621 2826 654 2851 et
674 2832 788 2852 eorum
805 2832 940 2860 munus,

213 2871 330 2898 notum
354 2872 415 2898 est.
437 2876 543 2897 unum
569 2865 680 2896 locum
704 2865 940 2904 adscribemus,

1600 78 1682 116 349

946 176 980 206 in
996 186 1061 214 quo
1077 180 1130 206 est
1144 175 1207 206 hoc
1223 174 1372 204 verbum.
1399 176 1492 207 Verr.
1511 177 1531 208 i.
1551 179 1601 208 12.
1624 188 1679 208 ac-

946 219 1062 249 cedere
1094 219 1135 249 ad
1166 220 1408 258 magistratus:
1441 221 1529 260 quod
1559 221 1676 251 eodem

947 262 1044 292 modo
1073 261 1205 299 dicitur,
1234 266 1273 291 ut
1298 262 1453 293 accedere
1481 265 1521 295 ad
1543 275 1677 304 rempu-

946 305 1081 335 blicam.
1111 306 1129 323 *
1141 305 1254 335 Livius
1272 305 1420 345 pluribus
1438 307 1517 339 locis
1536 308 1678 338 Procon-

947 348 1034 378 sules
1061 358 1098 378 ac
1125 349 1346 389 Propraetores
1375 359 1441 380 non
1467 355 1622 382 numerat
1643 353 1679 381 in

949 393 1206 430 magistratibus.
1232 391 1295 421 vid.
1318 402 1346 421 ν.
1370 404 1398 423 c.
1423 395 1534 425 xxviii.
1558 397 1610 426 38.
1643 400 1678 425 et

951 436 993 464 ibi
1017 436 1128 473 Sigon.
1151 445 1188 464 ac
1205 434 1338 472 Valcs.;
1364 442 1399 466 at
1419 437 1535 467 Cicero
1560 447 1677 468 nume-

950 483 1013 515 rat,
1030 477 1122 508 Verr.
1139 479 1184 508 iii.
1202 482 1254 513 79.
1278 478 1333 507 ubi
1352 490 1459 509 serino
1478 486 1528 510 est
1544 481 1583 511 de
1600 483 1681 511 scri-

952 522 992 551 ba
1008 521 1213 561 provinciali,
1227 527 1260 551 et
1276 523 1390 552 scribae
1408 524 1567 555 dicuntur
1581 525 1682 555 habe·

952 575 985 595 re
1002 565 1150 604 pericula
1166 565 1435 604 magistralmmz.

995 608 1185 648 Alagnfice‚
1199 618 1321 647 magno
1333 611 1454 640 animo.
1478 612 1572 642 Offic.
1590 613 1610 642 i.
1627 613 1680 643 96.

954 651 1126 691 magnifice
1147 653 1266 681 vivere.
1289 653 1329 682 ad
1349 654 1424 683 Div.
1442 655 1482 684 iv.
1499 658 1529 689 7.
1552 657 1683 695 magni-

940 696 1153 735 ficentissime
1170 695 1389 726 Consulatum
1407 707 1531 736 gerere.
1556 699 1626 729 Pin.
1640 701 1683 731 iv.

953 741 984 769 9.
1009 748 1062 768 eas
1079 739 1219 768 virtutes
1236 748 1293 768 nos
1310 741 1569 780 magnificentius
1584 753 1685 783 appe-

954 790 1024 812 tere
1037 787 1071 811 et
1086 783 1269 812 ardentius.
1291 783 1511 814 *honorifica
1537 786 1634 817 Catil.
1648 787 1684 818 ii.

960 828 985 855 1.
1010 825 1182 865 magnifiee
1198 826 1349 856 vicinius.

998 868 1212 908 stlctgrzficu8‚
1228 869 1440 901 honorificus.
1464 871 1540 902 Sen.
1558 883 1589 913 p.
1601 873 1641 903 R.
1658 877 1684 904 l.

956 913 1314 951 magnfficetztissz'mum
1330 913 1512 945 decretum.

999 956 1265 995 lllagng'ficentia,
1282 966 1421 995 magnus
1439 960 1581 989 animuS.
1613 959 1684 991 Inv.

958 1000 978 1030 i.
997 1000 1048 1030 56.
1072 999 1136 1029 Off.
1154 1000 1174 1028 i.
1191 1001 1243 1030 21.
1269 999 1338 1030 111ν.
1359 1001 1391 1030 ii.
1410 1004 1460 1032 54.
1485 1002 1563 1041 quid
1579 1004 1647 1033 sit?

1000 1043 1281 1083 lllagnz'loquentia
1299 1043 1448 1075 Homeri.
1472 1045 1512 1075 ad
1529 1046 1603 1077 Div.
1621 1047 1690 1078 xiii.

962 1090 1009 1117 15.

1003 1129 1161 1169 Magnus.
1188 1130 1230 1160 ad
1253 1130 1329 1161 Div.
1353 1131 1421 1162 xiii.
1447 1133 1499 1163 526.
1529 1143 1689 1172 magnum

961 1184 1031 1204 esse
1048 1174 1136 1212 apud
1151 1179 1183 1203 te
1200 1175 1344 1213 speravit
1361 1185 1450 1205 meas
1466 1176 1589 1207 literas.
1635 1178 1690 1207 Sic

961 1228 978 1245 e
1003 1217 1096 1247 MSS.
1121 1217 1227 1246 edidit
1250 1217 1428 1256 Victorius,
1445 1219 1560 1250 deletis
1583 1221 1691 1251 verbis

963 1261 1090 1300 pondus
1108 1260 1298 1291 habituras:
1325 1271 1397 1300 quae
1422 1261 1499 1292 alibi
1523 1263 1615 1293 addit
1637 1264 1692 1294 Ci-

963 1313 1058 1333 cero:
1086 1308 1249 1343 putatque
1272 1303 1360 1334 hunc
1385 1306 1519 1336 modum
1536 1307 1691 1346 loquendi

964 1357 1033 1377 esse
1056 1346 1295 1386 elegantiorem
1314 1360 1320 1377 :
1347 1358 1445 1387 quem
1463 1349 1498 1379 P.
1518 1349 1693 1381 Manutius

964 1400 1030 1420 non
1047 1391 1126 1420 satis
1143 1391 1379 1429 concoquebat.
1418 1392 1488 1422 Nec
1504 1393 1691 1424 victorium

964 1435 1114 1464 imitatus
1131 1438 1180 1464 est
1196 1434 1418 1473 Camerarius,
1431 1441 1490 1466 aut
1505 1437 1692 1477 Stephanus

965 1477 1023 1507 8111.
1062 1477 1122 1507 Est
1145 1481 1255 1507 autem
1279 1487 1386 1517 graeca
1401 1479 1508 1510 forma
1523 1480 1693 1520 loquendi,

964 1520 1286 1560 intelligendumque
1304 1524 1486 1560 negotium.

1007 1562 1156 1605 lllajctlz's,
1181 1562 1244 1594 Pis.
1271 1569 1302 1599 9.
1333 1569 1383 1594 est
1405 1576 1522 1606 porcus
1546 1567 1693 1607 pinguis,

965 1609 1022 1647 qui
1040 1608 1137 1646 Majae
1153 1612 1329 1638 mactatur.

1010 1650 1179 1692 lllajesttzs,
1196 1656 1246 1682 est
1262 1652 1388 1692 populi,
1404 1662 1501 1692 quam
1520 1653 1574 1692 qui
1592 1653 1695 1692 laedit,

967 1693 1146 1733 majestatis
1168 1705 1242 1725 reus
1266 1700 1325 1725 est.
1359 1696 1399 1726 (le
1423 1706 1488 1735 quo
1510 1697 1648 1727 crimine
1664 1708 1695 1729 v.

969 1739 1086 1769 Partit.
1103 1742 1154 1769 30.
1190 1739 1283 1769 Orat.
1301 1740 1334 1769 ii.
1354 1742 1404 1770 25.
1422 1743 1473 1774 39.
1510 1740 1602 1770 Verr.
1625 1741 1646 1771 1.
1665 1745 1695 1772 5.

970 1781 1335 1823 majestatc'sjudicium.
1351 1783 1408 1813 sed
1423 1784 1583 1814 tribuitur
1594 1785 1696 1815 etiam.

971 1825 1118 1855 Consuli.
1151 1825 1234 1857 Phil.
1259 1827 1327 1856 xiii.
1351 1831 1381 1860 9.
1412 1827 1516 1858 *Mih
1541 1831 1592 1858 30.
1624 1838 1697 1867 pro,

969 1869 1032 1899 nisi
1056 1869 1111 1908 qui
1136 1869 1261 1899 nullam
1286 1871 1350 1899 vim
1376 1870 1480 1907 ducit,
1505 1880 1696 1910 numenque

971 1913 1132 1949 divinum,
1146 1913 1293 1942 Graevius
1310 1913 1404 1952 legit,
1419 1913 1479 1943 nisi
1499 1915 1553 1953 qui
1567 1914 1696 1945 nullam

968 1954 1171 1996 majestatem
1195 1956 1299 1986 ducit.
1323 1966 1355 1986 n.
1379 1957 1412 1986 d.
1433 1961 1471 1987 ut
1488 1955 1639 1998 majestas
1654 1959 1699 1990 sit

970 1999 1152 2038 divinita53
1192 2010 1291 2038 quam
1332 2001 1421 2030 verbi
1452 2002 1518 2030 vim
1549 2001 1699 2042 pluribus

970 2042 1130 2082 exemplis
1155 2043 1344 2073 confirmat.
1368 2044 1420 2074 Gl.
1444 2044 1571 2075 Philox.
1596 2043 1700 2086 maje-

968 2091 1054 2116 stas:
1079 2086 1205 2119 Saia-m.
1250 2086 1303 2116 Sic
1327 2094 1378 2117 est
1399 2097 1450 2127 ap.
1467 2087 1602 2119 Sueton.
1618 2087 1700 2120 Ner.

972 2133 999 2159 1.
1031 2130 1073 2159 οἳ.
1106 2129 1146 2159 de
1178 2130 1239 2159 hac
1270 2139 1347 2159 voce
1379 2130 1700 2170 disputatiunculam

969 2172 1121 2203 Salmasii
1151 2173 1193 2204 ad
1222 2172 1379 2203 Trebellii
1403 2173 1570 2205 Gallienus
1594 2185 1622 2206 c.
1650 2178 1699 2208 14.

971 2216 1149 2256 *dignitas
1173 2226 1298 2256 magna
1320 2217 1360 2247 ad
1384 2217 1459 2248 Div.
1483 2228 1533 2248 xv.
1559 2221 1589 2249 5.
1617 2224 1702 2252 extr.

972 2260 1026 2289 ubi
1055 2270 1163 2290 sermo
1189 2265 1241 2290 est
1263 2259 1303 2290 de
1329 2260 1456 2292 honore
1483 2270 1549 2292 non
1574 2263 1702 2295 meritis

971 2304 1108 2333 tribum.

1015 2346 1119 2384 ΛῙαῖε,
1143 2347 1178 2377 111
1201 2347 1341 2377 emendo
1364 2351 1427 2385 est,
1451 2347 1549 2378 nimis
1581 2358 1704 2388 magno

973 2391 1090 2430 pretio.
1108 2390 1149 2420 ad
1161 2390 1201 2429 Q,-
1217 2390 1265 2420 Fr.
1282 2391 1303 2420 i.
1323 2394 1350 2421 l.
1364 2402 1393 2421 c.
1410 2394 1458 2421 11.
1475 2391 1607 2431 publica
1618 2394 1706 2428 male

975 2433 1147 2464 redimere.
1160 2435 1194 2463 in
1210 2434 1395 2471 vendendo,
1412 2435 1510 2465 nimis
1526 2435 1594 2466 vili.
1611 2435 1708 2468 Verr.

975 2477 1021 2507 iii.
1038 2480 1091 2510 93.
1116 2479 1201 2507 male
1216 2477 1366 2508 vendere.
1389 2478 1408 2496 *²
1420 2488 1530 2518 parce,
1546 2480 1706 2512 tenuiter.

977 2520 1054 2550 ibid.
1078 2522 1164 2550 male
1191 2522 1339 2561 percepti
1366 2522 1506 2553 fructus.
1539 2522 1608 2553 *in
1635 2523 1706 2554 foro

977 2564 1074 2593 variis
1092 2564 1126 2593 in
1142 2563 1293 2594 formulis
1311 2568 1370 2595 est.
1401 2565 1523 2596 Caecin.
1541 2567 1594 2597 ⁶28.
1623 2568 1709 2603 male

978 2607 1086 2637 facere
1102 2607 1327 2646 sponsionem,
1345 2612 1396 2639 est
1411 2619 1512 2639 causa
1526 2609 1656 2647 cadere,
1671 2610 1707 2640 in

980 2660 1045 2689 qua
1056 2650 1267 2690 sponsionem
1281 2651 1399 2681 fecisti.
1416 2652 1534 2692 Quint.
1549 2655 1598 2684 14.
1622 2654 1710 2686 mate

980 2703 1091 2733 agere,
1118 2697 1169 2723 est
1198 2695 1365 2725 actionem
1396 2695 1494 2726 alicui
1522 2696 1709 2737 intendere,

979 2747 1079 2775 quam
1103 2737 1253 2767 obtinere
1277 2747 1343 2768 non
1366 2739 1482 2778 possis,
1504 2744 1543 2769 ut
1565 2739 1710 2771 formula

982 2780 1092 2816 cadas,
1118 2781 1398 2819 quemadmodum
1429 2781 1562 2814 dicitur.
1594 2793 1624 2814 v.
1655 2782 1712 2813 ln-

980 2828 1066 2863 terp.
1084 2823 1125 2853 ad
1140 2823 1171 2854 h.
1188 2823 1210 2853 1.
1228 2825 1286 2856 sed
1300 2835 1328 2856 c.
1346 2826 1392 2856 16.
1407 2827 1459 2859 27.
1483 2830 1533 2858 est
1544 2826 1711 2865 fraudare,

983 2867 1134 2908 decipere
1150 2867 1245 2898 velle.
1693 2865 1707 2874 ⁸
