1985 3206
255 89 336 129 192
775 89 922 122 mnssx
951 93 1247 122 LATiNrrA‘ris.

251 185 369 216 tas-cho
387 185 427 216 ad
452 182 485 215 h.
497 183 518 214 l.
537 183 744 214 demonstrat
762 182 850 212 Petr.
867 182 980 213 Faber.

253 229 329 259 add.
348 229 432 259 Plin.
450 229 556 258 xxxiv.
579 230 625 257 14.
643 232 677 256 et
694 227 737 255 ibi
755 226 981 263 Harduinum,

243 272 337 302 -adde
369 278 403 303 et
432 272 576 301 duritiei.
603 269 737 299 Homer.
761 269 823 299 Od.
853 273 880 299 l.
909 273 982 303 393.

255 315 346 346 Hinc
365 316 493 355 explico
510 315 619 344 locum
637 312 753 351 Virgil.
769 313 912 342 AEn.xii.
929 316 981 345 91.

252 359 271 378 '⁶
287 360 391 399 Aqme
420 360 508 388 inter
547 357 728 396 voluptatis
768 356 982 394 mollitiaeque

255 412 378 442 genera
395 407 715 436 conmiemorzintur,
740 410 769 428 v.
787 410 815 428 c.
832 399 913 429 Coel.
929 402 982 429 20.

255 452 290 477 et
304 446 542 485 intelliguntur
557 445 656 475 Baia».
691 444 708 461 ³*
719 442 758 472 de
774 452 808 472 re
823 443 983 473 Vcnerea.

258 489 338 520 Coel.
361 492 408 519 14.
425 489 464 518 de
484 488 616 518 Clodia:
650 496 754 526 egone
778 496 899 526 aquam
927 486 983 515 ad·

256 532 349 570 duxi,
366 537 405 562 ut
421 542 461 561 ea
477 536 515 561 tu
541 532 666 561 inceste
689 531 846 560 uterere?
874 529 943 559 Att.
963 529 984 559 i.

259 577 310 606 16.
327 576 366 605 de
389 576 523 605 eadem:
549 575 726 614 Arpinates
744 583 847 613 aquas
863 583 984 602 concu-

256 620 350 660 pivit.
362 629 460 657 quem
474 618 583 648 locum
595 623 709 647 tamen
721 617 760 646 de
773 617 896 656 proedio
909 616 984 645 Bai-

257 672 320 693 ano
344 662 443 692 Marii
467 672 486 691 a
509 661 556 691 M.
579 662 695 691 Crasso
719 661 868 699 appetito
893 660 984 695 inge-

257 707 347 736 niose
358 704 716 746 explicatTunstallus.
730 704 833 743 Epist.
847 703 886 732 ad
898 702 984 732 Mid-

257 750 430 780 dletonum
458 759 488 788 p.
507 750 557 779 32.
590 748 630 777 cf.
649 747 738 786 Lips.
758 747 850 777 Lect.
867 747 945 776 Ant.
963 747 984 776 i.

262 795 312 824 12.
363 793 465 822 *Fur
489 792 522 822 ii.
550 794 601 822 22.
630 791 852 820 fundamenta
876 800 983 819 causae

256 842 431 875 tamquam
454 836 489 865 in
505 845 592 875 aqua
620 835 742 874 ponitis
761 845 769 871 3
804 834 843 862 de
867 833 985 863 funda-

257 881 381 910 mentis
400 879 533 909 lubricis
559 884 593 908 et
616 878 768 908 infirmis.
814 878 904 917 *Qm
934 877 984 907 Fr.

256 924 291 954 ii.
309 928 338 955 8.
357 924 389 953 in
406 923 466 953 hac
479 932 578 952 eausa
593 921 675 951 mihi
687 931 775 960 aqna
792 921 906 950 haeret.
924 930 985 950 un-

258 968 299 997 de
316 967 419 997 ducta
434 967 477 996 sit
501 966 571 996 haec
589 965 743 1004 loquendi
760 965 857 999 ratio,
875 974 903 993 v.
932 974 984 1003 ap.

258 1011 395 1041 Salmas.
420 1011 454 1039 in
471 1009 572 1039 Solin.
589 1019 620 1048 p.
637 1012 711 1042 717.
735 1008 753 1025 ²*
765 1017 852 1047 aqua
879 1014 913 1037 et
938 1008 985 1045 ig-

258 1055 292 1085 ni
309 1054 517 1084 interdicere.
541 1053 562 1083 i.
578 1062 607 1082 e.
634 1053 668 1082 in
691 1051 828 1081 exilium
855 1052 985 1090 ejicere.

260 1098 303 1129 ad
319 1098 394 1128 Div.
411 1098 454 1127 xi.
477 1101 502 1127 1.
910 1106 912 1108 >

301 1141 479 1180 Aquarius,
498 1140 552 1179 qui
570 1149 672 1179 aquas
694 1138 842 1178 publicas
870 1138 903 1167 in
930 1148 985 1168 ur-

256 1185 334 1215 bem
351 1184 498 1220 deducit,
515 1189 648 1212 curator
672 1183 923 1221 (tqzcceduelwaem
951 1185 986 1211 et

258 1238 426 1268 aquarum
470 1227 691 1267 publicarum.
728 1225 807 1255 Coel.
847 1226 914 1255 viii.
954 1226 984 1255 6.

259 1273 301 1302 ad
317 1282 414 1310 quem
432 1270 542 1301 locum
569 1281 596 1299 v.
616 1270 748 1299 Manut.
778 1268 921 1299 Polenus
945 1269 986 1298 ad

260 1315 457 1345 Frontinum
482 1314 521 1344 dc
552 1314 732 1353 aqnoed'zwe.
756 1323 787 1352 p.
808 1314 861 1343 42.
890 1318 988 1352 putat

259 1369 330 1389 esse
346 1368 453 1388 servos
469 1367 597 1394 onmes,
619 1357 660 1386 ad
690 1366 771 1396 quos
796 1356 987 1396 pertinebat

259 1402 385 1442 aliquid
400 1411 496 1441 agere
510 1402 544 1431 in
559 1411 724 1441 aquarum
736 1400 905 1429 ductibus.
928 1399 987 1429 Ni-

260 1447 287 1476 si
304 1456 380 1475 vero
396 1446 507 1475 obstat
522 1445 610 1485 apud
635 1444 832 1474 Frontinum
849 1443 987 1472 verbum

260 1489 462 1528 adjudicare.
480 1488 542 1519 Sed
557 1488 590 1518 id
601 1488 724 1517 ironice
734 1488 824 1526 capit
835 1486 988 1516 Polenus.

259 1534 280 1551 ᾗ
294 1534 406 1563 vatin.
425 1536 453 1563 5.
471 1532 640 1572 provincia
656 1533 810 1570 aquaria,
827 1534 877 1560 est
899 1531 989 1560 Osti-

262 1577 363 1614 ensis,
380 1586 454 1615 quae
470 1586 546 1605 cum
564 1576 738 1614 obtigisset
752 1574 907 1613 quaestori
925 1574 989 1604 Va—

261 1621 361 1657 tinio,
379 1624 555 1660 propterea
578 1619 826 1648 acclamabatur
844 1628 863 1647 a
886 1628 989 1657 popu-

262 1663 308 1701 lo,
325 1663 414 1702 quod
434 1663 625 1693 libidinibus
642 1666 713 1692 erat
736 1661 881 1697 infamis,
898 1670 990 1701 aquoe

263 1712 377 1738 autem
395 1707 429 1737 in
444 1707 571 1737 Venere
599 1716 690 1743 usus,
707 1710 740 1734 et
760 1715 881 1744 aquam
899 1715 991 1744 gere-

264 1761 299 1781 re
316 1755 403 1780 esset
420 1751 564 1780 ministri
584 1750 757 1786 lenonum,
774 1753 812 1778 ut
829 1749 876 1778 ait
892 1749 991 1778 Lam-

263 1794 392 1834 pridius
419 1795 454 1824 in
482 1793 677 1829 Commodo,
695 1803 723 1823 c.
741 1794 771 1822 ⁶2.
802 1792 990 1830 cujusmodi

264 1837 366 1868 homo
382 1839 570 1877 aquariolus
592 1837 726 1867 dicitur.
753 1835 818 1866 vid.
848 1835 989 1866 Casaub.

264 1882 306 1912 ad
322 1881 492 1921 Lamprid.
510 1880 531 1910 1.
549 1891 577 1911 e.
593 1885 627 1910 et
645 1880 733 1920 Lips.

308 1926 510 1965 Aquilentus.
538 1924 708 1954 humidus.
733 1923 775 1953 N.
806 1923 849 1953 D.
882 1923 915 1952 ii.
943 1925 992 1956 19.

263 1970 432 2009 aquilenta
458 1969 547 2007 regio
563 1972 598 1998 et
614 1966 778 1997 australis.

308 2013 450 2053 Aquula.
477 2013 534 2042 Or.
567 2012 601 2041 ii.
642 2014 693 2045 39.
724 2009 853 2040 seclusa
883 2008 994 2048 aliqua

264 2058 403 2096 aquula,
415 2056 539 2086 dicitur
555 2065 619 2093 ars,
633 2065 652 2085 a
667 2059 855 2084 ceterarum
868 2054 993 2083 artium

265 2100 344 2130 orbe
362 2099 499 2129 divulsa.

309 2144 392 2174 Ara.
405 2143 610 2182 perfugium,
629 2141 768 2182 asylum.
784 2140 865 2171 Nat.
883 2140 924 2170 D.
947 2139 993 2169 iii.

269 2190 319 2217 10.
350 2192 523 2225 tamquam
556 2189 590 2216 iu
621 2195 718 2216 aram
747 2184 927 2223 confugitis
954 2182 996 2213 ad

266 2231 390 2262 Deum.
413 2230 506 2261 Verr.
533 2240 562 2259 v.
593 2232 649 2261 48.
673 2239 735 2259 ara
756 2229 921 2258 sociorum
945 2230 996 2256 est

266 2273 317 2304 lex
344 2274 383 2303 de
411 2273 615 2313 repetundis.
646 2273 744 2303 *arce
772 2278 806 2301 et
828 2271 891 2301 soci
919 2280 996 2299 eum

262 2318 467 2358 junguntur,
485 2327 562 2346 eave
580 2321 688 2357 putes,
702 2325 773 2345 aras
790 2315 829 2344 de
846 2313 995 2353 templis,

266 2361 357 2391 focos
387 2361 426 2390 de
458 2361 583 2391 aedihus
609 2360 744 2400 privatis
773 2358 930 2397 intelligi,
958 2362 996 2387 ut

266 2404 412 2443 vulgaris
438 2404 550 2444 opinio
566 2404 643 2440 fert,
666 2404 701 2433 in
724 2402 780 2432 illo
805 2402 995 2442 proverbio:

266 2458 326 2488 pro
338 2449 401 2478 aris
411 2454 445 2477 et
457 2448 537 2477 focis
548 2457 698 2487 pugnare
713 2459 718 2476 :
737 2456 835 2485 quem
852 2454 997 2474 errorem

267 2493 369 2522 etiam
387 2492 509 2521 erravit
525 2491 575 2521 Cl.
592 2491 750 2521 Dukerus
776 2490 817 2519 ad
841 2489 925 2519 Flor.
952 2488 997 2518 iii.

271 2538 320 2566 13.
339 2546 415 2565 cum
439 2545 515 2565 eum
532 2535 623 2565 locus
640 2534 694 2564 ille
720 2534 836 2563 docere
860 2532 999 2562 meliora

267 2579 446 2619 potuisset,
463 2589 562 2617 quem
579 2578 704 2608 frustra
719 2582 841 2607 tentat.
881 2576 944 2606 Sed
961 2586 998 2604 u-

266 2628 425 2661 trumque
444 2622 566 2652 dicitur
581 2622 620 2652 de
644 2621 781 2661 privatis
808 2620 947 2655 aedibus,
964 2620 999 2648 in

269 2666 388 2705 quibus
405 2676 469 2696 ara
485 2670 556 2695 erat
572 2666 721 2696 Deorum
740 2664 929 2700 Penatium,
942 2673 998 2703 pa-

268 2711 424 2747 triorum,
442 2710 476 2739 in
503 2709 664 2749 impluvio
694 2710 736 2749 (v.
763 2707 999 2747 Impluvium),

268 2753 361 2783 focus
393 2758 505 2783 autem
538 2753 571 2783 in
606 2753 704 2789 atrio,
734 2752 827 2790 isque
863 2750 1000 2780 Larium

268 2802 351 2827 erat.
375 2798 474 2828 Dom.
499 2799 552 2827 40.
570 2795 833 2833 uniuscujusque
850 2799 1000 2824 vestrum

268 2840 374 2878 sedes,
391 2850 482 2878 aras,
500 2840 590 2870 foc'os
608 2841 668 2870 &ca
687 2838 765 2869 ibid.
783 2841 836 2868 41.
855 2842 940 2868 extr.
960 2837 1000 2867 de

267 2884 384 2915 domo:
410 2883 464 2916 hic
480 2894 561 2923 arce,
579 2884 633 2915 hic
650 2883 730 2921 foci,
747 2881 801 2912 hic
824 2881 870 2913 dii
899 2890 1001 2923 pena-

1025 187 1086 213 tes.
1110 184 1222 214 Deiot.
1242 185 1272 213 3.
1295 185 1330 212 te
1347 182 1493 212 amicum
1522 186 1557 213 et
1582 180 1752 223 placatum

1026 227 1175 257 Deiotari
1212 235 1281 256 aroe
1304 226 1434 265 focique
1469 226 1633 257 viderunt.
1665 224 1753 257 Phil.

1026 271 1092 300 viii.
1130 274 1161 300 3.
1198 269 1492 308 templa-penates,
1527 280 1616 308 aras,
1652 270 1754 299 focos.

1026 314 1105 344 Nat.
1122 314 1165 343 D.
1188 313 1234 342 iii.
1258 312 1317 342 ult.
1334 313 1601 352 distinguuntur,
1623 323 1692 344 arce
1706 313 1757 342 fu«

1027 358 1134 395 cique,
1162 355 1289 395 templa
1309 360 1344 386 et
1367 356 1509 387 tlelubra
1532 357 1668 387 deorum
1694 357 1754 386 &tn

1027 401 1067 429 cf.
1081 402 1170 430 Sext.
1188 402 1240 430 42.
1258 399 1331 431 init.
1355 399 1497 440 Philipp.
1515 401 1548 431 ii.
1565 403 1617 430 30.
1645 399 1755 430 Liberi

1028 444 1088 473 Cn.
1117 443 1262 483 Pompeii
1288 444 1483 483 repetebant
1506 444 1593 474 Deos
1616 443 1754 483 patrios,

1026 497 1116 521 aras,
1135 487 1238 523 focos,
1255 485 1357 516 larem
1374 496 1471 517 suum
1490 487 1701 522 familiarem,
1720 486 1755 515 iu

1026 540 1099 568 quae
1124 535 1162 560 tu
1187 531 1362 560 invaseras.
1395 541 1425 560 v.
1451 531 1603 560 Penates.
1642 530 1755 559 Lares.

1026 574 1115 604 Hinc
1152 573 1278 603 Plinius
1315 574 1437 612 Paneg.
1472 575 1523 605 63.
1561 573 1754 602 domestica:

1025 627 1093 647 arce
1109 617 1250 655 focique.
1296 617 1388 647 Vidit
1408 618 1480 655 jam
1498 617 1609 655 aliqua
1625 626 1663 645 ex
1680 625 1754 655 par-

1026 667 1071 697 te,
1089 660 1147 690 sed
1169 661 1352 697 obscurius,
1369 670 1476 700 neque
1501 661 1665 690 rationem
1684 659 1756 688 red-

1027 704 1124 740 didit,
1149 713 1208 733 cur
1233 705 1280 734 sie
1304 703 1406 734 locuti
1434 704 1515 739 sint,
1548 703 1680 732 eortius
1715 702 1757 732 ad

1027 747 1160 777 Sallust.
1179 747 1277 777 Catil.
1296 750 1346 778 52.
1364 750 1393 778 3.
1439 747 1601 782 Breviter,
1620 751 1655 775 at
1682 756 1756 785 per-

1026 792 1138 830 spicue
1155 791 1238 820 dixit
1255 791 1378 820 Meurs.
1396 790 1532 820 Auctar.
1552 789 1666 819 Philol.
1680 800 1707 819 e.
1726 792 1757 819 8.

1027 836 1065 865 de
1083 840 1303 864 monumento
1315 834 1458 873 sepulcri
1468 838 1518 863 est
1528 832 1612 862 Phil.
1624 833 1688 862 xiV.
1706 834 1757 862 13.

1026 889 1056 908 v.
1074 883 1143 907 not.
1168 877 1186 896 '³‘
1197 877 1292 907 Sidus
1310 877 1486 916 quoddam.
1503 876 1583 906 Nat.
1599 876 1640 905 D.
1654 875 1688 904 ii.
1703 877 1758 905 44.

1069 922 1178 951 Arare
1209 921 1379 957 dicuntur,
1412 920 1466 959 qui
1495 928 1588 957 agros
1616 918 1755 955 habent,

1025 966 1146 1004 quibus
1163 964 1308 994 colendis
1325 965 1428 993 vitam
1452 965 1621 992 sustinent
1636 966 1671 992 et
1686 971 1756 991 rem

1027 1013 1196 1048 quierunt.
1214 1008 1306 1038 Verr.
1324 1008 1370 1037 iii.
1387 1011 1416 1038 5.
1434 1008 1493 1036 &ta

1058 1053 1190 1083 Arctior.
1208 1052 1263 1090 qui
1277 1051 1466 1081 arat.verr.
1482 1051 1503 1080 i.
1521 1052 1573 1083 37.
1590 1049 1623 1080 ii.
1644 1051 1692 1079 13.
1705 1049 1759 1079 64.

1027 1096 1073 1126 iii.
1084 1099 1136 1127 ⁶20.
1154 1097 1212 1126 δερ.
1240 1095 1325 1124 Sunt
1341 1099 1453 1124 autem
1466 1100 1611 1123 aratores
1628 1101 1694 1122 non
1709 1102 1762 1121 so-

1026 1140 1095 1169 lum
1114 1138 1344 1180 provinciales,
1367 1137 1425 1167 sed
1440 1138 1541 1167 etiam
1558 1137 1645 1166 cives
1662 1136 1759 1165 Rom.

1027 1184 1082 1222 qui
1094 1193 1188 1223 agros
1199 1182 1347 1223 publicos
1358 1181 1486 1217 colunt,
1496 1186 1528 1210 et
1539 1190 1597 1221 pro
1610 1180 1650 1209 iis
1660 1179 1760 1208 decu-

1029 1237 1097 1257 mas
1122 1227 1268 1262 solvunt,
1285 1230 1320 1255 ut
1338 1236 1355 1254 e
1378 1224 1525 1254 Verrinis
1542 1224 1628 1253 clare
1655 1225 1758 1262 patet.

1026 1271 1119 1300 verr.
1138 1271 1183 1300 iii.
1202 1272 1253 1301 ⁶20.
1271 1273 1416 1299 aratores
1431 1268 1584 1307 diripere.
1610 1266 1690 1296 ibid.
1707 1267 1760 1299 27.

1029 1315 1151 1344 summi
1169 1318 1330 1349 aratores,
1355 1312 1411 1351 qui
1436 1321 1572 1351 magnas
1598 1310 1760 1340 arationes

1032 1357 1168 1387 habent.

1072 1401 1244 1431 Armiones
1258 1399 1418 1429 dicuntur
1435 1398 1517 1437 agri,
1527 1407 1607 1436 quos
1622 1396 1760 1435 quisque

1029 1449 1116 1474 arat.
1141 1444 1233 1474 Verr.
1261 1443 1306 1473 iii.
1335 1445 1385 1473 53.
1422 1441 1561 1471 desertae
1588 1442 1762 1470 strutiones.

1030 1488 1114 1518 Phil.
1132 1489 1165 1517 ii.
1192 1491 1242 1522 39.
1259 1488 1421 1517 arationes
1439 1485 1555 1525 grandi
1572 1484 1695 1514 foenore
1722 1486 1758 1513 et

1029 1532 1222 1562 fructuosae.

1073 1576 1206 1606 Arbiter
1218 1578 1281 1611 est,
1299 1574 1332 1603 in
1349 1582 1448 1603 sensu
1464 1571 1600 1607 forensi,
1628 1571 1684 1610 qui
1701 1573 1761 1600 aut

1031 1619 1164 1649 honoris
1182 1628 1281 1648 causa
1306 1617 1457 1655 diligitur
1481 1615 1521 1644 ab
1538 1615 1600 1650 his,
1613 1614 1668 1653 qui
1684 1623 1764 1643 con-

1031 1663 1227 1693 troversiam
1256 1661 1393 1696 habent,
1419 1663 1477 1689 aut
1501 1663 1677 1698 apraetore
1704 1657 1762 1686 da-

1032 1712 1101 1743 tur,
1119 1710 1157 1736 ut
1175 1715 1239 1735 non
1254 1700 1644 1744 quemadmodumjudex
1660 1711 1677 1730 e
1694 1710 1767 1730 eer-

1031 1755 1069 1779 ta
1094 1749 1249 1785 formula,
1267 1758 1339 1786 quae
1363 1747 1514 1782 definiat,
1530 1744 1608 1784 quid
1633 1749 1667 1774 et
1683 1754 1767 1782 quo-

1034 1793 1132 1824 modo
1148 1793 1190 1822 sit
1201 1791 1437 1832 judicandum,
1455 1800 1473 1819 a
1489 1799 1554 1828 qua
1571 1788 1600 1818 ci
1618 1787 1765 1818 discede-

1034 1848 1068 1867 re
1086 1847 1152 1866 nou
1171 1836 1261 1872 lieet,
1278 1835 1335 1865 sed
1351 1845 1390 1863 ex
1409 1833 1472 1863 fide
1489 1833 1587 1868 bona,
1613 1841 1652 1861 ex
1670 1841 1765 1870 aequo

1034 1886 1069 1910 et
1084 1881 1184 1915 bono,
1202 1878 1460 1909 controversiam
1479 1876 1624 1905 dirimat.
1642 1874 1706 1904 vid.
1723 1874 1764 1904 de

1035 1924 1226 1954 discrimine
1258 1923 1377 1952 arbitri
1404 1925 1439 1950 et
1459 1919 1603 1959 judiees,
1636 1919 1765 1948 arbitrii

1035 1972 1069 1997 et
1079 1968 1213 2006 judieii,
1231 1976 1279 2006 pr.
1298 1966 1394 1995 Rosc.
1422 1964 1516 1994 Com.
1532 1965 1563 1993 4.
1584 1965 1613 1992 5.
1638 1961 1700 1991 Off.
1718 1961 1767 1991 iii.

1039 2013 1088 2042 16.
1112 2012 1195 2050 Top.
1209 2013 1256 2040 10.
1274 2010 1437 2039 arbitrum
1456 2007 1589 2043 adigere
1607 2005 1764 2043 aliquem.

1037 2056 1058 2085 i.
1074 2065 1103 2085 e.
1129 2064 1239 2090 agere,
1257 2062 1374 2091 eogere
1392 2051 1434 2081 ad
1450 2052 1624 2080 arbitrum.
1641 2048 1767 2078 Caecin.

1037 2102 1068 2132 7.
1107 2099 1228 2128 arbiter
1254 2096 1388 2126 familiae
1421 2092 1661 2128 herciscundae,
1688 2092 1710 2121 i.
1735 2101 1765 2122 e.

1037 2143 1097 2178 rei,
1115 2140 1309 2171 hereditatis
1327 2140 1416 2169 inter
1431 2136 1607 2167 coheredes
1620 2134 1768 2165 dividen-

1038 2186 1099 2216 dae.
1134 2185 1222 2214 Hinc
1237 2183 1462 2223 metaphorice
1479 2180 1651 2219 eleganter
1666 2178 1772 2218 Chry-

1038 2230 1150 2269 sippus
1163 2229 1232 2258 Fat.
1254 2230 1302 2260 17.
1319 2227 1443 2257 arbiter
1458 2223 1655 2254 honorarius
1679 2222 1770 2252 inter

1039 2272 1120 2302 duas
1137 2277 1243 2301 sectas
1261 2271 1395 2300 dieitur.
1451 2268 1469 2287 *Ψ
1483 2267 1547 2298 Sed
1572 2271 1624 2296 est
1653 2270 1771 2296 tamen

1039 2315 1209 2346 interdum
1225 2324 1283 2354 pro
1301 2314 1430 2353 judice,
1448 2317 1487 2342 ut
1504 2311 1685 2341 arbitrium
1710 2318 1770 2348 pro

1033 2359 1173 2400 judicio.
1220 2359 1307 2388 Nam
1335 2357 1430 2387 Rosc.
1457 2356 1532 2385 Am.
1564 2358 1617 2387 39.
1646 2353 1771 2383 arbiter

1040 2404 1164 2433 dicitur
1181 2402 1286 2441 judex
1315 2400 1477 2435 mandati,
1503 2398 1581 2437 quia
1606 2396 1708 2426 etiam
1736 2396 1774 2425 in

1033 2447 1162 2486 judicio
1178 2444 1327 2476 mandati
1344 2444 1479 2473 additur
1494 2454 1503 2480 ς
1528 2451 1568 2471 ex
1592 2440 1656 2469 fide
1673 2440 1771 2469 bona.

1040 2491 1174 2520 *testis
1205 2489 1312 2519 Flacc.
1340 2488 1392 2518 36.
1421 2487 1494 2525 quis
1521 2489 1571 2515 est
1595 2483 1772 2513 decisionis

1039 2534 1193 2565 arbiter?
1217 2533 1273 2571 qui
1298 2530 1465 2567 interfuit,
1491 2537 1631 2567 eamque
1647 2527 1774 2556 factam

1040 2588 1123 2613 esse,
1138 2581 1172 2606 et
1188 2575 1353 2615 quomodo
1369 2574 1459 2603 facta
1476 2573 1532 2609 sit,
1558 2571 1676 2602 testari
1700 2574 1776 2610 pot-

1041 2622 1120 2651 est?
1154 2620 1232 2649 hinc
1260 2619 1354 2649 Verr.
1370 2628 1400 2647 v.
1419 2621 1471 2647 Sl.
1498 2617 1538 2646 ab
1562 2615 1698 2646 arbitris
1723 2623 1776 2643 re-

1043 2669 1153 2694 motus
1170 2664 1274 2693 locus.
1295 2662 1336 2691 cf.
1354 2661 1487 2691 Cortius
1504 2660 1545 2690 ad
1561 2657 1696 2690 Sallust.
1712 2656 1776 2687 Ca-

1040 2707 1092 2738 til.
1110 2710 1162 2739 L20.
1185 2708 1211 2737 l.

1085 2752 1289 2782 Arhisratus.
1314 2749 1378 2788 Qu.
1405 2748 1457 2778 Fr.
1482 2748 1515 2777 ii.
1539 2750 1572 2777 4.
1609 2746 1777 2776 arbitratu

1042 2805 1101 2825 suo
1118 2795 1265 2832 aliquem
1281 2793 1454 2823 concidere
1471 2804 1478 2820 z
1504 2800 1563 2831 pro
1578 2789 1700 2819 lubitu.

1086 2839 1273 2869 Arbitrium
1300 2841 1351 2866 est
1370 2836 1536 2873 judicium
1563 2844 1601 2863 ex
1627 2842 1721 2871 aequo
1742 2833 1778 2861 et

1043 2883 1144 2921 bono,
1167 2892 1206 2913 ex
1224 2882 1311 2912 bona
1328 2880 1403 2911 fide.
1430 2878 1495 2910 vid.
1511 2878 1655 2910 Arbiter.
1678 2876 1777 2908 Rose.

1980 3103 1984 3139 1

1981 3142 1985 3206 l
