1920 3196
252 100 337 138 388

261 197 343 228 nihil
374 198 518 228 deterius
559 200 591 229 in
630 210 676 237 re,
708 212 807 241 qnam
840 202 996 241 possidet,

262 242 342 271 dum
360 241 397 272 lis
415 247 476 278 est,
492 242 554 271 favi
563 253 671 274 urum.
695 246 785 275 Verr.
804 247 849 274 iii.
871 249 917 275 11.

310 285 452 323 Pignus.
486 286 569 315 l'bil.
597 288 618 317 i.
644 291 673 317 5.
703 290 774 327 cogi
799 291 997 328 pig-naribus.

264 329 321 357 Or.
345 329 391 358 iii.
420 333 445 359 l.
479 331 669 369 pignorums
692 332 810 361 abiuth
835 336 997 363 μηδι-(τηε.

264 372 342 401 ibid.
384 374 528 412 pignora
558 374 743 405 concidere.
777 376 796 405 i.
832 375 999 414 frangere,

263 417 502 446 comminuere.
548 416 623 446 Fuit
647 427 751 456 genus
774 419 997 455 coercitionis,

262 469 328 497 quo
368 461 549 490 utebantur
586 463 811 499 magistratus,
846 463 997 501 inprimis

266 502 441 541 Consules,
457 504 490 533 in
508 508 689 541 senatores,
706 506 760 543 qui
778 515 904 545 parere,
921 516 950 535 ν.
969 517 996 535 c.

264 547 373 575 vocati
391 547 424 576 iu
448 552 615 583 senatum,
632 548 771 578 nollent.
802 549 998 587 *eleganter

258 589 404 627 pignora
428 589 587 620 dicuntur
610 593 722 621 omnia
745 602 796 629 ea,
816 602 889 631 qua:
914 593 997 622 lidu-

265 633 351 661 ciam
370 633 510 671 faciunt,
527 634 657 672 qualem
676 636 748 674 quis
773 646 806 665 se
832 637 997 675 przrstitu-

264 685 319 706 rus
352 677 406 706 sit.
435 677 506 706 Att.
530 677 597 706 viii.
620 682 650 711 9.
681 679 790 708 minus
822 679 927 709 multa
951 679 998 709 illi

265 719 426 750 dederant
443 720 633 760 reipublieae
644 723 796 760 pignora.
830 723 912 752 Phil.
929 724 996 752 xiii.

263 765 296 792 4.
328 763 458 801 magnis
473 769 507 794 et
524 764 638 794 multis
656 767 847 804 pignoribus
871 767 918 796 M.
937 767 998 796 Le·

264 806 379 845 pidum
404 817 489 846 resp.
514 807 679 847 illigatum
704 814 810 839 tenet.
858 810 904 839 Ea
921 812 998 849 pig*-

262 860 344 880 wira
360 850 479 880 deinde
495 856 704 887 enarrantur,
722 858 755 881 et
775 859 854 882 sunt
876 854 996 893 partim

264 894 439 924 commoda
456 894 574 931 multa,
593 905 665 934 quae
691 896 787 925 babet
813 897 844 926 in
871 897 996 936 republ.

263 942 298 966 et
323 948 342 967 a
372 937 497 976 republ.
521 942 656 978 propter
680 949 752 977 quae
777 941 806 969 ei
832 940 997 970 adversari

264 990 331 1010 non
362 983 477 1020 possit,
502 982 624 1021 partim
651 982 853 1013 documenta
876 984 997 1014 amoris

264 1025 298 1054 in
314 1025 477 1064 rempubl.
494 1025 534 1054 ab
551 1026 670 1063 eojam
689 1026 789 1056 edita.

308 1068 400 1098 Pila.
425 1069 488 1099 Pis.
506 1071 557 1099 2²8.
582 1069 718 1099 claudus
728 1071 847 1110 pilam.
865 1081 896 1100 ν.
909 1071 998 1101 clau-

264 1111 337 1142 dus.

309 1155 418 1186 Pilczs.
447 1156 487 1196 Q.
505 1156 556 1186 Fr.
573 1156 607 1186 ii.
627 1157 676 1187 16.
707 1166 769 1195 ego
792 1166 833 1186 ne
845 1159 912 1197 pilo
927 1159 998 1197 qui-

264 1198 341 1228 dem
358 1201 469 1229 minus
494 1210 546 1229 me
570 1201 698 1229 amabo.
727 1201 823 1230 Rosc.
842 1203 878 1232 C.
895 1205 925 1235 7.
957 1212 998 1231 ne

262 1242 368 1273 ullum
379 1245 489 1283 pilam
506 1244 581 1273 boni
599 1244 659 1273 viri
675 1243 795 1274 habere
812 1245 952 1275 dicatur.

308 1286 465 1326 Pingere.
480 1296 609 1317 ornare.
632 1288 728 1317 Brut.
746 1291 798 1322 37.
813 1289 911 1318 verba
923 1290 998 1327 pin-

260 1339 359 1371 gere:
384 1331 470 1369 quod
493 1331 532 1360 fit
551 1331 656 1371 tropis
679 1336 713 1361 et
728 1332 864 1371 σχήμασι
886 1331 998 1370 λξξεως.

263 1374 336 1403 Att.
352 1375 392 1404 iv.
410 1378 439 1405 5.
467 1374 700 1404 bibliothecam
719 1377 799 1405 mihi
816 1379 998 1416 pinxerunt

264 1419 511 1448 constructione
529 1421 562 1447 et
577 1419 717 1458 sittybis.

308 1460 462 1501 Pinguis,
488 1461 527 1491 de
551 1462 647 1492 rebus
675 1461 923 1502 philosophicis,
947 1467 998 1493 est

263 1504 375 1535 minus
391 1505 521 1535 subtilis
536 1510 570 1535 et
591 1513 723 1543 acutus,
740 1506 797 1535 sed
820 1506 998 1545 popularis.

263 1548 346 1579 Lael.
377 1552 408 1580 5.
447 1558 585 1588 agamus
610 1550 731 1588 pingui
766 1549 929 1586 Minerva,
959 1558 998 1581 ut

263 1592 380 1622 aiunt:
405 1593 436 1622 h.
453 1603 480 1622 e.
506 1602 571 1622 non
590 1598 725 1623 utamur
740 1593 796 1622 illa
812 1593 997 1624 subtilitate

264 1635 462 1666 Stoicorum.
492 1637 593 1666 Aead.
612 1637 653 1666 iv.
671 1640 723 1667 34.
749 1637 834 1675 quod
852 1637 912 1677 ipsi
930 1640 999 1667 An-

262 1679 374 1709 tiocho
391 1682 517 1720 pingue
541 1680 713 1710 videbatur
736 1686 770 1710 et
785 1681 843 1710 sibi
866 1686 999 1710 contra-

262 1723 361 1754 rium.
391 1723 535 1761 *dui-us,
554 1724 664 1753 minus
687 1725 808 1754 suavis.
831 1724 931 1754 Arch.
948 1728 997 1756 10.

257 1769 385 1808 pingue
399 1773 555 1797 sonantes
570 1771 688 1807 p032tae.

307 1809 433 1847 Pinna,
450 1820 554 1850 genus
579 1811 726 1841 concbae.
758 1821 789 1840 v,
806 1811 885 1841 Nat.
904 1812 945 1841 D.
965 1812 997 1842 ii.

262 1857 316 1885 48.
355 1854 415 1884 *in
449 1855 592 1894 piscibus
618 1856 728 1893 pinna’
757 1862 850 1892 sunl,
875 1856 998 1884 instru-

264 1902 381 1928 menta
403 1898 553 1936 natandi,
580 1898 650 1928 loco
682 1898 802 1937 pedum
835 1899 935 1935 datie,
960 1905 998 1929 ut

263 1942 311 1972 ait
336 1941 483 1979 Plinius;
513 1946 552 1971 ut
576 1942 609 1971 in
633 1942 746 1971 avibus
770 1948 849 1972 sunt
873 1943 997 1972 instru-

262 1990 379 2015 menta
393 1986 534 2016 volatus.
556 1985 644 2015 unde
663 1985 911 2025 proverbialiter
926 1986 996 2016 Att.

262 2029 304 2059 iv.
318 2031 348 2060 ⁶2.
368 2031 488 2069 pinnas
503 2029 602 2058 alicui
621 2029 783 2059 incidere:
810 2029 865 2059 ubi
881 2033 997 2059 tamen

262 2072 437 2103 Gra‘viana
453 2072 553 2102 habet
563 2082 702 2112 pennas.

306 2116 509 2154 Pomoteres‚
518 2116 649 2155 squilla.
665 2126 694 2146 v.
708 2116 779 2146 Fin.
793 2116 838 2146 iii.
855 2119 902 2150 19.
919 2116 997 2147 Nat.

262 2159 305 2191 D.
325 2161 358 2190 ii.
376 2163 430 2191 48.
907 2170 922 2191 ι

307 2203 597 2242 Piscitzarz'us„qui
616 2203 751 2242 piscinis
767 2212 996 2240 murenarum,

261 2247 470 2286 aliorumque
494 2247 714 2286 pretiosorum
733 2248 884 2286 piscium,
909 2247 998 2276 dele-

261 2296 395 2330 ctatur3
419 2291 525 2330 qualis
540 2290 578 2321 L.
596 2290 758 2321 Lucullus
781 2290 856 2320 fuit.
887 2290 958 2320 Att.
975 2291 997 2320 i.

266 2338 315 2369 19.
333 2336 384 2365 ΞὈ.

306 2378 507 2415 Pistrinum,
525 2388 638 2408 cars-cr
661 2377 822 2417 privatus,
847 2381 879 2406 et
903 2387 998 2416 erga-

260 2421 400 2454 stulum.
434 2421 475 2462 Q.
500 2422 550 2451 Fr.
574 2422 595 2451 i.
613 2423 643 2450 2.
660 2431 687 2451 c.
706 2424 737 2451 4.
769 2421 803 2450 in
828 2420 996 2461 publicam

259 2466 461 2502 custodiam,
477 2464 528 2495 vel
544 2465 577 2494 in
590 2466 780 2505 pistrinum.

306 2508 402 2540 Pius.
433 2509 474 2538 ad
496 2510 571 2539 Div.
588 2519 618 2538 x.
636 2511 689 2538 ⁶24.
715 2510 781 2547 pice
803 2507 997 2547 propinqui-

259 2557 359 2584 tates.
391 2552 484 2582 Ball).
519 2553 567 2583 16.
607 2553 667 2591 pia
702 2557 737 2581 et
765 2555 891 2581 {eterna
922 2561 996 2590 pax.

261 2597 346 2629 Phil.
370 2597 438 2626 xiii.
466 2598 515 2630 19.
545 2595 726 2635 piissimus,
755 2604 822 2625 non
853 2594 996 2624 latinum

259 2651 330 2672 esse
347 2640 428 2670 dicit
445 2639 570 2669 Cicero.

304 2685 460 2714 Flac-are.
483 2682 583 2713 Tusc.
597 2683 630 2713 ii.
643 2686 673 2716 9.
697 2681 768 2711 haec
785 2680 901 2710 dextra
916 2679 994 2710 Ler-

259 2738 339 2764 nam
370 2733 518 2756 mactata
546 2731 694 2760 excetra,
718 2725 888 2764 placavit:
922 2724 942 2755 i.
968 2735 996 2755 e.

258 2778 370 2802 tutam
388 2769 543 2800 reddidit.
576 2769 641 2800 Sed
656 2768 787 2798 videtur
803 2766 996 2805 legendum,

257 2815 400 2856 pacavit.
446 2813 585 2843 Plocari
601 2812 735 2852 quidem
753 2820 843 2840 mare
861 2811 995 2848 dicitur,

257 2860 315 2890 sed
332 2858 430 2888 aliam
447 2856 488 2885 ob
506 2865 655 2892 causam,
674 2864 794 2893 nempe
816 2855 894 2892 quia
909 2858 995 2884 tem-

255 2907 401 2943 pestates
418 2902 475 2932 irae
500 2900 600 2930 maris
617 2899 802 2937 dicuntur:
836 2907 911 2927 cum
937 2907 997 2928 au-

776 114 821 142 {N
829 115 920 142 DEx
954 116 1084 144 LATIN
1092 116 1230 144 ITAsz
1237 135 1246 144 .

1040 208 1108 233 tem
1127 214 1145 233 a
1168 203 1376 243 praedonibus
1399 203 1572 242 liberatur,
1590 205 1699 244 pacari
1723 204 1772 235 di-

1040 248 1128 276 eitur
1145 257 1246 284 mare,
1271 257 1336 276 non
1357 249 1496 286 placari.
1541 248 1664 278 Similis
1680 249 1772 278 loeus

1040 296 1091 320 cst
1116 290 1241 327 Virgilii
1264 291 1339 319 AEn.
1365 291 1404 320 vi.
1429 294 1502 322 803.
1541 291 1582 321 de
1606 292 1769 322 Hercule:

1042 334 1235 372 lirynzantbi
1255 335 1400 372 placarit
1424 344 1568 364 nemora.
1601 336 1658 364 ubi
1681 340 1772 364 recte

1040 387 1057 405 e
1070 377 1163 406 MSS.
1178 378 1304 416 pacarit
1316 378 1461 416 reposuit
1474 378 1648 408 Heinsius:
1671 387 1771 417 quem

1041 420 1103 449 vid.
1122 420 1178 449 has
1192 430 1284 449 voces
1302 423 1482 459 permutari
1497 429 1614 451 notum
1628 427 1689 451 est.
1704 421 1771 451 vid.

1040 463 1213 493 Drakcnb.
1231 463 1272 493 ad
1288 463 1404 494 Silium
1424 465 1456 493 ii.
1473 467 1546 495 483.

1086 506 1254 536 Placatos.
1284 507 1383 537 Tusc.
1400 508 1442 537 iv.
1464 511 1510 540 17.
1538 507 1598 537 sibi
1616 507 1684 547 ipse
1694 509 1772 546 pla-

1039 554 1148 579 calus:
1164 550 1202 579 de
1217 550 1349 580 homine
1362 550 1533 589 tranquilli
1545 552 1658 580 animi.
1677 551 1771 590 Quir.

1040 603 1072 632 p.
1097 593 1136 622 R.
1167 597 1194 623 l.
1225 594 1250 623 si
1279 594 1360 623 mibi
1386 596 1521 633 placata
1552 595 1666 623 omnia
1691 594 1771 623 fuis-

1039 642 1131 665 sent:
1157 637 1189 666 h.
1206 647 1235 666 e.
1259 638 1285 666 si
1309 637 1356 667 nil
1380 637 1505 667 adversi
1529 637 1611 667 mibi
1635 637 1773 667 accidis-

1043 683 1105 709 set.

1084 722 1195 753 Plane
1217 723 1288 752 sine
1311 728 1418 764 tropo.
1458 723 1542 757 Phil.
1565 725 1620 755 vii.
1644 725 1676 755 6.
1715 724 1771 764 qui

1034 767 1136 805 plane
1151 771 1186 795 et
1202 766 1304 797 latine
1322 767 1513 806 loquuntur.

1084 808 1335 848 Plangzcucula,
1356 821 1457 850 pupa,
1481 810 1695 841 simulacrum
1720 821 1774 840 ce-

1041 862 1133 882 reum
1158 863 1197 882 ex
1220 853 1335 883 Graeco
1365 853 1532 893 unwan.
1581 854 1652 884 Att.
1677 854 1718 884 vi.
1745 857 1773 884 l.

1039 897 1184 925 inventae
1203 903 1283 926 sunt
1298 898 1444 936 quinque
1454 899 1689 937 plangzmculoe
1704 907 1774 927 ma·

1039 943 1224 969 tronarum.
1256 950 1285 969 v,
1305 940 1421 970 Bosius
1445 941 1486 970 ad
1508 941 1541 971 h.
1567 941 1588 970 l.
1607 941 1663 979 qui
1687 940 1774 971 hanc

1040 993 1155 1012 vocem
1169 984 1320 1013 Ciceroni
1333 984 1491 1021 restituit,
1501 985 1661 1023 probante
1674 984 1775 1014 Lam-

1040 1026 1130 1063 bino,
1154 1026 1270 1064 Junio,
1295 1028 1354 1056 &c.
1390 1037 1465 1057 cum
1490 1033 1568 1057 ante
1593 1033 1679 1057 esset
1702 1028 1774 1057 sine

1039 1079 1139 1100 sensu
1163 1070 1389 1109 langunculae,
1410 1070 1498 1109 quod
1520 1072 1661 1100 servavit
1683 1070 1774 1101 Grae-

1040 1114 1122 1143 vius.
1168 1113 1305 1153 Reperit
1329 1114 1431 1143 etiam
1455 1115 1488 1144 in
1513 1114 1593 1144 (jod.
1609 1114 1775 1144 Bessario-

1040 1157 1090 1186 nis
1112 1157 1297 1187 Manutius.
1330 1159 1370 1188 cf.
1388 1157 1568 1198 Spanhem.
1584 1157 1625 1187 ad
1642 1157 1773 1188 Callim.

1040 1210 1072 1240 p.
1089 1204 1124 1233 71
1139 1203 1163 1230 1.

1085 1244 1228 1281 Planus,
1253 1244 1424 1285 impostor.
1457 1244 1587 1275 cluent.
1604 1245 1656 1276 26.
1685 1244 1772 1275 hanc

1039 1297 1153 1316 vocem
1184 1288 1253 1318 Viri
1285 1289 1373 1319 docti
1409 1289 1630 1319 restituerunt
1669 1289 1772 1318 etiam

1041 1330 1218 1371 Capitolin.
1244 1332 1278 1361 in
1307 1333 1432 1363 Anton.
1458 1332 1542 1363 Phil.
1566 1343 1597 1363 c.
1625 1335 1674 1363 13.
1714 1332 1773 1362 Est

1039 1375 1139 1405 etiam
1155 1375 1203 1404 bis
1228 1385 1280 1415 ap.
1296 1375 1382 1406 Plin.
1397 1386 1492 1405 xxxv.
1512 1380 1560 1406 10.

1083 1418 1252 1455 Platalect,
1271 1420 1349 1448 avis.
1375 1430 1404 1449 v.
1421 1419 1464 1450 N.
1481 1419 1523 1449 D.
1541 1420 1575 1450 ii.
1591 1422 1644 1453 49.

1082 1462 1287 1499 plausibilis,
1324 1462 1416 1493 valde
1471 1463 1605 1502 placens
1642 1462 1777 1502 populo.

1038 1504 1138 1535 Tusc.
1157 1506 1204 1536 iii.
1229 1509 1280 1536 21.
1313 1507 1469 1545 quoniam
1495 1506 1565 1536 haee
1582 1507 1772 1546 plausibilia

1041 1558 1107 1578 non
1125 1555 1219 1586 sunt,
1236 1550 1269 1578 in
1286 1550 1362 1579 sinu
1379 1550 1594 1589 gaudeamus.

1084 1592 1239 1623 Plausus.
1263 1593 1384 1623 Div.ii.
1395 1595 1446 1624 ⁶26.
1463 1593 1549 1623 Galli
1563 1597 1663 1623 cantu
1671 1595 1772 1632 plau-

1038 1646 1138 1676 suque
1152 1636 1218 1666 alas
1235 1643 1404 1676 premunt.
1427 1637 1575 1676 *gratia,
1591 1637 1672 1666 laus.
1693 1636 1772 1666 Clu-

1039 1686 1108 1710 ent.
1126 1683 1179 1714 47.
1209 1690 1247 1709 ex
1271 1685 1344 1710 tota
1365 1682 1430 1711 ista
1452 1681 1694 1721 subscriptione
1718 1689 1773 1710 ru-

1039 1733 1166 1753 morem
1183 1724 1349 1763 quendam
1366 1728 1400 1754 et
1406 1726 1562 1765 plausum
1579 1723 1771 1765 popularem

1040 1776 1109 1796 esse
1129 1768 1318 1806 quaesitum.

1084 1810 1222 1848 Plenus,
1240 1811 1340 1840 dives.
1371 1810 1413 1840 ad
1435 1811 1512 1841 Div.
1531 1810 1586 1839 vii.
1603 1814 1634 1844 9.
1666 1811 1772 1840 serius

1039 1855 1150 1893 potius
1167 1855 1208 1884 ad
1226 1864 1297 1890 nos,
1315 1856 1392 1884 duni
1405 1855 1543 1893 plenior.
1571 1853 1772 1883 *abundans

1040 1898 1139 1927 eliam
1165 1898 1199 1927 in
1224 1898 1345 1928 malam
1373 1903 1514 1937 partein.
1555 1898 1647 1927 Prov.
1673 1898 1770 1926 Cons.

1041 1945 1070 1971 8.
1100 1942 1171 1980 quis
1191 1943 1317 1981 plenior
1340 1942 1552 1971 inimicorum
1571 1941 1635 1970 fuit
1653 1940 1773 1970 Mario.

1040 1985 1224 2024 *magnuffi
1237 1986 1398 2024 copiosus.
1422 1985 1518 2015 Rosc.
1537 1985 1573 2014 A.
1590 1986 1620 2015 ⁶2.
1644 1985 1678 2013 in
1696 1983 1776 2013 alie-

1040 2038 1117 2058 nam
1136 2029 1327 2068 pecuniam,
1342 2032 1411 2058 tam
1423 2031 1557 2068 plenam
1574 2034 1673 2066 atque
1690 2037 1774 2067 prae·

1040 2072 1177 2108 claram,
1199 2073 1367 2102 invaserit.
1414 2072 1571 2102 Ceterum
1597 2070 1682 2101 male
1707 2071 1771 2100 huc

1038 2117 1143 2145 traxit
1158 2116 1305 2146 Graevius
1316 2118 1453 2156 plenum
1466 2115 1651 2145 convivium
1665 2124 1682 2143 e
1694 2115 1775 2144 Sue-

1038 2160 1143 2189 tonio.
1177 2159 1240 2189 vid.
1264 2160 1424 2189 Burman.
1445 2159 1487 2189 ad
1510 2159 1602 2188 Suet.
1619 2158 1702 2188 Caes.
1722 2160 1781 2191 49.-

1039 2203 1204 2243 *plenum
1235 2203 1358 2232 dicitur
1390 2212 1507 2242 corpus
1538 2211 1715 2232 carnosum
1739 2208 1773 2231 et

1039 2246 1295 2284 succulentum3
1321 2247 1565 2286 opponiturque
1583 2245 1774 2275 macilento.

1039 2300 1068 2319 v.
1087 2290 1224 2320 Salmas.
1242 2290 1283 2319 ad
1299 2289 1403 2319 Solin.
1420 2300 1450 2329 p.
1468 2291 1541 2319 ⁶203.
1564 2289 1651 2318 unde
1667 2292 1775 2318 trans-

1038 2333 1147 2363 fertur
1176 2333 1217 2363 ad
1246 2334 1444 2369 orationem,
1468 2339 1502 2362 et
1525 2333 1706 2372 opponitur
1720 2332 1776 2369 je-

1033 2377 1132 2415 juno,
1162 2378 1336 2416 exsangui,
1363 2378 1467 2406 tenui.
1505 2377 1569 2407 Off.
1595 2376 1615 2404 i.
1645 2379 1671 2405 1.
1701 2384 1774 2404 ora-

1039 2421 1167 2450 tionem
1194 2420 1331 2450 latinam
1357 2421 1477 2449 efficies
1496 2421 1683 2458 pleniorem.
1715 2419 1772 2448 Or.

1039 2464 1085 2493 iii.
1108 2467 1156 2494 14.
1189 2464 1228 2494 dc
1254 2464 1390 2493 horridis
1408 2464 1503 2493 rebus
1528 2463 1646 2499 nitida,
1662 2462 1701 2492 de
1718 2462 1772 2499 je·-

1034 2508 1126 2546 junis
1138 2507 1296 2546 plona‚‹le
1310 2507 1510 2547 pervulgatis
1525 2516 1608 2536 nova
1620 2505 1771 2544 qnaedam

1039 2558 1090 2581 est
1106 2551 1211 2581 oratio
1225 2554 1294 2580 tua.
1320 2551 1397 2580 ibid.
1415 2553 1466 2580 5⁶2.
1491 2551 1516 2579 si
1534 2550 1684 2579 habitum
1701 2558 1777 2578 ora·

1038 2595 1139 2624 tionis
1155 2601 1189 2624 et
1206 2595 1298 2633 quasi
1315 2594 1456 2623 colorem
1474 2593 1618 2632 aliquem
1636 2592 1776 2631 requiri-

1038 2639 1095 2675 tis,
1122 2643 1172 2667 est
1199 2643 1234 2667 et
1252 2639 1353 2677 plena
1381 2637 1545 2675 quaedani,
1574 2636 1632 2666 sed
1655 2641 1773 2665 tamen

1037 2686 1137 2710 teres.
1155 2682 1214 2711 &cn
1248 2685 1263 2701 ⁸
1278 2682 1311 2710 in
1328 2691 1405 2710 voce
1426 2682 1560 2720 plenum
1577 2684 1629 2709 est
1644 2679 1730 2716 laus,
1746 2679 1776 2708 si

1038 2724 1169 2760 adjecta
1183 2728 1233 2754 est
1250 2725 1405 2754 suavitas.
1434 2725 1527 2754 Orat.
1546 2725 1566 2753 i.
1583 2725 1635 2757 99.
1668 2722 1774 2752 nemi-

1039 2777 1116 2798 uem
1134 2778 1212 2797 voce
1222 2769 1400 2807 pleniorem
1413 2775 1471 2797 aut
1488 2768 1673 2797 suaviorem
1689 2765 1772 2796 mihi

1038 2811 1151 2841 videor
1167 2811 1307 2841 audisse.
1336 2811 1400 2841 Sed
1415 2811 1516 2841 etiam
1535 2811 1570 2840 in
1586 2810 1678 2846 vitio,
1694 2818 1773 2839 cum

1039 2854 1131 2895 abe-st
1167 2855 1324 2891 suavitas,
1355 2861 1390 2884 et
1427 2855 1596 2893 significat
1630 2857 1775 2883 vastum.

1037 2897 1094 2928 Or.
1112 2898 1158 2928 iii.
1187 2900 1235 2928 12.
1268 2899 1362 2937 cujus
1384 2903 1424 2930 tu
1443 2897 1503 2928 illa
1524 2897 1594 2928 lata
1616 2905 1775 2928 nonnun-
