1920 3196
675 122 821 152 INDEX
853 120 1151 150 LATINITATIS.

161 210 368 249 assignetur:
394 208 427 239 h.
445 219 474 239 e.
489 210 618 249 ingenii
628 209 871 241 imbecillitati.

205 253 397 294 Irfirmare,
415 253 574 283 refutare.
597 255 632 284 in
650 254 761 284 Caecil.
777 258 809 290 9.

205 297 364 337 Irfitialis
378 297 529 335 quaestio.
561 297 644 338 Top.
668 300 720 329 225.

205 340 382 381 Infitiaeom
411 340 498 370 unde
532 342 670 381 petitur.
705 343 763 372 Or.
794 342 814 371 i.
842 344 895 375 37.

161 383 301 414 ‘malus
326 384 465 414 debitor.
491 384 590 415 Catil.
607 386 640 415 ii.
663 388 711 416 10.
735 385 894 426 inficiato-

162 437 214 458 res
231 428 326 458 lenti.

206 472 344 512 Instnts.
378 471 468 502 Part.
495 474 525 502 2.
557 472 662 512 irfioea
690 472 786 502 rebus
816 472 896 512 ipsis

159 521 370 555 argumenta.
393 515 480 545 Alibi
496 516 609 553 insita,
622 517 749 546 innata.

206 558 438 599 Iuflwnmare,
451 569 585 599 augere.
610 559 759 589 Marcell.
776 562 825 590 10.
845 560 896 589 in-

147 603 338 644 flammare
367 603 492 633 odium.
526 603 567 633 cf.
598 604 674 633 Act.
699 604 721 633 i.
746 602 840 633 verr.
867 607 894 633 l.

161 653 196 678 at
227 648 319 677 Prov.
342 647 378 676 C.
400 650 447 677 10.
480 646 691 687 inflammare
706 648 740 677 in
756 647 895 684 amicos,

162 701 221 732 pro
237 691 350 720 odium
370 691 504 727 injicere
521 691 647 721 amicis.

207 734 434 775 Irfiammutio
460 735 662 765 animorum.
696 735 754 765 Or.
781 735 814 764 ii.
840 734 894 765 46.

162 778 423 809 enthusiasmos.

209 822 344 863 Inflare.
374 822 473 853 Arc-h.
503 825 532 854 8.
564 823 676 853 divino
700 822 821 863 spiritu
846 823 896 853 in-

152 865 251 907 βῆν-ι’.

208 909 350 951 Inflatio.
381 911 458 941 Div.
482 911 503 940 i.
525 914 577 942 30.
608 911 699 941 cibus
723 909 825 941 habet
845 911 896 941 in-

152 953 331 995 flationem
349 964 518 993 magnam.

207 997 363 1038 Inflatus.
403 1005 561 1037 aegrotus,
593 999 808 1038 perturbatus
847 998 897 1028 ira

163 1042 223 1072 &c.
246 1042 346 1072 Tusc.
363 1042 409 1072 iii.
426 1046 456 1076 9.
488 1042 624 1082 inflatus
640 1044 783 1073 animus.
808 1041 895 1072 *On

161 1086 208 1116 iii.
228 1089 277 1116 11.
301 1085 421 1126 inflata
438 1087 548 1124 verba,
559 1087 678 1117 vitium
696 1088 731 1117 in
748 1095 896 1126 pronun-

162 1130 293 1160 eiando.

206 1173 359 1214 Inflatus.
386 1174 490 1204 subst.
512 1174 588 1205 Div.
604 1175 624 1204 i.
642 1174 673 1205 6.
696 1173 833 1215 inflatus
847 1174 898 1205 di-

168 1227 276 1247 vinus.

207 1260 387 1301 Inflectere.
411 1260 507 1291 Brut.
534 1266 565 1297 9.
595 1261 760 1302 inflectere
774 1263 898 1293 oratio-

164 1314 260 1335 nem:
287 1305 319 1335 h.
333 1316 362 1335 e.
377 1305 562 1336 molliorem
575 1314 610 1336 et
620 1307 807 1337 suaviorem
824 1307 897 1338 red-

163 1349 253 1380 dere.
280 1351 300 1368 ²*
311 1349 406 1389 Quir.
423 1359 455 1389 p.
472 1350 511 1380 R.
528 1353 558 1380 3.
586 1350 748 1391 inflectere
763 1352 894 1382 oculos:

165 1392 198 1423 h.
224 1403 253 1423 e.
278 1403 410 1423 movere
433 1392 474 1422 ad
499 1393 658 1424 dolorem.
681 1394 754 1424 *ad
776 1395 853 1427 Div.
874 1396 896 1426 i.

163 1440 181 1449 n

167 1452 194 1471 Α.
227 1437 497 1476 magnitudinem
525 1439 628 1468 animi
652 1438 832 1479 inflectere.-
865 1439 898 1470 h.

165 1490 194 1511 e.
215 1481 405 1511 demittere.

210 1524 358 1565 Instemus
373 1535 485 1555 sonus.
516 1525 573 1555 Or.
594 1529 644 1560 17.
674 1536 703 1555 ν.
722 1527 830 1557 flexio.

208 1568 368 1608 Irfiuere,
391 1568 533 1609 placere.
559 1570 624 1600 Off.
649 1570 684 1600 ii.
699 1575 731 1605 9.
762 1571 900 1612 influere

166 1613 201 1642 in
229 1613 357 1643 animos
386 1614 626 1644 multitudinis.
659 1613 740 1644 Lael.
769 1617 821 1646 25.
850 1617 900 1645 in-

155 1656 286 1697 fluebat
309 1658 344 1688 in
368 1667 464 1687 aures
481 1659 662 1688 concionis.
695 1659 775 1698 Leg.
794 1659 828 1689 ii.
851 1663 899 1690 15.

166 1700 251 1730 nihil
274 1707 344 1730 tam
370 1701 466 1731 facile
485 1702 518 1731 in
536 1702 664 1732 animos
681 1702 802 1742 influit.
826 1703 844 1721 ²*
857 1704 900 1733 ir-

166 1753 333 1784 rumpere.
358 1745 452 1776 PrOV.
466 1746 503 1776 C.
520 1749 568 1776 13.
594 1746 765 1786 influentes
781 1748 815 1777 in
835 1747 900 1777 Ita-

168 1787 247 1818 liam
265 1787 436 1819 Gallorum
455 1790 570 1829 copiae.

214 1831 415 1872 Irgformare,
449 1833 645 1864 describere.
679 1835 751 1865 Att.
783 1835 838 1865 vii.
869 1839 900 1866 3.

166 1876 224 1915 qui
249 1877 283 1905 in
308 1876 350 1906 vi.
367 1876 450 1906 libro
473 1876 671 1917 informatus
694 1883 755 1909 est.
779 1879 902 1909 *com-

167 1929 305 1960 ponere,
334 1921 511 1951 instruere.
546 1922 628 1951 Sull.
657 1925 706 1953 13.
742 1921 901 1961 irglbrmut

167 1963 277 1993 adhuc
301 1964 539 1995 adumbratum
564 1965 728 1996 indicium
748 1967 820 1997 filii.
836 1967 901 1997 vid.

166 2007 275 2037 Graev.
296 2008 337 2037 ad
352 2008 384 2038 h.
400 2008 421 2038 l.

216 2051 411 2091 Itgjbrmatz'o
427 2053 526 2083 verbi.
561 2054 650 2084 Part.
667 2056 719 2089 99.
753 2058 805 2084 est
820 2054 902 2084 defi-

172 2095 255 2125 nitio
279 2101 339 2125 aut
363 2096 552 2137 descriptio.
570 2098 650 2128 item
670 2105 722 2128 est
746 2098 901 2129 Graecum

168 2138 338 2181 ωςόληψις.
357 2139 400 2170 N.
418 2140 460 2170 D.
478 2141 499 2170 i.
516 2144 566 2175 27.
591 2152 620 2171 ν.
639 2149 673 2171 et
690 2142 902 2173 informatus.

218 2184 432 2222 Ityormcttus,
451 2185 691 2215 adumbratus:
716 2186 798 2216 item
824 2196 903 2216 con-

169 2227 322 2257 stitutus.
352 2228 472 2267 Quint.
502 2232 548 2259 10.
583 2229 763 2269 itgfbrmata
791 2240 901 2260 causa.

168 2270 238 2301 Att.
256 2271 298 2300 xi.
317 2272 347 2302 6.
375 2273 574 2312 proscriptio
598 2283 664 2303 non
688 2274 902 2311 nominatim,

168 2313 227 2344 sed
244 2316 431 2353 generatim
448 2317 638 2355 informata.
663 2319 734 2347 Att.
753 2318 773 2348 i.
795 2321 821 2348 1.
845 2328 903 2358 pe-

169 2358 310 2388 titorum
336 2358 406 2388 haec
422 2366 474 2389 est
491 2361 599 2390 adhuc
616 2361 797 2400 informata
815 2362 904 2401 cogi-

168 2402 264 2432 tatio.
294 2403 359 2432 Off.
384 2403 405 2432 i.
422 2406 453 2434 4.
485 2406 617 2435 animus
641 2406 725 2435 bene.
749 2416 768 2435 a
784 2410 906 2435 natura

170 2444 382 2484 informatus,
410 2452 461 2477 est
486 2447 644 2485 liberalis,
669 2449 848 2488 ingenuus.
873 2459 904 2480 V.

172 2490 389 2521 constitutus.
401 2491 482 2520 item
497 2492 536 2521 de
546 2492 626 2523 ideis
638 2493 762 2523 innatis
772 2497 806 2522 et
817 2494 905 2524 anti-

174 2533 304 2573 cipatis.
328 2534 372 2564 N.
388 2534 431 2564 D.
449 2535 469 2564 i.
487 2537 539 2569 27.

218 2577 413 2617 Irgt'requens
442 2588 553 2609 eausa.
589 2579 684 2609 Orat.
715 2581 748 2610 ii.
778 2584 830 2615 79.
872 2582 905 2611 in

172 2630 239 2659 qua
262 2621 392 2660 agenda
414 2623 512 2662 pauci
536 2623 705 2654 auditores
726 2624 839 2654 adesse
855 2634 906 2655 so-

170 2663 252 2694 lent.

219 2707 419 2749 hab-ingere.
443 2710 537 2740 Balb.
553 2711 583 2740 6.
612 2710 760 2741 invidere
777 2711 908 2750 virtuti,

172 2751 257 2781 velle
274 2752 456 2792 infringere
473 2754 587 2784 liorem
606 2755 789 2793 dignitatis.

224 2795 349 2835 Insula,
363 2804 413 2827 est
425 2802 663 2828 ornamentum
681 2799 909 2837 sacerdotum,

175 2839 327 2871 velamen
345 2842 478 2881 capitis,
496 2845 534 2871 ut
550 2852 590 2870 (ex
607 2843 835 2873 monumentis
852 2853 911 2873 an-

173 2883 278 2922 tiquis
302 2884 413 2915 videre
430 2885 519 2915 licet.
550 2885 643 2915 verr.
660 2886 703 2915 iv.
720 2889 772 2917 50.
802 2897 911 2917 sacer-

174 2925 270 2959 dotes
297 2938 375 2960 cum
399 2927 516 2969 iry'ule
541 2933 577 2960 et
598 2929 761 2963 verbenis.
784 2930 913 2963 *orna-

1601 105 1685 154 327

940 213 1106 240 mentum.
1129 208 1208 250 Agr.
1227 209 1248 239 i.
1265 211 1297 241 2.
1327 208 1397 248 agri
1415 206 1541 248 publici
1558 206 1677 238 dicun-

938 258 996 282 tur
1011 252 1127 293 iJgfuloe
1140 253 1273 294 imperii
1282 253 1323 284 R.
1335 262 1381 283 sc.
1394 251 1473 291 quia
1484 256 1565 281 sunt
1578 260 1677 281 orna-

937 301 1055 326 menta
1077 296 1220 336 reipubl.
1236 301 1271 326 et
1292 306 1367 326 eam
1385 293 1609 325 venerabilem
1627 294 1673 324 ef-

939 340 1070 370 ficiunt.
1093 341 1141 370 sie
1165 340 1281 372 Senec.
1297 340 1337 371 ad
1354 338 1508 370 Helviam
1537 340 1585 369 13.
1617 338 1673 368 ubi

937 392 967 413 v.
993 383 1084 424 Lips.
1108 383 1203 415 Orat.
1227 384 1273 414 iii.
1297 385 1350 415 ⁰21.
1375 382 1488 423 Quare
1511 381 1675 412 Coracem

938 427 1041 457 istum
1059 431 1207 458 vestrum
1223 424 1673 468 patiamur—Pamphilum-

937 481 1015 510 que,
1043 471 1155 501 nescio
1179 482 1292 511 quem,
1315 471 1466 501 sinamus
1494 470 1529 500 in
1557 467 1675 508 itgsulis

936 518 1068 545 tantam
1082 524 1167 552 rem,
1179 520 1354 554 tamquam
1364 513 1509 554 pueriles
1522 512 1672 549 delicias,

937 558 1129 598 depingere.
1149 559 1189 588 de
1207 559 1269 588 hoc
1285 558 1358 589 loco
1374 558 1422 589 ita
1435 557 1614 588 Turnebus
1631 557 1673 586 ad

937 602 1016 641 Agr.
1038 603 1059 632 i.
1075 604 1105 633 2.
1131 607 1248 643 putem
1267 602 1464 633 Ciceronem
1481 600 1619 631 illudere
1636 601 1670 630 in

938 645 1166 686 Pamphilum,
1190 647 1375 683 hominem,
1396 650 1435 676 ut
1458 646 1505 675 ait
1529 644 1670 681 Plinius,

941 690 1051 730 (xxxv,
1082 689 1145 728 10.)
1176 690 1331 720 omnibus
1355 689 1460 720 literis
1485 688 1669 725 eruditum,

937 733 1150 773 eundemque
1173 735 1351 774 pictorem,
1367 733 1423 774 qui
1447 743 1524 763 cum
1541 732 1581 762 de
1599 737 1674 762 arte

938 776 1070 808 dicendi
1081 777 1279 818 scripsisset,
1291 777 1460 814 irridetur,
1472 781 1584 813 utnon
1598 774 1674 806 rhe-

935 826 1002 858 tor,
1018 821 1077 864 sqd
1100 826 1138 852 ut
1161 822 1282 862 pictor,
1298 821 1355 861 qui
1374 831 1441 851 non
1456 827 1528 850 tam
1546 820 1669 850 librum

936 865 1119 905 scripserit,
1147 875 1248 905 quam
1277 864 1405 905 infulas
1430 865 1598 905 pinxerit;
1632 869 1671 893 ut

937 910 1028 939 enim
1045 919 1119 939 reor
1133 908 1249 949 infulae
1264 909 1358 950 pingi
1374 908 1538 939 solebant.
1586 906 1669 937 Haec

937 952 1003 983 ille.
1051 953 1205 984 Pearcius
1229 959 1343 984 autem
1361 951 1446 983 nihil
1461 952 1500 982 de
1518 951 1580 982 hoc
1597 951 1670 981 loco

936 996 1031 1027 dicit.
1075 998 1162 1037 Quia
1187 998 1313 1027 mentio
1329 997 1367 1027 fit
1391 996 1571 1037 puerilium
1589 994 1671 1025 deli-

938 1041 1078 1079 ciarum,
1092 1041 1174 1071 mihi
1186 1041 1319 1072 videtur
1334 1041 1437 1071 alludi
1454 1039 1496 1070 ad
1511 1049 1617 1080 pupas
1635 1045 1671 1069 et

937 1084 1196 1125 plangunculas‚
1219 1095 1292 1125 quae
1313 1090 1394 1116 sunt
1417 1083 1562 1125 pueriles
1589 1082 1671 1113 deli-

938 1129 1011 1166 ciae,
1024 1129 1064 1159 ab
1076 1129 1183 1168 iisque
1198 1130 1345 1160 studiose
1358 1134 1392 1159 et
1405 1128 1596 1167 magnifice,
1610 1137 1672 1167 pro

938 1178 1040 1212 captu
1052 1183 1125 1210 suo,
1137 1174 1248 1203 ornari
1264 1173 1387 1211 solent,
1401 1172 1548 1211 adeoque
1566 1171 1670 1202 etiam

936 1217 1064 1257 iwyiclis,
1081 1227 1154 1256 quae
1171 1227 1238 1248 non
1256 1217 1355 1248 modo
1370 1215 1595 1253 sacerdotum,
1613 1215 1672 1245 sed

938 1262 1041 1292 etiam
1059 1271 1174 1301 regum
1191 1265 1391 1292 ornamenta
1406 1266 1498 1290 sunt.

983 1304 1170 1344 Itgfuscare,
1183 1315 1396 1345 corrumpere
1409 1305 1506 1335 Brut.
1519 1306 1572 1338 74.
1590 1312 1673 1342 quos

940 1359 1007 1379 non
1020 1350 1172 1379 barbaria
1183 1349 1368 1380 domestica
1378 1347 1612 1389 ilgs‘zcscaverat,
1624 1357 1674 1378 re-

941 1397 993 1423 cte
1011 1393 1245 1432 loquebantur.

985 1438 1174 1476 Ingenium.
1206 1437 1277 1468 Pin.
1302 1447 1331 1467 v.
1360 1440 1409 1467 13.
1441 1435 1523 1475 quid
1545 1434 1674 1474 signifi·-

941 1482 1017 1512 cet?
1045 1482 1170 1512 *Rosea
1184 1482 1222 1511 A.
1237 1484 1290 1513 22.
1315 1491 1376 1511 nec
1395 1481 1523 1519 iugenio
1539 1488 1676 1509 accusa-

940 1526 1022 1556 toris
1036 1526 1281 1565 resjudicatur:
1305 1525 1337 1555 h.
1350 1535 1379 1555 e.
1394 1534 1461 1555 non
1473 1534 1511 1553 ex
1524 1523 1676 1553 oratioue

942 1571 1025 1609 ejus,
1043 1580 1109 1608 qua
1131 1570 1261 1599 crimen
1277 1570 1384 1607 auxit,
1401 1574 1436 1598 et
1452 1567 1605 1598 omnibus
1624 1576 1678 1596 co-

942 1614 1066 1644 loribus
1083 1614 1149 1644 veri
1167 1613 1296 1644 infecit.

987 1658 1183 1695 Iri-:senuims
1204 1663 1254 1688 est
1271 1667 1400 1694 eorum,
1416 1657 1472 1695 qui
1489 1654 1602 1685 liberis
1619 1663 1677 1694 pa-

942 1703 1094 1732 rentibus
1123 1702 1192 1732 nati
1219 1708 1312 1739 sunt,
1340 1709 1548 1739 quorumque
1576 1708 1676 1727 nenio

937 1747 1065 1785 justam
1089 1746 1286 1776 servitutem
1303 1745 1448 1775 servivit.
1477 1743 1570 1773 Verr.
1588 1742 1608 1771 i.
1625 1744 1678 1772 55.

943 1791 1158 1829 ingenuitatis
1175 1791 1320 1829 signum.
1336 1799 1366 1818 v.
1382 1787 1491 1819 Bulla.

989 1835 1139 1872 Ingraie.
1172 1834 1284 1864 Deiot.
1313 1837 1361 1863 11.

990 1879 1232 1917 [pyramum-e,
1246 1876 1424 1908 debilitari.
1446 1876 1528 1905 Cato
1544 1877 1555 1904 1
1567 1876 1594 1903 1.
1609 1882 1680 1902 cor·

944 1933 1025 1963 pora.
1049 1922 1289 1961 defatigatione
1313 1926 1347 1951 ct
1371 1919 1608 1950 exercitatione
1630 1918 1679 1946 in-

941 1971 1151 2005 graves-eunt.
1172 1969 1186 1983 ἦ·
1200 1965 1326 2004 augeri.
1344 1964 1385 1994 ad
1401 1964 1477 1995 Div.
1493 1964 1534 1992 i.
1553 1964 1583 1992 4.
1607 1964 1678 1990 stu—

944 2011 1037 2041 dium
1055 2010 1118 2040 hoe
1139 2010 1198 2051 (sc.
1220 2009 1452 2050 philosophiae)
1471 2005 1680 2045 ingravescit.

994 2055 1139 2093 Ing-redi,
1170 2053 1321 2092 aggredi,
1351 2053 1510 2091 incipere.
1544 2050 1677 2079 Senect.

949 2101 997 2129 14.
1024 2098 1119 2128 illuni
1133 2097 1203 2134 lux,
1218 2097 1345 2136 aliquid
1356 2095 1541 2126 describere
1554 2095 1679 2132 ingres-

943 2153 1032 2179 sum,
1050 2142 1226 2182 oppressit.
1257 2141 1359 2171 Acad.
1384 2140 1426 2170 iv.
1446 2139 1478 2170 6.
1509 2137 1597 2177 quod
1620 2145 1682 2166 nos

944 2187 1054 2216 facere
1078 2185 1296 2224 ingredimur.
1326 2184 1368 2215 cf.
1390 2183 1476 2223 Top.
1504 2182 1580 2211 init.
1605 2179 1684 2210 add.

945 2230 1107 2262 Burman.
1125 2229 1165 2258 ad
1184 2229 1303 2268 virgil.
1320 2230 1360 2258 G.
1378 2228 1414 2258 ii.
1434 2229 1506 2260 175.

990 2274 1223 2313 Iugur-gitur&
1254 2273 1362 2303 Pison.
1389 2275 1440 2304 18.
1468 2269 1684 2309 ingurgitare

945 2328 980 2348 se
996 2318 1030 2348 in
1049 2318 1185 2357 flagitia.

991 2362 1168 2392 Inlzoerere.
1200 2360 1277 2391 Div.
1301 2361 1334 2390 ii.
1357 2359 1411 2391 46.
1441 2357 1559 2398 lingua
1582 2358 1683 2387 inlue-

946 2409 1010 2442 νεῖ,
1034 2410 1071 2435 ut
1100 2404 1191 2444 loqui
1219 2413 1286 2434 non
1307 2404 1424 2444 possit.
1454 2402 1558 2432 *Pin
1581 2402 1603 2431 i.
1626 2403 1681 2433 20.

946 2450 1089 2480 virtutes
1117 2447 1403 2488 quemadmodum
1430 2456 1564 2487 semper
1589 2445 1682 2474 volu-

947 2494 1098 2534 ptatibus
1123 2494 1297 2529 inhaerent,
1322 2501 1369 2522 sc.
1398 2501 1439 2521 ex
1466 2493 1580 2520 mente
1604 2489 1686 2530 Epi-

949 2538 1031 2567 curi.

993 2581 1163 2613 Iulialare.
1195 2580 1259 2611 Pis.
1283 2583 1314 2611 8.
1347 2579 1507 2620 popinam
1530 2577 1686 2608 inhalare

950 2624 1062 2655 alicui.

988 2669 1151 2706 Inhibere,
1160 2679 1219 2708 pro
1230 2667 1397 2703 cohibere,
1408 2665 1582 2706 impedire.
1592 2665 1686 2696 Verr.

950 2723 979 2743 v.
1005 2713 1058 2744 63.
1087 2713 1127 2742 de
1151 2712 1333 2751 remigibus
1357 2710 1437 2749 quid
1460 2710 1512 2739 sit.
1537 2719 1566 2739 v.
1582 2708 1686 2739 Attic.

952 2757 1020 2787 xiii.
1034 2758 1086 2788 21.
1112 2766 1152 2787 ex
1169 2766 1235 2795 quo
1252 2755 1325 2786 loco
1342 2753 1440 2783 docet
1457 2753 1612 2784 Pearcius
1629 2752 1687 2782 Or.

952 2801 972 2830 i.
992 2803 1045 2831 33.
1061 2806 1145 2830 extr.
1171 2810 1230 2841 pro
1256 2799 1472 2829 inhibuerunt
1485 2807 1557 2827 esse
1574 2796 1688 2836 legen-

952 2844 1033 2874 dum
1057 2844 1304 2874 sustinuerunt.
1350 2842 1402 2872 De
1426 2851 1460 2880 re
1476 2841 1549 2881 ipsa
1564 2851 1593 2870 v.
1608 2840 1693 2870 Gro-

954 2897 1029 2917 nov.
1054 2888 1134 2918 Obs.
1159 2888 1200 2917 iv.
1215 2887 1270 2919 26.
1301 2885 1501 2921 *adhibere,
1517 2884 1581 2914 uti.
1603 2883 1693 2914 Phil.

954 2931 1024 2963 xiii.
1043 2934 1094 2963 18.
1125 2930 1242 2966 culam
1266 2929 1423 2964 inhiberet
1444 2927 1612 2970 supplici·
1635 2937 1694 2958 uo-

1007 2983 1025 3005 Υ
1044 2977 1065 3006 4
