1985 3206
229 97 278 132 10
450 87 776 130 PRAEFATIO
808 87 1129 131 EDITIONIS
1162 88 1483 132 SECUNDAE.

226 219 335 253 rum,
360 212 400 244 et
434 202 738 258 qualiscunque
767 201 974 242 doctrinae
1006 211 1178 252 nostrae,
1209 201 1421 257 praesidia,
1444 201 1589 243 tollere
1620 210 1712 245 ten-

227 270 436 302 taremus:
471 274 546 299 nec
578 260 630 298 ab
653 273 702 298 eo
724 259 902 298 consilio
923 273 1034 299 nunc
1066 258 1190 298 alieni
1222 272 1380 298 sumu3.
1441 258 1521 299 Sed
1554 259 1636 300 alia
1656 275 1710 302 ex

227 318 319 358 aliis
342 316 669 371 occupationum
703 315 1009 369 impedimenta
1030 329 1107 354 nos
1129 314 1180 354 ad
1205 314 1313 354 hane
1335 313 1447 354 diem
1477 315 1531 354 ab
1554 314 1624 355 illo
1648 317 1712 356 in-

227 376 380 415 stituto
403 373 679 422 1·‹.›tardarunt‚
701 379 744 410 ct
766 379 812 410 ut
841 385 955 412 nunc
977 380 1054 420 est,
1078 385 1207 425 parva
1237 384 1330 425 spes
1353 371 1591 411 ostenditur
1622 386 1712 411 ma-

220 431 330 486 joris
373 430 464 479 otii,
506 442 633 483 quam
675 427 797 467 nobis
842 427 1129 482 superioribus
1170 428 1291 467 annis
1334 426 1533 481 contigit.
1596 427 1712 468 Raro

228 489 363 528 otium
390 486 503 526 venit
535 485 585 524 ad
618 484 709 534 hos,
732 484 804 537 qui
835 498 885 524 eo
915 484 966 524 ad
999 483 1227 524 utilitatem
1251 498 1522 523 communem
1553 484 1615 523 uti
1646 485 1713 526 vel

227 544 407 600 possint,
428 542 491 582 vel
521 541 665 582 velint.
727 539 804 580 Est
833 540 965 595 igitur
995 540 1039 581 in
1072 554 1198 580 manu
1234 539 1316 581 Dei
1347 549 1522 580 eventus
1544 541 1711 582 consilii

227 600 377 649 nostri,
419 613 496 639 nec
534 599 763 652 quicquam
801 598 1018 647 audemus,
1054 611 1312 652 quamquam
1351 597 1587 652 cupientes,
1629 597 1711 639 hoc

228 666 420 712 tempore
462 656 722 710 promittere.
783 653 989 694 Voluntas
1031 654 1218 708 quidem,
1251 666 1294 694 ct
1334 653 1414 694 hac
1454 654 1632 705 ratione,
1668 665 1711 695 et.

227 726 480 769 quacunque.
513 712 606 760 alia,
639 710 793 751 divinis
831 709 1112 765 humanisque
1149 711 1282 750 literis
1315 724 1488 766 operam
1526 712 1710 752 navandi

227 771 427 825 aliquam,
458 783 541 809 non
577 766 768 807 inutilem
800 767 1015 817 studiosis,
1046 767 1176 807 etiam
1206 782 1304 807 cum
1332 767 1527 807 molestia
1551 777 1710 819 nostra,

226 841 444 881 nunquam
479 824 601 865 nobis
630 823 777 864 deerit.
837 824 952 870 Quid
981 823 1093 864 enim
1119 824 1268 864 melius
1301 823 1440 864 facem
1472 838 1710 879 possumus,

228 892 355 939 atquc
383 884 511 923 etiam
537 881 785 936 jucundius,
816 895 943 936 quam
976 880 1210 921 faciliorem
1239 890 1281 921 et
1311 880 1586 921 munitiorem
1614 882 1710 922 red-

226 942 325 982 dere
350 939 583 995 juventuti,
605 938 840 993 praesertim
863 936 1068 993 cupienti,
1091 938 1255 978 aditum
1286 938 1336 978 ad
1360 937 1600 977 divinarum
1631 937 1710 978 hu-

226 1010 531 1050 manarumque
562 995 775 1036 literarum
806 994 1147 1050 intelligentiam,
1169 994 1251 1035 hoc
1272 1004 1350 1045 est,
1371 993 1423 1034 ad
1455 994 1709 1050 sapientiam

226 1055 415 1095 divinam
448 1062 489 1093 et
528 1052 890 1107 humanambpro
929 1066 1014 1106 qua
1047 1051 1176 1092 etiam
1210 1060 1309 1092 vota
1343 1051 1537 1101 facimus,
1576 1061 1624 1091 ut
1664 1052 1709 1093 in

226 1112 316 1152 dies
352 1110 520 1165 longius
552 1125 601 1150 ac
638 1109 762 1149 latius
801 1117 1076 1165 propagetur,
1105 1117 1148 1148 et
1182 1109 1416 1149 uberrimos
1452 1107 1623 1164 pietatis
1664 1109 1709 1150 in

228 1168 385 1218 Deum,
425 1167 674 1222 virtutisque
725 1166 879 1216 omnis,
920 1164 1090 1220 publice
1133 1165 1416 1220 privatimque
1457 1164 1708 1221 profuturae,

226 1225 388 1267 fructus
411 1224 521 1265 edat.
554 1223 643 1265 Ser.
666 1223 838 1280 Lipsiae,
859 1222 1006 1263 Idibus
1032 1222 1218 1274 Martiis,
1237 1237 1274 1263 a.
1291 1222 1340 1263 C.
1360 1235 1435 1263 cm
1461 1235 1569 1263 mcc
1589 1235 1717 1264 μνη.-
