<?xml version="1.0" encoding="UTF-8"?>
<!DOCTYPE html PUBLIC "-//W3C//DTD XHTML 1.0 Transitional//EN"
    "http://www.w3.org/TR/xhtml1/DTD/xhtml1-transitional.dtd">
<html xmlns="http://www.w3.org/1999/xhtml" xml:lang="en" lang="en">
 <head>
  <title>
</title>
<meta http-equiv="Content-Type" content="text/html;charset=utf-8" />
  <meta name='ocr-system' content='tesseract 3.04.00' />
  <meta name='ocr-capabilities' content='ocr_page ocr_carea ocr_par ocr_line ocrx_word'/>
</head>
<body>
  <div class='ocr_page' id='page_1' title='image "./clavisciceronian00erneuoft/clavisciceronian00erneuoft_0073.png"; bbox 0 0 1985 3206; ppageno 0'>
   <div class='ocr_carea' id='block_1_1' title="bbox 749 115 1199 155">
    <p class='ocr_par' dir='ltr' id='par_1_1' title="bbox 749 115 1199 155">
     <span class='ocr_line' id='line_1_1' title="bbox 749 115 1199 155; baseline -0.002 -3"><span class='ocrx_word' id='word_1_1' title='bbox 749 124 897 155; x_wconf 67' lang='lat' dir='ltr'>mnnx</span> <span class='ocrx_word' id='word_1_2' title='bbox 919 115 1199 151; x_wconf 72' lang='lat' dir='ltr'>nls&#39;ronlctfs.</span> 
     </span>
    </p>
   </div>
   <div class='ocr_carea' id='block_1_2' title="bbox 221 212 956 2956">
    <p class='ocr_par' dir='ltr' id='par_1_2' title="bbox 221 212 954 818">
     <span class='ocr_line' id='line_1_2' title="bbox 223 212 951 253; baseline -0.003 -10"><span class='ocrx_word' id='word_1_3' title='bbox 223 213 453 253; x_wconf 73' lang='lat' dir='ltr'>fugitivorum,</span> <span class='ocrx_word' id='word_1_4' title='bbox 470 212 614 244; x_wconf 74' lang='lat' dir='ltr'>libr-ralis</span> <span class='ocrx_word' id='word_1_5' title='bbox 639 213 673 243; x_wconf 89' lang='lat' dir='ltr'>in</span> <span class='ocrx_word' id='word_1_6' title='bbox 697 213 848 242; x_wconf 75' lang='lat' dir='ltr'>civitates</span> <span class='ocrx_word' id='word_1_7' title='bbox 871 212 951 241; x_wconf 83' lang='lat' dir='ltr'>Sici-</span> 
     </span>
     <span class='ocr_line' id='line_1_3' title="bbox 222 255 952 287; baseline -0.003 0"><span class='ocrx_word' id='word_1_8' title='bbox 222 257 286 287; x_wconf 83' lang='lat' dir='ltr'>liae.</span> <span class='ocrx_word' id='word_1_9' title='bbox 317 259 351 287; x_wconf 89' lang='lat' dir='ltr'>in</span> <span class='ocrx_word' id='word_1_10' title='bbox 376 257 468 286; x_wconf 84' lang='lat' dir='ltr'>Verr.</span> <span class='ocrx_word' id='word_1_11' title='bbox 493 257 537 286; x_wconf 87' lang='lat' dir='ltr'>iii.</span> <span class='ocrx_word' id='word_1_12' title='bbox 565 260 615 287; x_wconf 77' lang='lat'>5⁴.</span> <span class='ocrx_word' id='word_1_13' title='bbox 654 257 806 286; x_wconf 86' lang='lat' dir='ltr'>Procons.</span> <span class='ocrx_word' id='word_1_14' title='bbox 833 255 952 285; x_wconf 80' lang='lat' dir='ltr'>Siciliae</span> 
     </span>
     <span class='ocr_line' id='line_1_4' title="bbox 222 299 954 330; baseline -0.003 0"><span class='ocrx_word' id='word_1_15' title='bbox 222 300 276 330; x_wconf 70' lang='grc' dir='ltr'>ΒΓ.</span> <span class='ocrx_word' id='word_1_16' title='bbox 302 301 353 330; x_wconf 81' lang='lat'>62.</span> <span class='ocrx_word' id='word_1_17' title='bbox 384 301 423 330; x_wconf 89' lang='lat' dir='ltr'>de</span> <span class='ocrx_word' id='word_1_18' title='bbox 447 300 541 330; x_wconf 84' lang='lat' dir='ltr'>offic.</span> <span class='ocrx_word' id='word_1_19' title='bbox 558 301 589 330; x_wconf 92' lang='lat' dir='ltr'>ii.</span> <span class='ocrx_word' id='word_1_20' title='bbox 610 303 658 330; x_wconf 88' lang='lat'>14.</span> <span class='ocrx_word' id='word_1_21' title='bbox 689 305 866 330; x_wconf 85' lang='lat' dir='ltr'>accusatur</span> <span class='ocrx_word' id='word_1_22' title='bbox 881 299 954 328; x_wconf 81' lang='lat' dir='ltr'>‹lili-</span> 
     </span>
     <span class='ocr_line' id='line_1_5' title="bbox 222 342 953 383; baseline -0.001 -11"><span class='ocrx_word' id='word_1_23' title='bbox 222 350 340 382; x_wconf 81' lang='lat' dir='ltr'>gcnter</span> <span class='ocrx_word' id='word_1_24' title='bbox 355 354 374 373; x_wconf 82' lang='lat' dir='ltr'>a</span> <span class='ocrx_word' id='word_1_25' title='bbox 392 344 426 374; x_wconf 88' lang='lat' dir='ltr'>L.</span> <span class='ocrx_word' id='word_1_26' title='bbox 441 344 543 373; x_wconf 82' lang='lat' dir='ltr'>Fufio.</span> <span class='ocrx_word' id='word_1_27' title='bbox 561 354 591 383; x_wconf 90' lang='lat' dir='ltr'>p.</span> <span class='ocrx_word' id='word_1_28' title='bbox 608 343 713 373; x_wconf 85' lang='lat' dir='ltr'>Flacc.</span> <span class='ocrx_word' id='word_1_29' title='bbox 731 347 782 377; x_wconf 81' lang='grc'>39.</span> <span class='ocrx_word' id='word_1_30' title='bbox 814 342 953 372; x_wconf 83' lang='lat' dir='ltr'>absolvi-</span> 
     </span>
     <span class='ocr_line' id='line_1_6' title="bbox 222 386 953 427; baseline -0.001 -11"><span class='ocrx_word' id='word_1_31' title='bbox 222 392 279 416; x_wconf 85' lang='lat' dir='ltr'>tur</span> <span class='ocrx_word' id='word_1_32' title='bbox 295 393 430 427; x_wconf 81' lang='lat' dir='ltr'>proptcr</span> <span class='ocrx_word' id='word_1_33' title='bbox 445 388 640 417; x_wconf 78' lang='lat' dir='ltr'>memoriam</span> <span class='ocrx_word' id='word_1_34' title='bbox 663 386 741 416; x_wconf 90' lang='lat' dir='ltr'>belli</span> <span class='ocrx_word' id='word_1_35' title='bbox 765 396 840 416; x_wconf 87' lang='lat' dir='ltr'>cum</span> <span class='ocrx_word' id='word_1_36' title='bbox 866 386 953 425; x_wconf 80' lang='lat' dir='ltr'>fugi-</span> 
     </span>
     <span class='ocr_line' id='line_1_7' title="bbox 221 430 954 460; baseline -0.001 0"><span class='ocrx_word' id='word_1_37' title='bbox 221 431 307 460; x_wconf 73' lang='lat' dir='ltr'>tivis.</span> <span class='ocrx_word' id='word_1_38' title='bbox 324 431 357 460; x_wconf 91' lang='lat' dir='ltr'>in</span> <span class='ocrx_word' id='word_1_39' title='bbox 375 430 484 460; x_wconf 77' lang='lat' dir='ltr'>Caecil.</span> <span class='ocrx_word' id='word_1_40' title='bbox 501 433 552 460; x_wconf 79' lang='lat'>21.</span> <span class='ocrx_word' id='word_1_41' title='bbox 583 436 759 460; x_wconf 79' lang='lat' dir='ltr'>accusatur</span> <span class='ocrx_word' id='word_1_42' title='bbox 782 441 801 459; x_wconf 86' lang='lat' dir='ltr'>a</span> <span class='ocrx_word' id='word_1_43' title='bbox 816 430 850 459; x_wconf 89' lang='lat' dir='ltr'>P.</span> <span class='ocrx_word' id='word_1_44' title='bbox 870 430 954 459; x_wconf 85' lang='lat' dir='ltr'>Len—</span> 
     </span>
     <span class='ocr_line' id='line_1_8' title="bbox 222 473 952 513; baseline -0.003 -9"><span class='ocrx_word' id='word_1_45' title='bbox 222 473 308 510; x_wconf 87' lang='lat' dir='ltr'>tulo,</span> <span class='ocrx_word' id='word_1_46' title='bbox 325 475 473 513; x_wconf 76' lang='lat' dir='ltr'>principe</span> <span class='ocrx_word' id='word_1_47' title='bbox 489 479 635 503; x_wconf 76' lang='lat' dir='ltr'>senatus.</span> <span class='ocrx_word' id='word_1_48' title='bbox 649 474 740 504; x_wconf 86' lang='lat' dir='ltr'>Orat.</span> <span class='ocrx_word' id='word_1_49' title='bbox 753 474 785 503; x_wconf 92' lang='lat' dir='ltr'>ii.</span> <span class='ocrx_word' id='word_1_50' title='bbox 799 476 850 504; x_wconf 72' lang='lat'>⁴5.</span> <span class='ocrx_word' id='word_1_51' title='bbox 875 483 952 503; x_wconf 85' lang='lat' dir='ltr'>eum</span> 
     </span>
     <span class='ocr_line' id='line_1_9' title="bbox 224 516 952 548; baseline 0.001 -2"><span class='ocrx_word' id='word_1_52' title='bbox 224 517 373 548; x_wconf 74' lang='lat' dir='ltr'>defendit</span> <span class='ocrx_word' id='word_1_53' title='bbox 401 518 566 547; x_wconf 79' lang='lat' dir='ltr'>Antonius</span> <span class='ocrx_word' id='word_1_54' title='bbox 595 523 715 547; x_wconf 78' lang='lat' dir='ltr'>orator.</span> <span class='ocrx_word' id='word_1_55' title='bbox 743 516 843 546; x_wconf 87' lang='lat' dir='ltr'>Tusc.</span> <span class='ocrx_word' id='word_1_56' title='bbox 870 527 897 546; x_wconf 83' lang='lat' dir='ltr'>v.</span> <span class='ocrx_word' id='word_1_57' title='bbox 923 519 952 547; x_wconf 81' lang='lat'>5.</span> 
     </span>
     <span class='ocr_line' id='line_1_10' title="bbox 224 560 953 600; baseline 0 -10"><span class='ocrx_word' id='word_1_58' title='bbox 224 560 350 590; x_wconf 82' lang='lat' dir='ltr'>crudeli</span> <span class='ocrx_word' id='word_1_59' title='bbox 366 566 473 590; x_wconf 87' lang='lat' dir='ltr'>morte</span> <span class='ocrx_word' id='word_1_60' title='bbox 494 561 601 600; x_wconf 87' lang='lat' dir='ltr'>periit.</span> <span class='ocrx_word' id='word_1_61' title='bbox 649 560 713 591; x_wconf 89' lang='lat' dir='ltr'>Est</span> <span class='ocrx_word' id='word_1_62' title='bbox 735 562 820 590; x_wconf 79' lang='lat' dir='ltr'>enim</span> <span class='ocrx_word' id='word_1_63' title='bbox 844 571 864 590; x_wconf 84' lang='lat' dir='ltr'>a</span> <span class='ocrx_word' id='word_1_64' title='bbox 888 560 953 590; x_wconf 72' lang='lat' dir='ltr'>Mi·-</span> 
     </span>
     <span class='ocr_line' id='line_1_11' title="bbox 224 603 953 645; baseline -0.003 -11"><span class='ocrx_word' id='word_1_65' title='bbox 224 605 381 641; x_wconf 79' lang='lat' dir='ltr'>thridate,</span> <span class='ocrx_word' id='word_1_66' title='bbox 394 614 476 635; x_wconf 74' lang='lat' dir='ltr'>auro</span> <span class='ocrx_word' id='word_1_67' title='bbox 491 604 662 645; x_wconf 66' lang='lat' dir='ltr'>liquefacto</span> <span class='ocrx_word' id='word_1_68' title='bbox 677 605 708 634; x_wconf 81' lang='lat' dir='ltr'>in</span> <span class='ocrx_word' id='word_1_69' title='bbox 721 614 753 632; x_wconf 84' lang='lat' dir='ltr'>os</span> <span class='ocrx_word' id='word_1_70' title='bbox 768 603 887 643; x_wconf 63' lang='lat' dir='ltr'>inlusa,</span> <span class='ocrx_word' id='word_1_71' title='bbox 899 614 953 633; x_wconf 77' lang='lat' dir='ltr'>ne-</span> 
     </span>
     <span class='ocr_line' id='line_1_12' title="bbox 223 649 954 687; baseline -0.003 -9"><span class='ocrx_word' id='word_1_72' title='bbox 223 653 328 678; x_wconf 74' lang='lat' dir='ltr'>catus.</span> <span class='ocrx_word' id='word_1_73' title='bbox 357 650 505 678; x_wconf 64' lang='lat' dir='ltr'>(fetorum</span> <span class='ocrx_word' id='word_1_74' title='bbox 524 650 611 678; x_wconf 81' lang='lat' dir='ltr'>hunc</span> <span class='ocrx_word' id='word_1_75' title='bbox 621 649 802 687; x_wconf 81' lang='lat' dir='ltr'>Aquillium</span> <span class='ocrx_word' id='word_1_76' title='bbox 815 649 954 677; x_wconf 78' lang='lat' dir='ltr'>alterius</span> 
     </span>
     <span class='ocr_line' id='line_1_13' title="bbox 224 692 954 732; baseline -0.004 -10"><span class='ocrx_word' id='word_1_77' title='bbox 224 692 274 722; x_wconf 85' lang='lat' dir='ltr'>M.</span> <span class='ocrx_word' id='word_1_78' title='bbox 290 692 440 731; x_wconf 79' lang='lat' dir='ltr'>Aquillii,</span> <span class='ocrx_word' id='word_1_79' title='bbox 452 693 507 732; x_wconf 79' lang='lat' dir='ltr'>qui</span> <span class='ocrx_word' id='word_1_80' title='bbox 523 703 542 722; x_wconf 85' lang='lat' dir='ltr'>a</span> <span class='ocrx_word' id='word_1_81' title='bbox 561 692 604 722; x_wconf 90' lang='lat' dir='ltr'>P.</span> <span class='ocrx_word' id='word_1_82' title='bbox 624 692 764 721; x_wconf 75' lang='lat' dir='ltr'><em>Lentulo</em></span> <span class='ocrx_word' id='word_1_83' title='bbox 779 695 954 721; x_wconf 75' lang='lat' dir='ltr'>accusatus</span> 
     </span>
     <span class='ocr_line' id='line_1_14' title="bbox 224 735 953 775; baseline -0.003 -10"><span class='ocrx_word' id='word_1_84' title='bbox 224 740 283 772; x_wconf 76' lang='lat' dir='ltr'>est,</span> <span class='ocrx_word' id='word_1_85' title='bbox 297 736 415 775; x_wconf 82' lang='lat' dir='ltr'>filium</span> <span class='ocrx_word' id='word_1_86' title='bbox 434 740 536 775; x_wconf 82' lang='lat' dir='ltr'>putat</span> <span class='ocrx_word' id='word_1_87' title='bbox 558 735 734 765; x_wconf 68' lang='lat' dir='ltr'>lllanutius</span> <span class='ocrx_word' id='word_1_88' title='bbox 757 735 802 764; x_wconf 83' lang='lat' dir='ltr'>ad</span> <span class='ocrx_word' id='word_1_89' title='bbox 823 735 903 766; x_wconf 76' lang='lat' dir='ltr'>Dz&#39;v.</span> <span class='ocrx_word' id='word_1_90' title='bbox 918 735 953 764; x_wconf 81' lang='lat' dir='ltr'>in</span> 
     </span>
     <span class='ocr_line' id='line_1_15' title="bbox 230 778 780 818; baseline -0.004 -9"><span class='ocrx_word' id='word_1_91' title='bbox 230 779 332 810; x_wconf 79' lang='lat' dir='ltr'>Caecz&#39;l.</span> <span class='ocrx_word' id='word_1_92' title='bbox 347 789 374 809; x_wconf 79' lang='lat'>‹¹-</span> <span class='ocrx_word' id='word_1_93' title='bbox 391 782 443 810; x_wconf 69' lang='grc' dir='ltr'>ι,11.</span> <span class='ocrx_word' id='word_1_94' title='bbox 475 779 559 809; x_wconf 86' lang='lat' dir='ltr'>Mihi</span> <span class='ocrx_word' id='word_1_95' title='bbox 580 789 646 808; x_wconf 87' lang='lat' dir='ltr'>non</span> <span class='ocrx_word' id='word_1_96' title='bbox 662 778 780 818; x_wconf 86' lang='lat' dir='ltr'>liquet.</span> 
     </span>
    </p>

    <p class='ocr_par' dir='ltr' id='par_1_3' title="bbox 224 822 952 906">
     <span class='ocr_line' id='line_1_16' title="bbox 268 822 952 862; baseline 0 -10"><span class='ocrx_word' id='word_1_97' title='bbox 268 823 444 862; x_wconf 77' lang='lat' dir='ltr'><em>Aquinius,</em></span> <span class='ocrx_word' id='word_1_98' title='bbox 460 822 561 853; x_wconf 85' lang='lat' dir='ltr'>Tusc.</span> <span class='ocrx_word' id='word_1_99' title='bbox 586 833 614 852; x_wconf 87' lang='lat' dir='ltr'>V.</span> <span class='ocrx_word' id='word_1_100' title='bbox 633 824 684 853; x_wconf 80' lang='lat'>22.</span> <span class='ocrx_word' id='word_1_101' title='bbox 716 822 824 852; x_wconf 84' lang='lat' dir='ltr'>malus</span> <span class='ocrx_word' id='word_1_102' title='bbox 841 825 952 862; x_wconf 71' lang='lat' dir='ltr'>poeta,</span> 
     </span>
     <span class='ocr_line' id='line_1_17' title="bbox 224 867 873 906; baseline 0 -10"><span class='ocrx_word' id='word_1_103' title='bbox 224 868 281 906; x_wconf 83' lang='lat' dir='ltr'>qui</span> <span class='ocrx_word' id='word_1_104' title='bbox 295 868 395 896; x_wconf 76' lang='lat' dir='ltr'>etiam</span> <span class='ocrx_word' id='word_1_105' title='bbox 411 877 430 897; x_wconf 90' lang='lat' dir='ltr'>a</span> <span class='ocrx_word' id='word_1_106' title='bbox 453 867 579 897; x_wconf 71' lang='lat' dir='ltr'>Catullo</span> <span class='ocrx_word' id='word_1_107' title='bbox 595 870 741 902; x_wconf 81' lang='lat' dir='ltr'>notatur,</span> <span class='ocrx_word' id='word_1_108' title='bbox 757 875 805 905; x_wconf 82' lang='lat' dir='ltr'>ep.</span> <span class='ocrx_word' id='word_1_109' title='bbox 826 869 873 896; x_wconf 77' lang='lat'>14.</span> 
     </span>
    </p>

    <p class='ocr_par' dir='ltr' id='par_1_4' title="bbox 225 910 955 1072">
     <span class='ocr_line' id='line_1_18' title="bbox 269 910 955 947; baseline -0.003 -7"><span class='ocrx_word' id='word_1_110' title='bbox 269 910 408 945; x_wconf 79' lang='lat' dir='ltr'>Aratus,</span> <span class='ocrx_word' id='word_1_111' title='bbox 423 911 505 941; x_wconf 84' lang='lat' dir='ltr'>Nat.</span> <span class='ocrx_word' id='word_1_112' title='bbox 527 910 568 940; x_wconf 89' lang='lat' dir='ltr'>D.</span> <span class='ocrx_word' id='word_1_113' title='bbox 586 910 619 939; x_wconf 87' lang='lat' dir='ltr'>ii.</span> <span class='ocrx_word' id='word_1_114' title='bbox 636 913 688 940; x_wconf 81' lang='lat'>41.</span> <span class='ocrx_word' id='word_1_115' title='bbox 716 910 786 947; x_wconf 84' lang='lat' dir='ltr'>ejus</span> <span class='ocrx_word' id='word_1_116' title='bbox 805 910 955 939; x_wconf 87' lang='lat' dir='ltr'>carmina</span> 
     </span>
     <span class='ocr_line' id='line_1_19' title="bbox 225 953 953 984; baseline -0.001 -1"><span class='ocrx_word' id='word_1_117' title='bbox 225 964 244 983; x_wconf 85' lang='lat' dir='ltr'>a</span> <span class='ocrx_word' id='word_1_118' title='bbox 283 954 443 983; x_wconf 76' lang='lat' dir='ltr'>Cicerone</span> <span class='ocrx_word' id='word_1_119' title='bbox 481 953 660 984; x_wconf 84' lang='lat' dir='ltr'>admodum</span> <span class='ocrx_word' id='word_1_120' title='bbox 705 953 953 983; x_wconf 83' lang='lat' dir='ltr'>adolescentulo</span> 
     </span>
     <span class='ocr_line' id='line_1_20' title="bbox 227 996 953 1028; baseline 0.003 -3"><span class='ocrx_word' id='word_1_121' title='bbox 227 1003 482 1028; x_wconf 81' lang='lat' dir='ltr'>convertuntur.</span> <span class='ocrx_word' id='word_1_122' title='bbox 511 997 550 1027; x_wconf 89' lang='lat' dir='ltr'>de</span> <span class='ocrx_word' id='word_1_123' title='bbox 574 997 630 1028; x_wconf 90' lang='lat' dir='ltr'>Or.</span> <span class='ocrx_word' id='word_1_124' title='bbox 654 997 674 1026; x_wconf 92' lang='lat' dir='ltr'>i.</span> <span class='ocrx_word' id='word_1_125' title='bbox 700 997 749 1027; x_wconf 85' lang='lat'>16.</span> <span class='ocrx_word' id='word_1_126' title='bbox 784 996 886 1027; x_wconf 85' lang='lat' dir='ltr'>Acad.</span> <span class='ocrx_word' id='word_1_127' title='bbox 911 998 953 1027; x_wconf 85' lang='lat' dir='ltr'>iv.</span> 
     </span>
     <span class='ocr_line' id='line_1_21' title="bbox 226 1042 278 1072; baseline -0.019 0"><span class='ocrx_word' id='word_1_128' title='bbox 226 1042 278 1072; x_wconf 71' lang='lat'>90.</span> 
     </span>
    </p>

    <p class='ocr_par' dir='ltr' id='par_1_5' title="bbox 226 1083 954 1297">
     <span class='ocr_line' id='line_1_22' title="bbox 269 1083 954 1124; baseline -0.003 -9"><span class='ocrx_word' id='word_1_129' title='bbox 269 1085 395 1115; x_wconf 79' lang='lat' dir='ltr'><em>Aratus</em></span> <span class='ocrx_word' id='word_1_130' title='bbox 417 1085 601 1124; x_wconf 83' lang='lat' dir='ltr'>Sicyonius,</span> <span class='ocrx_word' id='word_1_131' title='bbox 617 1084 711 1114; x_wconf 82' lang='lat' dir='ltr'>offic.</span> <span class='ocrx_word' id='word_1_132' title='bbox 735 1085 768 1113; x_wconf 91' lang='lat' dir='ltr'>ii.</span> <span class='ocrx_word' id='word_1_133' title='bbox 793 1086 845 1114; x_wconf 71' lang='lat'>⁶23.</span> <span class='ocrx_word' id='word_1_134' title='bbox 882 1083 954 1113; x_wconf 88' lang='lat' dir='ltr'>lau-</span> 
     </span>
     <span class='ocr_line' id='line_1_23' title="bbox 226 1128 952 1168; baseline -0.001 -10"><span class='ocrx_word' id='word_1_135' title='bbox 226 1128 336 1158; x_wconf 86' lang='lat' dir='ltr'>datur.</span> <span class='ocrx_word' id='word_1_136' title='bbox 381 1128 526 1158; x_wconf 86' lang='lat' dir='ltr'>Patriam</span> <span class='ocrx_word' id='word_1_137' title='bbox 552 1138 571 1157; x_wconf 84' lang='lat' dir='ltr'>a</span> <span class='ocrx_word' id='word_1_138' title='bbox 592 1133 735 1168; x_wconf 76' lang='lat' dir='ltr'>tyranno</span> <span class='ocrx_word' id='word_1_139' title='bbox 763 1138 952 1168; x_wconf 80' lang='lat' dir='ltr'>oppressam</span> 
     </span>
     <span class='ocr_line' id='line_1_24' title="bbox 226 1171 952 1211; baseline 0 -10"><span class='ocrx_word' id='word_1_140' title='bbox 226 1171 355 1202; x_wconf 86' lang='lat' dir='ltr'>liberat.</span> <span class='ocrx_word' id='word_1_141' title='bbox 400 1171 466 1202; x_wconf 88' lang='lat' dir='ltr'>Est</span> <span class='ocrx_word' id='word_1_142' title='bbox 501 1176 616 1201; x_wconf 77' lang='lat' dir='ltr'>auctor</span> <span class='ocrx_word' id='word_1_143' title='bbox 639 1171 779 1211; x_wconf 61' lang='lat' dir='ltr'>foedm‘is</span> <span class='ocrx_word' id='word_1_144' title='bbox 806 1172 952 1209; x_wconf 80' lang='lat' dir='ltr'>Achaici,</span> 
     </span>
     <span class='ocr_line' id='line_1_25' title="bbox 226 1213 953 1254; baseline 0.003 -10"><span class='ocrx_word' id='word_1_145' title='bbox 226 1213 322 1254; x_wconf 77' lang='lat' dir='ltr'>cujus</span> <span class='ocrx_word' id='word_1_146' title='bbox 335 1216 438 1245; x_wconf 82' lang='lat' dir='ltr'>vitam</span> <span class='ocrx_word' id='word_1_147' title='bbox 453 1216 638 1245; x_wconf 78' lang='lat' dir='ltr'>luculenter</span> <span class='ocrx_word' id='word_1_148' title='bbox 659 1216 786 1254; x_wconf 80' lang='lat' dir='ltr'>scripsit</span> <span class='ocrx_word' id='word_1_149' title='bbox 810 1215 953 1246; x_wconf 84' lang='lat' dir='ltr'>Plutar-</span> 
     </span>
     <span class='ocr_line' id='line_1_26' title="bbox 226 1257 644 1297; baseline 0 -9"><span class='ocrx_word' id='word_1_150' title='bbox 226 1260 324 1288; x_wconf 82' lang='lat' dir='ltr'>chus:</span> <span class='ocrx_word' id='word_1_151' title='bbox 348 1259 424 1288; x_wconf 87' lang='lat' dir='ltr'>add.</span> <span class='ocrx_word' id='word_1_152' title='bbox 439 1257 555 1297; x_wconf 79' lang='lat' dir='ltr'>Polyb.</span> <span class='ocrx_word' id='word_1_153' title='bbox 573 1260 593 1288; x_wconf 91' lang='lat' dir='ltr'>l.</span> <span class='ocrx_word' id='word_1_154' title='bbox 610 1259 644 1288; x_wconf 90' lang='lat' dir='ltr'>ii.</span> 
     </span>
    </p>

    <p class='ocr_par' dir='ltr' id='par_1_6' title="bbox 223 1302 955 1386">
     <span class='ocr_line' id='line_1_27' title="bbox 267 1302 955 1340; baseline 0.001 -9"><span class='ocrx_word' id='word_1_155' title='bbox 267 1302 466 1339; x_wconf 72' lang='lat' dir='ltr'>Arbuscula,</span> <span class='ocrx_word' id='word_1_156' title='bbox 484 1302 525 1331; x_wconf 88' lang='lat' dir='ltr'>ad</span> <span class='ocrx_word' id='word_1_157' title='bbox 547 1303 619 1332; x_wconf 86' lang='lat' dir='ltr'>Att.</span> <span class='ocrx_word' id='word_1_158' title='bbox 641 1303 682 1332; x_wconf 88' lang='lat' dir='ltr'>iv.</span> <span class='ocrx_word' id='word_1_159' title='bbox 704 1306 751 1333; x_wconf 75' lang='lat'>13.</span> <span class='ocrx_word' id='word_1_160' title='bbox 781 1302 899 1340; x_wconf 88' lang='lat' dir='ltr'>Mima,</span> <span class='ocrx_word' id='word_1_161' title='bbox 915 1303 955 1332; x_wconf 81' lang='lat' dir='ltr'>de</span> 
     </span>
     <span class='ocr_line' id='line_1_28' title="bbox 223 1346 590 1386; baseline 0.003 -11"><span class='ocrx_word' id='word_1_162' title='bbox 223 1355 290 1386; x_wconf 79' lang='lat' dir='ltr'>qua</span> <span class='ocrx_word' id='word_1_163' title='bbox 305 1351 351 1376; x_wconf 82' lang='lat' dir='ltr'>est</span> <span class='ocrx_word' id='word_1_164' title='bbox 365 1346 455 1384; x_wconf 77' lang='lat' dir='ltr'>apud</span> <span class='ocrx_word' id='word_1_165' title='bbox 473 1346 590 1376; x_wconf 81' lang='lat' dir='ltr'>Horat.</span> 
     </span>
    </p>

    <p class='ocr_par' dir='ltr' id='par_1_7' title="bbox 224 1388 954 1691">
     <span class='ocr_line' id='line_1_29' title="bbox 268 1388 953 1427; baseline 0.001 -9"><span class='ocrx_word' id='word_1_166' title='bbox 268 1390 443 1427; x_wconf 73' lang='lat' dir='ltr'>Arcesilas,</span> <span class='ocrx_word' id='word_1_167' title='bbox 460 1389 500 1419; x_wconf 83' lang='lat' dir='ltr'>de</span> <span class='ocrx_word' id='word_1_168' title='bbox 523 1389 579 1420; x_wconf 87' lang='lat' dir='ltr'>Or.</span> <span class='ocrx_word' id='word_1_169' title='bbox 603 1389 650 1419; x_wconf 83' lang='lat' dir='ltr'>iii.</span> <span class='ocrx_word' id='word_1_170' title='bbox 678 1390 727 1419; x_wconf 82' lang='grc'>18.</span> <span class='ocrx_word' id='word_1_171' title='bbox 765 1388 953 1419; x_wconf 84' lang='lat' dir='ltr'>Polemonis</span> 
     </span>
     <span class='ocr_line' id='line_1_30' title="bbox 226 1432 953 1473; baseline 0.001 -11"><span class='ocrx_word' id='word_1_172' title='bbox 226 1432 418 1473; x_wconf 87' lang='lat' dir='ltr'>discipulus.</span> <span class='ocrx_word' id='word_1_173' title='bbox 438 1433 508 1463; x_wconf 88' lang='lat' dir='ltr'>Fin.</span> <span class='ocrx_word' id='word_1_174' title='bbox 524 1444 553 1463; x_wconf 92' lang='lat' dir='ltr'>v.</span> <span class='ocrx_word' id='word_1_175' title='bbox 570 1436 622 1464; x_wconf 86' lang='lat'>31.</span> <span class='ocrx_word' id='word_1_176' title='bbox 649 1432 807 1472; x_wconf 79' lang='lat' dir='ltr'>Podagrae</span> <span class='ocrx_word' id='word_1_177' title='bbox 826 1432 953 1463; x_wconf 85' lang='lat' dir='ltr'>dolores</span> 
     </span>
     <span class='ocr_line' id='line_1_31' title="bbox 225 1476 954 1516; baseline 0 -10"><span class='ocrx_word' id='word_1_178' title='bbox 225 1477 358 1506; x_wconf 82' lang='lat' dir='ltr'>sortiter</span> <span class='ocrx_word' id='word_1_179' title='bbox 380 1477 457 1507; x_wconf 87' lang='lat' dir='ltr'>fert.</span> <span class='ocrx_word' id='word_1_180' title='bbox 481 1476 581 1507; x_wconf 88' lang='lat' dir='ltr'>Acad.</span> <span class='ocrx_word' id='word_1_181' title='bbox 606 1476 626 1506; x_wconf 89' lang='lat' dir='ltr'>i.</span> <span class='ocrx_word' id='word_1_182' title='bbox 655 1478 702 1507; x_wconf 87' lang='lat'>12.</span> <span class='ocrx_word' id='word_1_183' title='bbox 735 1481 837 1516; x_wconf 83' lang='lat' dir='ltr'>negat</span> <span class='ocrx_word' id='word_1_184' title='bbox 862 1477 954 1515; x_wconf 85' lang='lat' dir='ltr'>quic-</span> 
     </span>
     <span class='ocr_line' id='line_1_32' title="bbox 226 1520 954 1560; baseline -0.001 -10"><span class='ocrx_word' id='word_1_185' title='bbox 226 1530 326 1558; x_wconf 85' lang='lat' dir='ltr'>quam</span> <span class='ocrx_word' id='word_1_186' title='bbox 342 1521 417 1550; x_wconf 90' lang='lat' dir='ltr'>sciri</span> <span class='ocrx_word' id='word_1_187' title='bbox 433 1530 540 1560; x_wconf 89' lang='lat' dir='ltr'>posse,</span> <span class='ocrx_word' id='word_1_188' title='bbox 556 1520 639 1550; x_wconf 91' lang='lat' dir='ltr'>illud</span> <span class='ocrx_word' id='word_1_189' title='bbox 654 1520 764 1560; x_wconf 87' lang='lat' dir='ltr'>ipsum</span> <span class='ocrx_word' id='word_1_190' title='bbox 785 1520 872 1559; x_wconf 91' lang='lat' dir='ltr'>quod</span> <span class='ocrx_word' id='word_1_191' title='bbox 897 1521 954 1550; x_wconf 92' lang='lat' dir='ltr'>So-</span> 
     </span>
     <span class='ocr_line' id='line_1_33' title="bbox 225 1563 954 1603; baseline 0.001 -10"><span class='ocrx_word' id='word_1_192' title='bbox 225 1568 332 1593; x_wconf 78' lang='lat' dir='ltr'>crates</span> <span class='ocrx_word' id='word_1_193' title='bbox 357 1563 546 1603; x_wconf 82' lang='lat' dir='ltr'>reliquerat.</span> <span class='ocrx_word' id='word_1_194' title='bbox 576 1574 653 1594; x_wconf 87' lang='lat' dir='ltr'>cum</span> <span class='ocrx_word' id='word_1_195' title='bbox 678 1563 814 1594; x_wconf 84' lang='lat' dir='ltr'>Zenone</span> <span class='ocrx_word' id='word_1_196' title='bbox 834 1568 954 1595; x_wconf 74' lang='lat' dir='ltr'>certat.</span> 
     </span>
     <span class='ocr_line' id='line_1_34' title="bbox 224 1606 954 1639; baseline 0.003 -3"><span class='ocrx_word' id='word_1_197' title='bbox 224 1607 324 1637; x_wconf 82' lang='lat' dir='ltr'>Acad.</span> <span class='ocrx_word' id='word_1_198' title='bbox 343 1608 383 1637; x_wconf 88' lang='lat' dir='ltr'>iv.</span> <span class='ocrx_word' id='word_1_199' title='bbox 401 1610 452 1639; x_wconf 88' lang='lat'>24.</span> <span class='ocrx_word' id='word_1_200' title='bbox 483 1608 627 1637; x_wconf 79' lang='lat' dir='ltr'>Zenonis</span> <span class='ocrx_word' id='word_1_201' title='bbox 652 1613 687 1637; x_wconf 88' lang='lat' dir='ltr'>et</span> <span class='ocrx_word' id='word_1_202' title='bbox 708 1606 864 1637; x_wconf 85' lang='lat' dir='ltr'>Arcesilae</span> <span class='ocrx_word' id='word_1_203' title='bbox 889 1608 954 1638; x_wconf 91' lang='lat' dir='ltr'>dis-</span> 
     </span>
     <span class='ocr_line' id='line_1_35' title="bbox 225 1652 665 1691; baseline 0.002 -11"><span class='ocrx_word' id='word_1_204' title='bbox 225 1652 357 1691; x_wconf 89' lang='lat' dir='ltr'>putatio</span> <span class='ocrx_word' id='word_1_205' title='bbox 374 1652 408 1681; x_wconf 92' lang='lat' dir='ltr'>in</span> <span class='ocrx_word' id='word_1_206' title='bbox 424 1661 489 1690; x_wconf 84' lang='lat' dir='ltr'>quo</span> <span class='ocrx_word' id='word_1_207' title='bbox 503 1655 665 1681; x_wconf 87' lang='lat' dir='ltr'>vertatur.</span> 
     </span>
    </p>

    <p class='ocr_par' dir='ltr' id='par_1_8' title="bbox 224 1694 954 1769">
     <span class='ocr_line' id='line_1_36' title="bbox 267 1694 954 1734; baseline -0.001 -9"><span class='ocrx_word' id='word_1_208' title='bbox 267 1695 515 1734; x_wconf 72' lang='lat' dir='ltr'>Archagathus,</span> <span class='ocrx_word' id='word_1_209' title='bbox 545 1694 767 1733; x_wconf 85' lang='lat' dir='ltr'>Haluntinus,</span> <span class='ocrx_word' id='word_1_210' title='bbox 797 1695 832 1724; x_wconf 90' lang='lat' dir='ltr'>in</span> <span class='ocrx_word' id='word_1_211' title='bbox 860 1694 954 1725; x_wconf 87' lang='lat' dir='ltr'>Verr.</span> 
     </span>
     <span class='ocr_line' id='line_1_37' title="bbox 224 1738 335 1769; baseline 0.009 -1"><span class='ocrx_word' id='word_1_212' title='bbox 224 1738 266 1768; x_wconf 90' lang='lat' dir='ltr'>iv.</span> <span class='ocrx_word' id='word_1_213' title='bbox 283 1740 335 1769; x_wconf 78' lang='lat'>23.</span> 
     </span>
    </p>

    <p class='ocr_par' dir='ltr' id='par_1_9' title="bbox 224 1781 955 1865">
     <span class='ocr_line' id='line_1_38' title="bbox 267 1781 955 1822; baseline -0.001 -10"><span class='ocrx_word' id='word_1_214' title='bbox 267 1783 386 1819; x_wconf 82' lang='lat' dir='ltr'>Arche,</span> <span class='ocrx_word' id='word_1_215' title='bbox 404 1783 483 1813; x_wconf 88' lang='lat' dir='ltr'>Nat.</span> <span class='ocrx_word' id='word_1_216' title='bbox 507 1783 549 1812; x_wconf 95' lang='lat' dir='ltr'>D.</span> <span class='ocrx_word' id='word_1_217' title='bbox 573 1782 619 1812; x_wconf 85' lang='lat' dir='ltr'>iii.</span> <span class='ocrx_word' id='word_1_218' title='bbox 636 1784 687 1814; x_wconf 87' lang='lat'>21.</span> <span class='ocrx_word' id='word_1_219' title='bbox 718 1781 818 1811; x_wconf 87' lang='lat' dir='ltr'>Musa</span> <span class='ocrx_word' id='word_1_220' title='bbox 833 1792 873 1811; x_wconf 84' lang='lat' dir='ltr'>ex</span> <span class='ocrx_word' id='word_1_221' title='bbox 888 1782 955 1822; x_wconf 88' lang='lat' dir='ltr'>pri-</span> 
     </span>
     <span class='ocr_line' id='line_1_39' title="bbox 224 1825 793 1865; baseline -0.002 -9"><span class='ocrx_word' id='word_1_222' title='bbox 224 1826 287 1856; x_wconf 87' lang='lat' dir='ltr'>mis</span> <span class='ocrx_word' id='word_1_223' title='bbox 303 1831 459 1865; x_wconf 82' lang='lat' dir='ltr'>quatuor,</span> <span class='ocrx_word' id='word_1_224' title='bbox 476 1827 563 1856; x_wconf 81' lang='lat' dir='ltr'>natis</span> <span class='ocrx_word' id='word_1_225' title='bbox 578 1826 660 1856; x_wconf 64' lang='lat' dir='ltr'>«Jove</span> <span class='ocrx_word' id='word_1_226' title='bbox 677 1825 793 1856; x_wconf 86' lang='lat' dir='ltr'>altero.</span> 
     </span>
    </p>

    <p class='ocr_par' dir='ltr' id='par_1_10' title="bbox 224 1870 955 1954">
     <span class='ocr_line' id='line_1_40' title="bbox 268 1870 955 1907; baseline -0.001 -8"><span class='ocrx_word' id='word_1_227' title='bbox 268 1871 464 1907; x_wconf 78' lang='lat' dir='ltr'>Archelaus,</span> <span class='ocrx_word' id='word_1_228' title='bbox 489 1870 564 1900; x_wconf 90' lang='lat' dir='ltr'>Div.</span> <span class='ocrx_word' id='word_1_229' title='bbox 589 1870 622 1900; x_wconf 90' lang='lat' dir='ltr'>ii.</span> <span class='ocrx_word' id='word_1_230' title='bbox 645 1872 698 1900; x_wconf 88' lang='lat'>42.</span> <span class='ocrx_word' id='word_1_231' title='bbox 736 1879 888 1899; x_wconf 84' lang='lat' dir='ltr'>summus</span> <span class='ocrx_word' id='word_1_232' title='bbox 911 1870 955 1899; x_wconf 93' lang='lat' dir='ltr'>A-</span> 
     </span>
     <span class='ocr_line' id='line_1_41' title="bbox 224 1913 725 1954; baseline 0 -11"><span class='ocrx_word' id='word_1_233' title='bbox 224 1913 390 1951; x_wconf 67' lang='lat' dir='ltr'>strologus</span> <span class='ocrx_word' id='word_1_234' title='bbox 407 1919 558 1954; x_wconf 86' lang='lat' dir='ltr'>tempore</span> <span class='ocrx_word' id='word_1_235' title='bbox 575 1914 725 1943; x_wconf 67' lang='lat' dir='ltr'>Panaetii.</span> 
     </span>
    </p>

    <p class='ocr_par' dir='ltr' id='par_1_11' title="bbox 226 1956 952 2041">
     <span class='ocr_line' id='line_1_42' title="bbox 267 1956 952 1995; baseline -0.003 -7"><span class='ocrx_word' id='word_1_236' title='bbox 267 1958 462 1994; x_wconf 75' lang='lat' dir='ltr'>Archelaus,</span> <span class='ocrx_word' id='word_1_237' title='bbox 487 1957 588 1987; x_wconf 81' lang='lat' dir='ltr'>Tusc.</span> <span class='ocrx_word' id='word_1_238' title='bbox 614 1967 644 1987; x_wconf 84' lang='lat' dir='ltr'>V.</span> <span class='ocrx_word' id='word_1_239' title='bbox 675 1960 706 1988; x_wconf 96' lang='lat'>4.</span> <span class='ocrx_word' id='word_1_240' title='bbox 747 1956 952 1995; x_wconf 63' lang='lat' dir='ltr'>Anaxagorae</span> 
     </span>
     <span class='ocr_line' id='line_1_43' title="bbox 226 2001 942 2041; baseline -0.001 -9"><span class='ocrx_word' id='word_1_241' title='bbox 226 2001 421 2041; x_wconf 85' lang='lat' dir='ltr'>discipulus,</span> <span class='ocrx_word' id='word_1_242' title='bbox 435 2001 584 2041; x_wconf 82' lang='lat' dir='ltr'>idemque</span> <span class='ocrx_word' id='word_1_243' title='bbox 599 2001 743 2032; x_wconf 85' lang='lat' dir='ltr'>Socratis</span> <span class='ocrx_word' id='word_1_244' title='bbox 752 2005 942 2041; x_wconf 60' lang='lat' dir='ltr'>praeceptor.</span> 
     </span>
    </p>

    <p class='ocr_par' dir='ltr' id='par_1_12' title="bbox 223 2044 955 2216">
     <span class='ocr_line' id='line_1_44' title="bbox 268 2044 954 2082; baseline -0.001 -7"><span class='ocrx_word' id='word_1_245' title='bbox 268 2045 462 2082; x_wconf 76' lang='lat' dir='ltr'>Archelaus,</span> <span class='ocrx_word' id='word_1_246' title='bbox 490 2044 589 2074; x_wconf 86' lang='lat' dir='ltr'>Tusc.</span> <span class='ocrx_word' id='word_1_247' title='bbox 625 2055 655 2075; x_wconf 94' lang='lat' dir='ltr'>v.</span> <span class='ocrx_word' id='word_1_248' title='bbox 693 2047 742 2076; x_wconf 92' lang='lat'>12.</span> <span class='ocrx_word' id='word_1_249' title='bbox 786 2045 954 2074; x_wconf 79' lang='lat' dir='ltr'>Perdiccae</span> 
     </span>
     <span class='ocr_line' id='line_1_45' title="bbox 225 2087 955 2128; baseline -0.001 -10"><span class='ocrx_word' id='word_1_250' title='bbox 225 2087 325 2126; x_wconf 87' lang='lat' dir='ltr'>filius,</span> <span class='ocrx_word' id='word_1_251' title='bbox 342 2088 627 2119; x_wconf 77' lang='lat' dir='ltr'>fortunatissimus</span> <span class='ocrx_word' id='word_1_252' title='bbox 648 2093 798 2128; x_wconf 87' lang='lat' dir='ltr'>putatus.</span> <span class='ocrx_word' id='word_1_253' title='bbox 829 2089 883 2119; x_wconf 85' lang='lat' dir='ltr'>De</span> <span class='ocrx_word' id='word_1_254' title='bbox 898 2089 955 2118; x_wconf 90' lang='lat' dir='ltr'>hoc</span> 
     </span>
     <span class='ocr_line' id='line_1_46' title="bbox 223 2131 954 2170; baseline 0 -8"><span class='ocrx_word' id='word_1_255' title='bbox 223 2131 420 2162; x_wconf 79' lang='lat' dir='ltr'>Macedonioe</span> <span class='ocrx_word' id='word_1_256' title='bbox 436 2142 513 2170; x_wconf 66' lang='lat' dir='ltr'>rege</span> <span class='ocrx_word' id='word_1_257' title='bbox 526 2142 556 2161; x_wconf 80' lang='lat' dir='ltr'>v.</span> <span class='ocrx_word' id='word_1_258' title='bbox 573 2132 742 2162; x_wconf 80' lang='lat' dir='ltr'>Buherius</span> <span class='ocrx_word' id='word_1_259' title='bbox 758 2132 803 2162; x_wconf 85' lang='lat' dir='ltr'>ad</span> <span class='ocrx_word' id='word_1_260' title='bbox 823 2133 854 2162; x_wconf 89' lang='lat' dir='ltr'>h.</span> <span class='ocrx_word' id='word_1_261' title='bbox 878 2134 899 2162; x_wconf 86' lang='lat' dir='ltr'>l.</span> <span class='ocrx_word' id='word_1_262' title='bbox 923 2136 954 2162; x_wconf 77' lang='lat' dir='ltr'>ct</span> 
     </span>
     <span class='ocr_line' id='line_1_47' title="bbox 225 2173 897 2216; baseline 0.001 -11"><span class='ocrx_word' id='word_1_263' title='bbox 225 2173 402 2216; x_wconf 81' lang='lat' dir='ltr'>Spanhem.</span> <span class='ocrx_word' id='word_1_264' title='bbox 417 2176 455 2205; x_wconf 80' lang='lat' dir='ltr'>de</span> <span class='ocrx_word' id='word_1_265' title='bbox 473 2174 510 2205; x_wconf 94' lang='lat' dir='ltr'>V.</span> <span class='ocrx_word' id='word_1_266' title='bbox 526 2179 556 2205; x_wconf 83' lang='lat' dir='ltr'>et</span> <span class='ocrx_word' id='word_1_267' title='bbox 571 2175 611 2205; x_wconf 89' lang='lat' dir='ltr'>P.</span> <span class='ocrx_word' id='word_1_268' title='bbox 626 2176 674 2206; x_wconf 90' lang='lat' dir='ltr'>N.</span> <span class='ocrx_word' id='word_1_269' title='bbox 689 2175 726 2206; x_wconf 89' lang='lat' dir='ltr'>T.</span> <span class='ocrx_word' id='word_1_270' title='bbox 742 2176 811 2215; x_wconf 65' lang='grc' dir='ltr'>[ψ.</span> <span class='ocrx_word' id='word_1_271' title='bbox 824 2176 897 2210; x_wconf 84' lang='grc'><strong>376.</strong></span> 
     </span>
    </p>

    <p class='ocr_par' dir='ltr' id='par_1_13' title="bbox 222 2219 953 2561">
     <span class='ocr_line' id='line_1_48' title="bbox 268 2219 952 2256; baseline 0 -8"><span class='ocrx_word' id='word_1_272' title='bbox 268 2220 462 2256; x_wconf 71' lang='lat' dir='ltr'>Archelaus,</span> <span class='ocrx_word' id='word_1_273' title='bbox 490 2219 572 2248; x_wconf 87' lang='lat' dir='ltr'>Rab.</span> <span class='ocrx_word' id='word_1_274' title='bbox 603 2219 636 2249; x_wconf 91' lang='lat' dir='ltr'>P.</span> <span class='ocrx_word' id='word_1_275' title='bbox 665 2222 694 2249; x_wconf 86' lang='grc'>8,</span> <span class='ocrx_word' id='word_1_276' title='bbox 725 2219 952 2249; x_wconf 85' lang='lat' dir='ltr'>Comanorum</span> 
     </span>
     <span class='ocr_line' id='line_1_49' title="bbox 223 2261 951 2302; baseline 0.001 -11"><span class='ocrx_word' id='word_1_277' title='bbox 223 2262 386 2292; x_wconf 78' lang='lat' dir='ltr'>sacerdos.</span> <span class='ocrx_word' id='word_1_278' title='bbox 393 2272 496 2301; x_wconf 77' lang='lat' dir='ltr'>gener</span> <span class='ocrx_word' id='word_1_279' title='bbox 506 2261 686 2300; x_wconf 77' lang='lat' dir='ltr'>Ptolemoei,</span> <span class='ocrx_word' id='word_1_280' title='bbox 696 2264 785 2302; x_wconf 66' lang='lat' dir='ltr'>regis</span> <span class='ocrx_word' id='word_1_281' title='bbox 790 2262 951 2302; x_wconf 72' lang='lat' dir='ltr'>AEgypti,</span> 
     </span>
     <span class='ocr_line' id='line_1_50' title="bbox 223 2306 952 2346; baseline 0.001 -11"><span class='ocrx_word' id='word_1_282' title='bbox 223 2307 280 2345; x_wconf 80' lang='lat' dir='ltr'>qui</span> <span class='ocrx_word' id='word_1_283' title='bbox 295 2307 548 2343; x_wconf 65' lang='lat' dir='ltr'>Alexandriam,</span> <span class='ocrx_word' id='word_1_284' title='bbox 560 2306 735 2337; x_wconf 81' lang='lat' dir='ltr'>Ptolemceo</span> <span class='ocrx_word' id='word_1_285' title='bbox 748 2307 780 2337; x_wconf 86' lang='lat' dir='ltr'>A</span> <span class='ocrx_word' id='word_1_286' title='bbox 784 2309 865 2336; x_wconf 79' lang='lat' dir='ltr'>ulete</span> <span class='ocrx_word' id='word_1_287' title='bbox 875 2308 952 2346; x_wconf 79' lang='lat' dir='ltr'><em>pul-</em></span> 
     </span>
     <span class='ocr_line' id='line_1_51' title="bbox 222 2347 953 2390; baseline 0 -11"><span class='ocrx_word' id='word_1_288' title='bbox 222 2359 268 2387; x_wconf 76' lang='lat' dir='ltr'>sa,</span> <span class='ocrx_word' id='word_1_289' title='bbox 283 2354 478 2389; x_wconf 69' lang='lat' dir='ltr'>occultarat:</span> <span class='ocrx_word' id='word_1_290' title='bbox 501 2350 540 2379; x_wconf 84' lang='lat' dir='ltr'>de</span> <span class='ocrx_word' id='word_1_291' title='bbox 561 2347 658 2390; x_wconf 82' lang='lat' dir='ltr'>cujus</span> <span class='ocrx_word' id='word_1_292' title='bbox 678 2360 798 2388; x_wconf 75' lang='lat' dir='ltr'>genere</span> <span class='ocrx_word' id='word_1_293' title='bbox 821 2354 852 2380; x_wconf 84' lang='lat' dir='ltr'>ct</span> <span class='ocrx_word' id='word_1_294' title='bbox 862 2349 953 2388; x_wconf 67' lang='lat' dir='ltr'>satis</span> 
     </span>
     <span class='ocr_line' id='line_1_52' title="bbox 222 2392 952 2432; baseline 0.001 -10"><span class='ocrx_word' id='word_1_295' title='bbox 222 2402 253 2423; x_wconf 83' lang='lat' dir='ltr'>v.</span> <span class='ocrx_word' id='word_1_296' title='bbox 270 2392 388 2424; x_wconf 74' lang='lat' dir='ltr'>Strabo</span> <span class='ocrx_word' id='word_1_297' title='bbox 403 2394 458 2424; x_wconf 89' lang='lat' dir='ltr'>xii.</span> <span class='ocrx_word' id='word_1_298' title='bbox 473 2403 505 2432; x_wconf 86' lang='lat' dir='ltr'>p.</span> <span class='ocrx_word' id='word_1_299' title='bbox 521 2396 594 2424; x_wconf 76' lang='lat'>334.</span> <span class='ocrx_word' id='word_1_300' title='bbox 622 2394 699 2424; x_wconf 86' lang='lat' dir='ltr'>add.</span> <span class='ocrx_word' id='word_1_301' title='bbox 715 2395 828 2424; x_wconf 73' lang='grc' dir='ltr'><strong>Νονὶε.</strong></span> <span class='ocrx_word' id='word_1_302' title='bbox 857 2393 952 2423; x_wconf 67' lang='lat' dir='ltr'>Ceno-</span> 
     </span>
     <span class='ocr_line' id='line_1_53' title="bbox 223 2437 952 2477; baseline 0.001 -11"><span class='ocrx_word' id='word_1_303' title='bbox 223 2438 314 2476; x_wconf 85' lang='lat' dir='ltr'>taph.</span> <span class='ocrx_word' id='word_1_304' title='bbox 330 2437 402 2467; x_wconf 78' lang='lat' dir='ltr'>Pis.</span> <span class='ocrx_word' id='word_1_305' title='bbox 418 2448 449 2476; x_wconf 92' lang='lat' dir='ltr'>p.</span> <span class='ocrx_word' id='word_1_306' title='bbox 465 2438 539 2467; x_wconf 84' lang='lat'>225.</span> <span class='ocrx_word' id='word_1_307' title='bbox 574 2437 640 2467; x_wconf 84' lang='lat' dir='ltr'>Est</span> <span class='ocrx_word' id='word_1_308' title='bbox 654 2438 873 2477; x_wconf 79' lang='lat' dir='ltr'>autemfllius</span> <span class='ocrx_word' id='word_1_309' title='bbox 888 2438 952 2467; x_wconf 78' lang='lat' dir='ltr'>Ar—</span> 
     </span>
     <span class='ocr_line' id='line_1_54' title="bbox 222 2480 953 2511; baseline 0.001 -1"><span class='ocrx_word' id='word_1_310' title='bbox 222 2482 326 2510; x_wconf 77' lang='lat' dir='ltr'>chelai</span> <span class='ocrx_word' id='word_1_311' title='bbox 346 2481 436 2510; x_wconf 86' lang='lat' dir='ltr'>ducis</span> <span class='ocrx_word' id='word_1_312' title='bbox 456 2480 674 2511; x_wconf 63' lang='lat' dir='ltr'>lisithridatici</span> <span class='ocrx_word' id='word_1_313' title='bbox 688 2485 801 2511; x_wconf 83' lang='lat' dir='ltr'>contra</span> <span class='ocrx_word' id='word_1_314' title='bbox 821 2480 953 2511; x_wconf 80' lang='lat' dir='ltr'><em>Sullam</em></span> 
     </span>
     <span class='ocr_line' id='line_1_55' title="bbox 223 2524 652 2561; baseline 0.002 -8"><span class='ocrx_word' id='word_1_315' title='bbox 223 2524 258 2553; x_wconf 70' lang='lat' dir='ltr'>in</span> <span class='ocrx_word' id='word_1_316' title='bbox 280 2524 419 2561; x_wconf 79' lang='lat' dir='ltr'>Groecia,</span> <span class='ocrx_word' id='word_1_317' title='bbox 436 2528 473 2553; x_wconf 85' lang='lat' dir='ltr'>ut</span> <span class='ocrx_word' id='word_1_318' title='bbox 488 2525 542 2554; x_wconf 83' lang='lat' dir='ltr'>ille</span> <span class='ocrx_word' id='word_1_319' title='bbox 556 2525 652 2554; x_wconf 81' lang='lat' dir='ltr'>docet.</span> 
     </span>
    </p>

    <p class='ocr_par' dir='ltr' id='par_1_14' title="bbox 224 2567 956 2956">
     <span class='ocr_line' id='line_1_56' title="bbox 267 2567 954 2605; baseline 0 -8"><span class='ocrx_word' id='word_1_320' title='bbox 267 2568 420 2603; x_wconf 77' lang='lat' dir='ltr'><em>Archias,</em></span> <span class='ocrx_word' id='word_1_321' title='bbox 430 2568 537 2597; x_wconf 83' lang='lat' dir='ltr'>Aulus</span> <span class='ocrx_word' id='word_1_322' title='bbox 549 2568 710 2605; x_wconf 81' lang='lat' dir='ltr'>Licinius,</span> <span class='ocrx_word' id='word_1_323' title='bbox 723 2567 841 2605; x_wconf 60' lang='lat' dir='ltr'>Poeta,</span> <span class='ocrx_word' id='word_1_324' title='bbox 855 2567 954 2597; x_wconf 85' lang='lat' dir='ltr'>Arch.</span> 
     </span>
     <span class='ocr_line' id='line_1_57' title="bbox 224 2610 955 2650; baseline 0.001 -11"><span class='ocrx_word' id='word_1_325' title='bbox 224 2610 245 2639; x_wconf 91' lang='lat' dir='ltr'>i.</span> <span class='ocrx_word' id='word_1_326' title='bbox 269 2620 338 2650; x_wconf 85' lang='lat' dir='ltr'>sqq.</span> <span class='ocrx_word' id='word_1_327' title='bbox 355 2610 597 2648; x_wconf 84' lang='lat' dir='ltr'>Antiochenus,</span> <span class='ocrx_word' id='word_1_328' title='bbox 614 2612 748 2641; x_wconf 86' lang='lat' dir='ltr'>civitate</span> <span class='ocrx_word' id='word_1_329' title='bbox 772 2611 915 2641; x_wconf 87' lang='lat' dir='ltr'>donatus</span> <span class='ocrx_word' id='word_1_330' title='bbox 935 2622 955 2641; x_wconf 93' lang='lat' dir='ltr'>a</span> 
     </span>
     <span class='ocr_line' id='line_1_58' title="bbox 227 2654 955 2690; baseline 0.001 -7"><span class='ocrx_word' id='word_1_331' title='bbox 227 2654 357 2690; x_wconf 85' lang='lat' dir='ltr'>Crasso,</span> <span class='ocrx_word' id='word_1_332' title='bbox 371 2654 567 2684; x_wconf 77' lang='lat' dir='ltr'>Ciceronem</span> <span class='ocrx_word' id='word_1_333' title='bbox 583 2655 624 2684; x_wconf 87' lang='lat' dir='ltr'>ad</span> <span class='ocrx_word' id='word_1_334' title='bbox 635 2654 747 2685; x_wconf 86' lang='lat' dir='ltr'>studia</span> <span class='ocrx_word' id='word_1_335' title='bbox 759 2655 955 2684; x_wconf 81' lang='lat' dir='ltr'>cohortatur</span> 
     </span>
     <span class='ocr_line' id='line_1_59' title="bbox 225 2698 955 2737; baseline 0.003 -12"><span class='ocrx_word' id='word_1_336' title='bbox 225 2701 259 2726; x_wconf 87' lang='lat' dir='ltr'>et</span> <span class='ocrx_word' id='word_1_337' title='bbox 283 2698 315 2727; x_wconf 89' lang='lat' dir='ltr'>in</span> <span class='ocrx_word' id='word_1_338' title='bbox 337 2698 375 2727; x_wconf 90' lang='lat' dir='ltr'>iis</span> <span class='ocrx_word' id='word_1_339' title='bbox 392 2699 500 2736; x_wconf 84' lang='lat' dir='ltr'>juvat.</span> <span class='ocrx_word' id='word_1_340' title='bbox 518 2698 596 2728; x_wconf 81' lang='lat' dir='ltr'>ibid.</span> <span class='ocrx_word' id='word_1_341' title='bbox 615 2702 644 2729; x_wconf 82' lang='lat'>3.</span> <span class='ocrx_word' id='word_1_342' title='bbox 668 2699 738 2737; x_wconf 79' lang='lat' dir='ltr'>ejus</span> <span class='ocrx_word' id='word_1_343' title='bbox 754 2698 855 2735; x_wconf 86' lang='lat' dir='ltr'>fama,</span> <span class='ocrx_word' id='word_1_344' title='bbox 872 2699 955 2728; x_wconf 86' lang='lat' dir='ltr'>ami-</span> 
     </span>
     <span class='ocr_line' id='line_1_60' title="bbox 226 2741 955 2781; baseline 0.001 -11"><span class='ocrx_word' id='word_1_345' title='bbox 226 2741 327 2777; x_wconf 73' lang='lat' dir='ltr'>citiae,</span> <span class='ocrx_word' id='word_1_346' title='bbox 341 2741 480 2781; x_wconf 80' lang='lat' dir='ltr'>insignis</span> <span class='ocrx_word' id='word_1_347' title='bbox 495 2742 637 2772; x_wconf 75' lang='lat' dir='ltr'>facultas</span> <span class='ocrx_word' id='word_1_348' title='bbox 652 2742 795 2781; x_wconf 75' lang='lat' dir='ltr'>poetica,</span> <span class='ocrx_word' id='word_1_349' title='bbox 811 2741 897 2771; x_wconf 91' lang='lat' dir='ltr'>libri.</span> <span class='ocrx_word' id='word_1_350' title='bbox 914 2742 955 2771; x_wconf 94' lang='lat' dir='ltr'>ad</span> 
     </span>
     <span class='ocr_line' id='line_1_61' title="bbox 225 2784 955 2815; baseline 0.003 -2"><span class='ocrx_word' id='word_1_351' title='bbox 225 2784 296 2814; x_wconf 81' lang='lat' dir='ltr'>Att.</span> <span class='ocrx_word' id='word_1_352' title='bbox 320 2785 339 2814; x_wconf 93' lang='lat' dir='ltr'>i.</span> <span class='ocrx_word' id='word_1_353' title='bbox 370 2786 418 2815; x_wconf 84' lang='lat'>16.</span> <span class='ocrx_word' id='word_1_354' title='bbox 446 2785 539 2815; x_wconf 87' lang='lat' dir='ltr'>Lucii</span> <span class='ocrx_word' id='word_1_355' title='bbox 568 2785 699 2815; x_wconf 87' lang='lat' dir='ltr'>Luculli</span> <span class='ocrx_word' id='word_1_356' title='bbox 724 2785 955 2815; x_wconf 80' lang='lat' dir='ltr'>Mithridatico</span> 
     </span>
     <span class='ocr_line' id='line_1_62' title="bbox 225 2828 956 2869; baseline 0.001 -12"><span class='ocrx_word' id='word_1_357' title='bbox 225 2828 313 2857; x_wconf 85' lang='lat' dir='ltr'>bello</span> <span class='ocrx_word' id='word_1_358' title='bbox 328 2833 437 2866; x_wconf 79' lang='lat' dir='ltr'>gestas</span> <span class='ocrx_word' id='word_1_359' title='bbox 454 2838 504 2858; x_wconf 83' lang='lat' dir='ltr'>res</span> <span class='ocrx_word' id='word_1_360' title='bbox 527 2829 651 2858; x_wconf 79' lang='lat' dir='ltr'>scribit.</span> <span class='ocrx_word' id='word_1_361' title='bbox 682 2829 879 2869; x_wconf 83' lang='lat' dir='ltr'>Suspicatur</span> <span class='ocrx_word' id='word_1_362' title='bbox 902 2829 956 2859; x_wconf 87' lang='lat' dir='ltr'>Ci-</span> 
     </span>
     <span class='ocr_line' id='line_1_63' title="bbox 225 2871 954 2911; baseline 0.001 -11"><span class='ocrx_word' id='word_1_363' title='bbox 225 2881 301 2901; x_wconf 82' lang='lat' dir='ltr'>ccro</span> <span class='ocrx_word' id='word_1_364' title='bbox 326 2882 375 2901; x_wconf 86' lang='lat' dir='ltr'>res</span> <span class='ocrx_word' id='word_1_365' title='bbox 392 2871 522 2902; x_wconf 84' lang='lat' dir='ltr'>Metelli</span> <span class='ocrx_word' id='word_1_366' title='bbox 542 2872 715 2902; x_wconf 85' lang='lat' dir='ltr'>Numidici</span> <span class='ocrx_word' id='word_1_367' title='bbox 738 2873 954 2911; x_wconf 79' lang='lat' dir='ltr'>scripturum.</span> 
     </span>
     <span class='ocr_line' id='line_1_64' title="bbox 224 2915 952 2956; baseline 0.004 -12"><span class='ocrx_word' id='word_1_368' title='bbox 224 2915 300 2945; x_wconf 85' lang='lat' dir='ltr'>Div.</span> <span class='ocrx_word' id='word_1_369' title='bbox 317 2915 337 2945; x_wconf 89' lang='lat' dir='ltr'>i.</span> <span class='ocrx_word' id='word_1_370' title='bbox 350 2916 401 2946; x_wconf 79' lang='lat'>36.</span> <span class='ocrx_word' id='word_1_371' title='bbox 425 2916 496 2955; x_wconf 73' lang='lat' dir='ltr'>ejus</span> <span class='ocrx_word' id='word_1_372' title='bbox 513 2915 665 2947; x_wconf 81' lang='lat' dir='ltr'>versiculi</span> <span class='ocrx_word' id='word_1_373' title='bbox 681 2915 816 2956; x_wconf 86' lang='lat' dir='ltr'>quidam</span> <span class='ocrx_word' id='word_1_374' title='bbox 832 2916 952 2948; x_wconf 80' lang='lat' dir='ltr'>Latine</span> 
     </span>
    </p>
   </div>
   <div class='ocr_carea' id='block_1_3' title="bbox 1671 105 1724 150">
    <p class='ocr_par' dir='ltr' id='par_1_15' title="bbox 1671 105 1724 150">
     <span class='ocr_line' id='line_1_65' title="bbox 1671 105 1724 150; baseline 0 0"><span class='ocrx_word' id='word_1_375' title='bbox 1671 105 1724 150; x_wconf 89' lang='lat'>67</span> 
     </span>
    </p>
   </div>
   <div class='ocr_carea' id='block_1_4' title="bbox 984 205 1726 2990">
    <p class='ocr_par' dir='ltr' id='par_1_16' title="bbox 994 205 1725 284">
     <span class='ocr_line' id='line_1_66' title="bbox 996 205 1725 250; baseline -0.008 -11"><span class='ocrx_word' id='word_1_376' title='bbox 996 211 1154 240; x_wconf 82' lang='lat' dir='ltr'>conversi.</span> <span class='ocrx_word' id='word_1_377' title='bbox 1182 209 1446 250; x_wconf 77' lang='lat' dir='ltr'>Epigrammata·</span> <span class='ocrx_word' id='word_1_378' title='bbox 1460 205 1607 247; x_wconf 81' lang='lat' dir='ltr'>quoedam</span> <span class='ocrx_word' id='word_1_379' title='bbox 1624 205 1725 234; x_wconf 85' lang='lat' dir='ltr'>homi—</span> 
     </span>
     <span class='ocr_line' id='line_1_67' title="bbox 994 252 1455 284; baseline -0.007 -1"><span class='ocrx_word' id='word_1_380' title='bbox 994 255 1046 284; x_wconf 82' lang='lat' dir='ltr'>nis</span> <span class='ocrx_word' id='word_1_381' title='bbox 1059 258 1183 283; x_wconf 76' lang='lat' dir='ltr'>restant</span> <span class='ocrx_word' id='word_1_382' title='bbox 1198 255 1231 283; x_wconf 78' lang='lat' dir='ltr'>in.</span> <span class='ocrx_word' id='word_1_383' title='bbox 1246 252 1376 282; x_wconf 78' lang='lat' dir='ltr'>Anthol.</span> <span class='ocrx_word' id='word_1_384' title='bbox 1395 252 1455 284; x_wconf 71' lang='lat' dir='ltr'>Gr.</span> 
     </span>
    </p>

    <p class='ocr_par' dir='ltr' id='par_1_17' title="bbox 995 291 1725 501">
     <span class='ocr_line' id='line_1_68' title="bbox 1038 291 1724 333; baseline -0.01 -6"><span class='ocrx_word' id='word_1_385' title='bbox 1038 298 1266 333; x_wconf 77' lang='lat' dir='ltr'>Archidemus,</span> <span class='ocrx_word' id='word_1_386' title='bbox 1278 296 1377 325; x_wconf 86' lang='lat' dir='ltr'>Acad.</span> <span class='ocrx_word' id='word_1_387' title='bbox 1391 295 1431 324; x_wconf 88' lang='lat' dir='ltr'>iv.</span> <span class='ocrx_word' id='word_1_388' title='bbox 1441 297 1493 327; x_wconf 86' lang='lat'>47.</span> <span class='ocrx_word' id='word_1_389' title='bbox 1503 291 1724 328; x_wconf 81' lang='lat' dir='ltr'>Dialecticus,</span> 
     </span>
     <span class='ocr_line' id='line_1_69' title="bbox 996 336 1725 379; baseline -0.01 -9"><span class='ocrx_word' id='word_1_390' title='bbox 996 341 1136 370; x_wconf 83' lang='lat' dir='ltr'>Stoicus.</span> <span class='ocrx_word' id='word_1_391' title='bbox 1163 339 1330 370; x_wconf 71' lang='lat' dir='ltr'>Tarsensis</span> <span class='ocrx_word' id='word_1_392' title='bbox 1332 338 1420 379; x_wconf 86' lang='lat' dir='ltr'>fuit.</span> <span class='ocrx_word' id='word_1_393' title='bbox 1435 338 1473 367; x_wconf 73' lang='lat' dir='ltr'>de</span> <span class='ocrx_word' id='word_1_394' title='bbox 1487 347 1520 366; x_wconf 86' lang='lat' dir='ltr'>co</span> <span class='ocrx_word' id='word_1_395' title='bbox 1531 336 1594 365; x_wconf 78' lang='lat' dir='ltr'>vid.</span> <span class='ocrx_word' id='word_1_396' title='bbox 1608 336 1725 364; x_wconf 64' lang='lat' dir='ltr'>LaHrt.</span> 
     </span>
     <span class='ocr_line' id='line_1_70' title="bbox 996 379 1724 418; baseline -0.007 -6"><span class='ocrx_word' id='word_1_397' title='bbox 996 383 1050 413; x_wconf 83' lang='lat' dir='ltr'>vii.</span> <span class='ocrx_word' id='word_1_398' title='bbox 1073 386 1124 414; x_wconf 71' lang='lat'>40.</span> <span class='ocrx_word' id='word_1_399' title='bbox 1145 384 1196 413; x_wconf 70' lang='lat'>68.</span> <span class='ocrx_word' id='word_1_400' title='bbox 1219 386 1270 413; x_wconf 72' lang='lat'>84.</span> <span class='ocrx_word' id='word_1_401' title='bbox 1287 386 1338 413; x_wconf 79' lang='lat'>88.</span> <span class='ocrx_word' id='word_1_402' title='bbox 1367 383 1535 415; x_wconf 62' lang='lat' dir='ltr'>Auctorvs,</span> <span class='ocrx_word' id='word_1_403' title='bbox 1551 381 1607 418; x_wconf 82' lang='lat' dir='ltr'>qui</span> <span class='ocrx_word' id='word_1_404' title='bbox 1629 379 1668 408; x_wconf 83' lang='lat' dir='ltr'>de</span> <span class='ocrx_word' id='word_1_405' title='bbox 1689 388 1724 408; x_wconf 81' lang='lat' dir='ltr'>co</span> 
     </span>
     <span class='ocr_line' id='line_1_71' title="bbox 995 423 1723 465; baseline -0.008 -8"><span class='ocrx_word' id='word_1_406' title='bbox 995 431 1145 465; x_wconf 73' lang='lat' dir='ltr'>egerunt,</span> <span class='ocrx_word' id='word_1_407' title='bbox 1169 428 1286 456; x_wconf 84' lang='lat' dir='ltr'>multos</span> <span class='ocrx_word' id='word_1_408' title='bbox 1311 426 1427 456; x_wconf 82' lang='lat' dir='ltr'>laudat</span> <span class='ocrx_word' id='word_1_409' title='bbox 1454 424 1582 455; x_wconf 66' lang='lat' dir='ltr'>fabric.</span> <span class='ocrx_word' id='word_1_410' title='bbox 1606 423 1650 453; x_wconf 83' lang='lat' dir='ltr'>B.</span> <span class='ocrx_word' id='word_1_411' title='bbox 1681 423 1723 452; x_wconf 85' lang='lat' dir='ltr'>G.</span> 
     </span>
     <span class='ocr_line' id='line_1_72' title="bbox 997 471 1192 501; baseline -0.005 -1"><span class='ocrx_word' id='word_1_412' title='bbox 997 472 1018 500; x_wconf 86' lang='lat' dir='ltr'>l.</span> <span class='ocrx_word' id='word_1_413' title='bbox 1035 471 1079 500; x_wconf 92' lang='lat' dir='ltr'>iii.</span> <span class='ocrx_word' id='word_1_414' title='bbox 1097 481 1125 500; x_wconf 87' lang='lat' dir='ltr'>c.</span> <span class='ocrx_word' id='word_1_415' title='bbox 1145 474 1192 501; x_wconf 90' lang='lat'>10.</span> 
     </span>
    </p>

    <p class='ocr_par' dir='ltr' id='par_1_18' title="bbox 1038 509 1678 550">
     <span class='ocr_line' id='line_1_73' title="bbox 1038 509 1678 550; baseline -0.009 -6"><span class='ocrx_word' id='word_1_416' title='bbox 1038 514 1265 550; x_wconf 77' lang='lat' dir='ltr'>Archidemus,</span> <span class='ocrx_word' id='word_1_417' title='bbox 1283 512 1389 542; x_wconf 83' lang='lat' dir='ltr'>Flace.</span> <span class='ocrx_word' id='word_1_418' title='bbox 1405 513 1456 542; x_wconf 81' lang='lat'>22.</span> <span class='ocrx_word' id='word_1_419' title='bbox 1477 509 1678 540; x_wconf 80' lang='lat' dir='ltr'>Trallianus.</span> 
     </span>
    </p>

    <p class='ocr_par' dir='ltr' id='par_1_19' title="bbox 996 554 1723 719">
     <span class='ocr_line' id='line_1_74' title="bbox 1039 554 1723 593; baseline -0.007 -6"><span class='ocrx_word' id='word_1_420' title='bbox 1039 558 1262 593; x_wconf 76' lang='lat' dir='ltr'><em>Archilochus,</em></span> <span class='ocrx_word' id='word_1_421' title='bbox 1274 556 1374 586; x_wconf 83' lang='lat' dir='ltr'>Tusc.</span> <span class='ocrx_word' id='word_1_422' title='bbox 1390 556 1410 585; x_wconf 92' lang='lat' dir='ltr'>i.</span> <span class='ocrx_word' id='word_1_423' title='bbox 1432 558 1456 584; x_wconf 92' lang='lat'>1.</span> <span class='ocrx_word' id='word_1_424' title='bbox 1478 559 1640 591; x_wconf 70' lang='lat' dir='ltr'>regnante</span> <span class='ocrx_word' id='word_1_425' title='bbox 1659 554 1723 583; x_wconf 70' lang='lat' dir='ltr'>Ro-</span> 
     </span>
     <span class='ocr_line' id='line_1_75' title="bbox 997 597 1721 630; baseline -0.006 0"><span class='ocrx_word' id='word_1_426' title='bbox 997 601 1088 630; x_wconf 88' lang='lat' dir='ltr'>mulo</span> <span class='ocrx_word' id='word_1_427' title='bbox 1118 601 1210 630; x_wconf 83' lang='lat' dir='ltr'>vixit.</span> <span class='ocrx_word' id='word_1_428' title='bbox 1249 600 1289 629; x_wconf 86' lang='lat' dir='ltr'>ad</span> <span class='ocrx_word' id='word_1_429' title='bbox 1320 599 1391 629; x_wconf 85' lang='lat' dir='ltr'>Att.</span> <span class='ocrx_word' id='word_1_430' title='bbox 1420 598 1483 628; x_wconf 66' lang='lat' dir='ltr'>xxi.</span> <span class='ocrx_word' id='word_1_431' title='bbox 1516 600 1564 627; x_wconf 91' lang='grc'>11.</span> <span class='ocrx_word' id='word_1_432' title='bbox 1602 597 1651 626; x_wconf 79' lang='lat' dir='ltr'>Ab</span> <span class='ocrx_word' id='word_1_433' title='bbox 1682 607 1721 626; x_wconf 87' lang='lat' dir='ltr'>eo</span> 
     </span>
     <span class='ocr_line' id='line_1_76' title="bbox 996 640 1720 674; baseline -0.007 0"><span class='ocrx_word' id='word_1_434' title='bbox 996 644 1245 674; x_wconf 84' lang='lat' dir='ltr'>Archilochium</span> <span class='ocrx_word' id='word_1_435' title='bbox 1264 643 1412 672; x_wconf 79' lang='lat' dir='ltr'>edictum</span> <span class='ocrx_word' id='word_1_436' title='bbox 1430 640 1550 671; x_wconf 85' lang='lat' dir='ltr'>Bibuli.</span> <span class='ocrx_word' id='word_1_437' title='bbox 1567 640 1671 670; x_wconf 75' lang='lat' dir='ltr'>Attio.</span> <span class='ocrx_word' id='word_1_438' title='bbox 1685 641 1720 670; x_wconf 91' lang='lat' dir='ltr'>ii.</span> 
     </span>
     <span class='ocr_line' id='line_1_77' title="bbox 997 688 1317 719; baseline -0.009 0"><span class='ocrx_word' id='word_1_439' title='bbox 997 690 1049 719; x_wconf 69' lang='grc' dir='ltr'><strong>(ΖΟ.</strong></span> <span class='ocrx_word' id='word_1_440' title='bbox 1067 689 1089 717; x_wconf 94' lang='lat' dir='ltr'>i.</span> <span class='ocrx_word' id='word_1_441' title='bbox 1108 698 1136 717; x_wconf 90' lang='lat' dir='ltr'>e.</span> <span class='ocrx_word' id='word_1_442' title='bbox 1155 688 1317 718; x_wconf 54' lang='lat' dir='ltr'>arabum.</span> 
     </span>
    </p>

    <p class='ocr_par' dir='ltr' id='par_1_20' title="bbox 993 726 1722 1110">
     <span class='ocr_line' id='line_1_78' title="bbox 1038 726 1721 768; baseline -0.009 -6"><span class='ocrx_word' id='word_1_443' title='bbox 1038 732 1259 768; x_wconf 78' lang='lat' dir='ltr'>Archimedes,</span> <span class='ocrx_word' id='word_1_444' title='bbox 1284 730 1377 760; x_wconf 85' lang='lat' dir='ltr'>Orat.</span> <span class='ocrx_word' id='word_1_445' title='bbox 1410 729 1456 758; x_wconf 89' lang='lat' dir='ltr'>iii.</span> <span class='ocrx_word' id='word_1_446' title='bbox 1485 731 1536 759; x_wconf 81' lang='lat'>33.</span> <span class='ocrx_word' id='word_1_447' title='bbox 1568 726 1669 756; x_wconf 83' lang='lat' dir='ltr'>Tusc.</span> <span class='ocrx_word' id='word_1_448' title='bbox 1698 727 1721 756; x_wconf 84' lang='lat' dir='ltr'>i.</span> 
     </span>
     <span class='ocr_line' id='line_1_79' title="bbox 996 771 1721 811; baseline -0.008 -6"><span class='ocrx_word' id='word_1_449' title='bbox 996 777 1048 806; x_wconf 86' lang='lat'>25.</span> <span class='ocrx_word' id='word_1_450' title='bbox 1081 775 1161 805; x_wconf 86' lang='lat' dir='ltr'>Nat.</span> <span class='ocrx_word' id='word_1_451' title='bbox 1190 775 1232 805; x_wconf 93' lang='lat' dir='ltr'>D.</span> <span class='ocrx_word' id='word_1_452' title='bbox 1264 775 1297 804; x_wconf 81' lang='lat' dir='ltr'>ii.</span> <span class='ocrx_word' id='word_1_453' title='bbox 1331 776 1383 804; x_wconf 80' lang='lat'>35.</span> <span class='ocrx_word' id='word_1_454' title='bbox 1415 773 1484 811; x_wconf 79' lang='lat' dir='ltr'>ejus</span> <span class='ocrx_word' id='word_1_455' title='bbox 1513 771 1653 810; x_wconf 62' lang='lat' dir='ltr'>sphaera.</span> <span class='ocrx_word' id='word_1_456' title='bbox 1681 771 1721 800; x_wconf 80' lang='lat' dir='ltr'>de</span> 
     </span>
     <span class='ocr_line' id='line_1_80' title="bbox 995 814 1720 858; baseline -0.007 -9"><span class='ocrx_word' id='word_1_457' title='bbox 995 829 1061 858; x_wconf 76' lang='lat' dir='ltr'>qua</span> <span class='ocrx_word' id='word_1_458' title='bbox 1073 819 1137 849; x_wconf 71' lang='lat' dir='ltr'>vid.</span> <span class='ocrx_word' id='word_1_459' title='bbox 1156 820 1254 848; x_wconf 76' lang='lat' dir='ltr'>etiam</span> <span class='ocrx_word' id='word_1_460' title='bbox 1273 817 1363 847; x_wconf 60' lang='lat' dir='ltr'>Sext.</span> <span class='ocrx_word' id='word_1_461' title='bbox 1378 816 1510 855; x_wconf 84' lang='lat' dir='ltr'>Empir.</span> <span class='ocrx_word' id='word_1_462' title='bbox 1522 816 1597 845; x_wconf 74' lang='lat' dir='ltr'>adr.</span> <span class='ocrx_word' id='word_1_463' title='bbox 1610 814 1720 844; x_wconf 66' lang='lat' dir='ltr'>lllath.</span> 
     </span>
     <span class='ocr_line' id='line_1_81' title="bbox 997 857 1719 902; baseline -0.006 -11"><span class='ocrx_word' id='word_1_464' title='bbox 997 864 1018 892; x_wconf 84' lang='lat' dir='ltr'>I.</span> <span class='ocrx_word' id='word_1_465' title='bbox 1034 864 1077 893; x_wconf 88' lang='lat' dir='ltr'>ix.</span> <span class='ocrx_word' id='word_1_466' title='bbox 1088 872 1122 902; x_wconf 80' lang='lat' dir='ltr'>p.</span> <span class='ocrx_word' id='word_1_467' title='bbox 1141 865 1215 896; x_wconf 84' lang='lat'>577.</span> <span class='ocrx_word' id='word_1_468' title='bbox 1245 866 1275 891; x_wconf 80' lang='lat' dir='ltr'>et</span> <span class='ocrx_word' id='word_1_469' title='bbox 1288 862 1331 891; x_wconf 77' lang='lat' dir='ltr'>ibi</span> <span class='ocrx_word' id='word_1_470' title='bbox 1347 860 1534 892; x_wconf 75' lang='lat' dir='ltr'>Fabricium</span> <span class='ocrx_word' id='word_1_471' title='bbox 1557 858 1604 887; x_wconf 69' lang='grc' dir='ltr'>τὸν</span> <span class='ocrx_word' id='word_1_472' title='bbox 1625 857 1719 888; x_wconf 72' lang='grc' dir='ltr'><strong>πάνυ.</strong></span> 
     </span>
     <span class='ocr_line' id='line_1_82' title="bbox 996 901 1721 945; baseline -0.007 -10"><span class='ocrx_word' id='word_1_473' title='bbox 996 906 1067 935; x_wconf 80' lang='lat' dir='ltr'>Fi-n.</span> <span class='ocrx_word' id='word_1_474' title='bbox 1085 917 1115 936; x_wconf 74' lang='grc' dir='ltr'>ν.</span> <span class='ocrx_word' id='word_1_475' title='bbox 1137 910 1186 940; x_wconf 89' lang='grc'>19.</span> <span class='ocrx_word' id='word_1_476' title='bbox 1214 906 1357 945; x_wconf 86' lang='lat' dir='ltr'>patriam</span> <span class='ocrx_word' id='word_1_477' title='bbox 1375 909 1507 943; x_wconf 84' lang='lat' dir='ltr'>captam</span> <span class='ocrx_word' id='word_1_478' title='bbox 1525 912 1592 942; x_wconf 82' lang='lat' dir='ltr'>prae</span> <span class='ocrx_word' id='word_1_479' title='bbox 1609 901 1721 931; x_wconf 87' lang='lat' dir='ltr'>studio</span> 
     </span>
     <span class='ocr_line' id='line_1_83' title="bbox 998 944 1721 982; baseline -0.007 -3"><span class='ocrx_word' id='word_1_480' title='bbox 998 959 1063 979; x_wconf 89' lang='lat' dir='ltr'>non</span> <span class='ocrx_word' id='word_1_481' title='bbox 1080 951 1194 979; x_wconf 82' lang='lat' dir='ltr'>sensit.</span> <span class='ocrx_word' id='word_1_482' title='bbox 1211 949 1305 978; x_wconf 82' lang='lat' dir='ltr'>Verr.</span> <span class='ocrx_word' id='word_1_483' title='bbox 1323 949 1364 978; x_wconf 87' lang='lat' dir='ltr'>iv.</span> <span class='ocrx_word' id='word_1_484' title='bbox 1384 948 1434 978; x_wconf 73' lang='lat'>58.</span> <span class='ocrx_word' id='word_1_485' title='bbox 1455 945 1634 976; x_wconf 84' lang='lat' dir='ltr'>Marcellus</span> <span class='ocrx_word' id='word_1_486' title='bbox 1651 944 1721 982; x_wconf 76' lang='lat' dir='ltr'>ejus</span> 
     </span>
     <span class='ocr_line' id='line_1_84' title="bbox 996 989 1720 1027; baseline -0.007 -4"><span class='ocrx_word' id='word_1_487' title='bbox 996 998 1138 1023; x_wconf 79' lang='lat' dir='ltr'>mortem</span> <span class='ocrx_word' id='word_1_488' title='bbox 1157 993 1295 1023; x_wconf 84' lang='lat' dir='ltr'>moleste</span> <span class='ocrx_word' id='word_1_489' title='bbox 1312 992 1387 1021; x_wconf 88' lang='lat' dir='ltr'>fert.</span> <span class='ocrx_word' id='word_1_490' title='bbox 1404 990 1503 1020; x_wconf 87' lang='lat' dir='ltr'>Tusc.</span> <span class='ocrx_word' id='word_1_491' title='bbox 1519 991 1559 1019; x_wconf 88' lang='lat' dir='ltr'>iv.</span> <span class='ocrx_word' id='word_1_492' title='bbox 1579 991 1631 1019; x_wconf 84' lang='lat'>23.</span> <span class='ocrx_word' id='word_1_493' title='bbox 1650 989 1720 1027; x_wconf 83' lang='lat' dir='ltr'>ejus</span> 
     </span>
     <span class='ocr_line' id='line_1_85' title="bbox 995 1035 1722 1077; baseline -0.008 -10"><span class='ocrx_word' id='word_1_494' title='bbox 995 1037 1185 1077; x_wconf 83' lang='lat' dir='ltr'>sepulcrum</span> <span class='ocrx_word' id='word_1_495' title='bbox 1203 1047 1222 1066; x_wconf 91' lang='lat' dir='ltr'>a</span> <span class='ocrx_word' id='word_1_496' title='bbox 1239 1036 1397 1066; x_wconf 84' lang='lat' dir='ltr'>Cicerone</span> <span class='ocrx_word' id='word_1_497' title='bbox 1412 1035 1586 1074; x_wconf 70' lang='lat' dir='ltr'>Quaestore</span> <span class='ocrx_word' id='word_1_498' title='bbox 1610 1042 1722 1073; x_wconf 84' lang='lat' dir='ltr'>reper-</span> 
     </span>
     <span class='ocr_line' id='line_1_86' title="bbox 993 1085 1081 1110; baseline 0 0"><span class='ocrx_word' id='word_1_499' title='bbox 993 1085 1081 1110; x_wconf 90' lang='lat' dir='ltr'>tum.</span> 
     </span>
    </p>

    <p class='ocr_par' dir='ltr' id='par_1_21' title="bbox 996 1119 1721 1198">
     <span class='ocr_line' id='line_1_87' title="bbox 1038 1119 1721 1162; baseline -0.007 -8"><span class='ocrx_word' id='word_1_500' title='bbox 1038 1125 1248 1162; x_wconf 81' lang='lat' dir='ltr'>Archonides,</span> <span class='ocrx_word' id='word_1_501' title='bbox 1261 1123 1354 1153; x_wconf 79' lang='lat' dir='ltr'>verr.</span> <span class='ocrx_word' id='word_1_502' title='bbox 1368 1123 1414 1153; x_wconf 87' lang='lat' dir='ltr'>iii.</span> <span class='ocrx_word' id='word_1_503' title='bbox 1434 1123 1484 1152; x_wconf 85' lang='lat'>56.</span> <span class='ocrx_word' id='word_1_504' title='bbox 1510 1122 1551 1151; x_wconf 93' lang='lat' dir='ltr'>iv.</span> <span class='ocrx_word' id='word_1_505' title='bbox 1565 1121 1618 1151; x_wconf 82' lang='lat'>26.</span> <span class='ocrx_word' id='word_1_506' title='bbox 1643 1119 1721 1149; x_wconf 89' lang='lat' dir='ltr'>Elo-</span> 
     </span>
     <span class='ocr_line' id='line_1_88' title="bbox 996 1169 1098 1198; baseline -0.01 0"><span class='ocrx_word' id='word_1_507' title='bbox 996 1169 1098 1198; x_wconf 87' lang='lat' dir='ltr'>rinus.</span> 
     </span>
    </p>

    <p class='ocr_par' dir='ltr' id='par_1_22' title="bbox 996 1207 1725 1460">
     <span class='ocr_line' id='line_1_89' title="bbox 1039 1207 1720 1250; baseline -0.009 -8"><span class='ocrx_word' id='word_1_508' title='bbox 1039 1213 1204 1250; x_wconf 71' lang='lat' dir='ltr'>Archytas</span> <span class='ocrx_word' id='word_1_509' title='bbox 1213 1211 1428 1245; x_wconf 85' lang='lat' dir='ltr'>Tarentinus,</span> <span class='ocrx_word' id='word_1_510' title='bbox 1443 1209 1481 1238; x_wconf 90' lang='lat' dir='ltr'>de</span> <span class='ocrx_word' id='word_1_511' title='bbox 1499 1209 1592 1238; x_wconf 80' lang='lat' dir='ltr'>Orat.</span> <span class='ocrx_word' id='word_1_512' title='bbox 1605 1207 1651 1237; x_wconf 89' lang='lat' dir='ltr'>iii.</span> <span class='ocrx_word' id='word_1_513' title='bbox 1666 1210 1720 1238; x_wconf 81' lang='lat'>34.</span> 
     </span>
     <span class='ocr_line' id='line_1_90' title="bbox 997 1250 1722 1296; baseline -0.006 -11"><span class='ocrx_word' id='word_1_514' title='bbox 997 1255 1235 1296; x_wconf 77' lang='lat' dir='ltr'>Pythagoreus,</span> <span class='ocrx_word' id='word_1_515' title='bbox 1260 1254 1398 1284; x_wconf 87' lang='lat' dir='ltr'>Philolai</span> <span class='ocrx_word' id='word_1_516' title='bbox 1423 1257 1617 1293; x_wconf 81' lang='lat' dir='ltr'>praeceptor.</span> <span class='ocrx_word' id='word_1_517' title='bbox 1651 1250 1722 1281; x_wconf 84' lang='lat' dir='ltr'>Fin.</span> 
     </span>
     <span class='ocr_line' id='line_1_91' title="bbox 996 1295 1721 1337; baseline -0.004 -9"><span class='ocrx_word' id='word_1_518' title='bbox 996 1309 1026 1329; x_wconf 91' lang='lat' dir='ltr'>v.</span> <span class='ocrx_word' id='word_1_519' title='bbox 1048 1301 1100 1333; x_wconf 73' lang='lat'>⁶29.</span> <span class='ocrx_word' id='word_1_520' title='bbox 1134 1299 1281 1328; x_wconf 81' lang='lat' dir='ltr'>Platonis</span> <span class='ocrx_word' id='word_1_521' title='bbox 1303 1304 1454 1337; x_wconf 88' lang='lat' dir='ltr'>tempore</span> <span class='ocrx_word' id='word_1_522' title='bbox 1479 1297 1571 1325; x_wconf 81' lang='lat' dir='ltr'>vixit.</span> <span class='ocrx_word' id='word_1_523' title='bbox 1591 1295 1660 1325; x_wconf 78' lang='lat' dir='ltr'>Fir..</span> <span class='ocrx_word' id='word_1_524' title='bbox 1686 1295 1721 1325; x_wconf 88' lang='lat' dir='ltr'>ii.</span> 
     </span>
     <span class='ocr_line' id='line_1_92' title="bbox 1000 1340 1724 1380; baseline -0.007 -7"><span class='ocrx_word' id='word_1_525' title='bbox 1000 1346 1048 1373; x_wconf 87' lang='lat'>14.</span> <span class='ocrx_word' id='word_1_526' title='bbox 1075 1343 1220 1372; x_wconf 80' lang='lat' dir='ltr'>Platonis</span> <span class='ocrx_word' id='word_1_527' title='bbox 1234 1342 1273 1371; x_wconf 73' lang='lat' dir='ltr'>acl</span> <span class='ocrx_word' id='word_1_528' title='bbox 1286 1352 1362 1371; x_wconf 78' lang='lat' dir='ltr'>eum</span> <span class='ocrx_word' id='word_1_529' title='bbox 1376 1340 1528 1380; x_wconf 88' lang='lat' dir='ltr'>epistola,</span> <span class='ocrx_word' id='word_1_530' title='bbox 1539 1349 1624 1369; x_wconf 81' lang='lat' dir='ltr'>nona</span> <span class='ocrx_word' id='word_1_531' title='bbox 1636 1340 1724 1368; x_wconf 78' lang='lat' dir='ltr'>inter</span> 
     </span>
     <span class='ocr_line' id='line_1_93' title="bbox 996 1383 1725 1426; baseline -0.008 -9"><span class='ocrx_word' id='word_1_532' title='bbox 996 1389 1145 1426; x_wconf 76' lang='lat' dir='ltr'>epistolas</span> <span class='ocrx_word' id='word_1_533' title='bbox 1162 1386 1324 1416; x_wconf 78' lang='lat' dir='ltr'>Platonis.</span> <span class='ocrx_word' id='word_1_534' title='bbox 1341 1385 1441 1415; x_wconf 82' lang='lat' dir='ltr'>Tusc.</span> <span class='ocrx_word' id='word_1_535' title='bbox 1461 1384 1503 1414; x_wconf 87' lang='lat' dir='ltr'>iv.</span> <span class='ocrx_word' id='word_1_536' title='bbox 1523 1385 1574 1414; x_wconf 74' lang='lat'>30¹.</span> <span class='ocrx_word' id='word_1_537' title='bbox 1591 1383 1648 1413; x_wconf 87' lang='lat' dir='ltr'>irae</span> <span class='ocrx_word' id='word_1_538' title='bbox 1666 1392 1725 1422; x_wconf 87' lang='lat' dir='ltr'>po-</span> 
     </span>
     <span class='ocr_line' id='line_1_94' title="bbox 996 1436 1083 1460; baseline 0 0"><span class='ocrx_word' id='word_1_539' title='bbox 996 1436 1083 1460; x_wconf 85' lang='lat' dir='ltr'>tens.</span> 
     </span>
    </p>

    <p class='ocr_par' dir='ltr' id='par_1_23' title="bbox 1039 1472 1512 1511">
     <span class='ocr_line' id='line_1_95' title="bbox 1039 1472 1512 1511; baseline -0.008 -6"><span class='ocrx_word' id='word_1_540' title='bbox 1039 1475 1157 1511; x_wconf 81' lang='lat' dir='ltr'>Arcus,</span> <span class='ocrx_word' id='word_1_541' title='bbox 1174 1473 1244 1503; x_wconf 84' lang='lat' dir='ltr'>Att.</span> <span class='ocrx_word' id='word_1_542' title='bbox 1262 1484 1293 1503; x_wconf 78' lang='lat' dir='ltr'>V.</span> <span class='ocrx_word' id='word_1_543' title='bbox 1311 1478 1342 1508; x_wconf 90' lang='lat'>9.</span> <span class='ocrx_word' id='word_1_544' title='bbox 1361 1472 1512 1503; x_wconf 84' lang='lat' dir='ltr'>libertus.</span> 
     </span>
    </p>

    <p class='ocr_par' dir='ltr' id='par_1_24' title="bbox 997 1514 1725 1680">
     <span class='ocr_line' id='line_1_96' title="bbox 1040 1514 1725 1557; baseline -0.007 -9"><span class='ocrx_word' id='word_1_545' title='bbox 1040 1519 1302 1557; x_wconf 72' lang='lat' dir='ltr'>Arganthonius,</span> <span class='ocrx_word' id='word_1_546' title='bbox 1325 1517 1407 1546; x_wconf 85' lang='lat' dir='ltr'>Cato</span> <span class='ocrx_word' id='word_1_547' title='bbox 1435 1520 1483 1550; x_wconf 89' lang='lat'>19.</span> <span class='ocrx_word' id='word_1_548' title='bbox 1510 1526 1566 1545; x_wconf 77' lang='lat' dir='ltr'>rex</span> <span class='ocrx_word' id='word_1_549' title='bbox 1588 1514 1725 1544; x_wconf 82' lang='lat' dir='ltr'>Tartes-</span> 
     </span>
     <span class='ocr_line' id='line_1_97' title="bbox 997 1559 1724 1600; baseline -0.006 -9"><span class='ocrx_word' id='word_1_550' title='bbox 997 1562 1135 1599; x_wconf 85' lang='lat' dir='ltr'>siorum,</span> <span class='ocrx_word' id='word_1_551' title='bbox 1157 1562 1212 1600; x_wconf 91' lang='lat' dir='ltr'>qui</span> <span class='ocrx_word' id='word_1_552' title='bbox 1235 1562 1409 1600; x_wconf 78' lang='lat' dir='ltr'>octoginta</span> <span class='ocrx_word' id='word_1_553' title='bbox 1431 1570 1534 1589; x_wconf 88' lang='lat' dir='ltr'>annos</span> <span class='ocrx_word' id='word_1_554' title='bbox 1558 1559 1724 1597; x_wconf 77' lang='lat' dir='ltr'>regnavit,</span> 
     </span>
     <span class='ocr_line' id='line_1_98' title="bbox 998 1602 1723 1644; baseline -0.003 -9"><span class='ocrx_word' id='word_1_555' title='bbox 998 1610 1134 1636; x_wconf 89' lang='lat' dir='ltr'>centum</span> <span class='ocrx_word' id='word_1_556' title='bbox 1159 1610 1193 1635; x_wconf 89' lang='lat' dir='ltr'>et</span> <span class='ocrx_word' id='word_1_557' title='bbox 1216 1605 1335 1644; x_wconf 86' lang='lat' dir='ltr'>viginti</span> <span class='ocrx_word' id='word_1_558' title='bbox 1359 1604 1453 1634; x_wconf 84' lang='lat' dir='ltr'>vixit.</span> <span class='ocrx_word' id='word_1_559' title='bbox 1471 1604 1546 1634; x_wconf 86' lang='lat' dir='ltr'>add.</span> <span class='ocrx_word' id='word_1_560' title='bbox 1564 1603 1657 1633; x_wconf 73' lang='lat' dir='ltr'>Pan.</span> <span class='ocrx_word' id='word_1_561' title='bbox 1675 1602 1723 1633; x_wconf 88' lang='lat' dir='ltr'>H.</span> 
     </span>
     <span class='ocr_line' id='line_1_99' title="bbox 998 1650 1188 1680; baseline -0.011 0"><span class='ocrx_word' id='word_1_562' title='bbox 998 1651 1047 1680; x_wconf 89' lang='lat' dir='ltr'>N.</span> <span class='ocrx_word' id='word_1_563' title='bbox 1063 1650 1118 1679; x_wconf 91' lang='lat' dir='ltr'>vii.</span> <span class='ocrx_word' id='word_1_564' title='bbox 1135 1652 1188 1680; x_wconf 78' lang='lat'>48.</span> 
     </span>
    </p>

    <p class='ocr_par' dir='ltr' id='par_1_25' title="bbox 997 1689 1724 1811">
     <span class='ocr_line' id='line_1_100' title="bbox 1040 1689 1724 1729; baseline -0.007 -6"><span class='ocrx_word' id='word_1_565' title='bbox 1040 1694 1248 1729; x_wconf 80' lang='lat' dir='ltr'>Ariarathes,</span> <span class='ocrx_word' id='word_1_566' title='bbox 1267 1692 1307 1722; x_wconf 88' lang='lat' dir='ltr'>ad</span> <span class='ocrx_word' id='word_1_567' title='bbox 1330 1691 1406 1721; x_wconf 87' lang='lat' dir='ltr'>Div.</span> <span class='ocrx_word' id='word_1_568' title='bbox 1432 1701 1483 1720; x_wconf 87' lang='lat' dir='ltr'>xv.</span> <span class='ocrx_word' id='word_1_569' title='bbox 1509 1692 1539 1721; x_wconf 82' lang='lat'>2.</span> <span class='ocrx_word' id='word_1_570' title='bbox 1566 1689 1636 1719; x_wconf 86' lang='lat' dir='ltr'>Att.</span> <span class='ocrx_word' id='word_1_571' title='bbox 1654 1689 1724 1719; x_wconf 82' lang='lat' dir='ltr'>xiii.</span> 
     </span>
     <span class='ocr_line' id='line_1_101' title="bbox 998 1733 1724 1773; baseline -0.008 -5"><span class='ocrx_word' id='word_1_572' title='bbox 998 1739 1029 1768; x_wconf 85' lang='lat'>2.</span> <span class='ocrx_word' id='word_1_573' title='bbox 1061 1737 1292 1767; x_wconf 84' lang='lat' dir='ltr'>Ariobarzanis</span> <span class='ocrx_word' id='word_1_574' title='bbox 1317 1735 1427 1773; x_wconf 73' lang='lat' dir='ltr'>filius,</span> <span class='ocrx_word' id='word_1_575' title='bbox 1452 1740 1487 1764; x_wconf 87' lang='lat' dir='ltr'>et</span> <span class='ocrx_word' id='word_1_576' title='bbox 1510 1734 1606 1771; x_wconf 84' lang='lat' dir='ltr'>alius,</span> <span class='ocrx_word' id='word_1_577' title='bbox 1630 1733 1724 1763; x_wconf 87' lang='lat' dir='ltr'>Ario-</span> 
     </span>
     <span class='ocr_line' id='line_1_102' title="bbox 997 1779 1279 1811; baseline -0.004 -1"><span class='ocrx_word' id='word_1_578' title='bbox 997 1781 1149 1811; x_wconf 88' lang='lat' dir='ltr'>barzanis</span> <span class='ocrx_word' id='word_1_579' title='bbox 1164 1779 1279 1809; x_wconf 84' lang='lat' dir='ltr'>frater.</span> 
     </span>
    </p>

    <p class='ocr_par' dir='ltr' id='par_1_26' title="bbox 984 1821 1725 1951">
     <span class='ocr_line' id='line_1_103' title="bbox 1040 1821 1722 1863; baseline -0.007 -9"><span class='ocrx_word' id='word_1_580' title='bbox 1040 1825 1144 1854; x_wconf 81' lang='lat' dir='ltr'>Arion</span> <span class='ocrx_word' id='word_1_581' title='bbox 1175 1823 1435 1863; x_wconf 85' lang='lat' dir='ltr'>Methymnaeus,</span> <span class='ocrx_word' id='word_1_582' title='bbox 1465 1821 1566 1851; x_wconf 87' lang='lat' dir='ltr'>Tusc.</span> <span class='ocrx_word' id='word_1_583' title='bbox 1602 1821 1635 1850; x_wconf 90' lang='lat' dir='ltr'>ii.</span> <span class='ocrx_word' id='word_1_584' title='bbox 1668 1822 1722 1852; x_wconf 75' lang='lat'>27.</span> 
     </span>
     <span class='ocr_line' id='line_1_104' title="bbox 1002 1863 1725 1907; baseline -0.007 -9"><span class='ocrx_word' id='word_1_585' title='bbox 1002 1867 1217 1906; x_wconf 71' lang='lat' dir='ltr'>citharoedus,</span> <span class='ocrx_word' id='word_1_586' title='bbox 1230 1867 1269 1897; x_wconf 85' lang='lat' dir='ltr'>de</span> <span class='ocrx_word' id='word_1_587' title='bbox 1282 1876 1342 1907; x_wconf 79' lang='lat' dir='ltr'>quo</span> <span class='ocrx_word' id='word_1_588' title='bbox 1357 1871 1432 1896; x_wconf 82' lang='lat' dir='ltr'>nota</span> <span class='ocrx_word' id='word_1_589' title='bbox 1447 1869 1494 1896; x_wconf 83' lang='lat' dir='ltr'>est</span> <span class='ocrx_word' id='word_1_590' title='bbox 1507 1874 1547 1895; x_wconf 60' lang='lat' dir='ltr'>ex·</span> <span class='ocrx_word' id='word_1_591' title='bbox 1562 1863 1725 1895; x_wconf 79' lang='lat' dir='ltr'>Herodoto</span> 
     </span>
     <span class='ocr_line' id='line_1_105' title="bbox 984 1911 1123 1951; baseline 0 -9"><span class='ocrx_word' id='word_1_592' title='bbox 984 1911 1123 1951; x_wconf 80' lang='lat' dir='ltr'>fabula.</span> 
     </span>
    </p>

    <p class='ocr_par' dir='ltr' id='par_1_27' title="bbox 995 1950 1724 2337">
     <span class='ocr_line' id='line_1_106' title="bbox 1039 1950 1722 1991; baseline -0.009 -5"><span class='ocrx_word' id='word_1_593' title='bbox 1039 1956 1291 1991; x_wconf 76' lang='lat' dir='ltr'>Ariobarzanes,</span> <span class='ocrx_word' id='word_1_594' title='bbox 1316 1953 1434 1984; x_wconf 87' lang='lat' dir='ltr'>Manil.</span> <span class='ocrx_word' id='word_1_595' title='bbox 1458 1955 1488 1983; x_wconf 86' lang='lat'>2.</span> <span class='ocrx_word' id='word_1_596' title='bbox 1514 1962 1570 1982; x_wconf 83' lang='lat' dir='ltr'>rex</span> <span class='ocrx_word' id='word_1_597' title='bbox 1594 1950 1722 1991; x_wconf 85' lang='lat' dir='ltr'>Cappa-</span> 
     </span>
     <span class='ocr_line' id='line_1_107' title="bbox 997 1995 1722 2036; baseline -0.008 -7"><span class='ocrx_word' id='word_1_598' title='bbox 997 1999 1100 2029; x_wconf 83' lang='lat' dir='ltr'>dociae</span> <span class='ocrx_word' id='word_1_599' title='bbox 1133 2009 1152 2028; x_wconf 88' lang='lat' dir='ltr'>a</span> <span class='ocrx_word' id='word_1_600' title='bbox 1183 1998 1380 2029; x_wconf 82' lang='lat' dir='ltr'>Mithridate</span> <span class='ocrx_word' id='word_1_601' title='bbox 1418 2006 1519 2036; x_wconf 78' lang='lat' dir='ltr'>regno</span> <span class='ocrx_word' id='word_1_602' title='bbox 1554 1995 1722 2035; x_wconf 84' lang='lat' dir='ltr'>expulsus.</span> 
     </span>
     <span class='ocr_line' id='line_1_108' title="bbox 997 2040 1724 2082; baseline -0.008 -9"><span class='ocrx_word' id='word_1_603' title='bbox 997 2043 1106 2073; x_wconf 87' lang='lat' dir='ltr'>socius</span> <span class='ocrx_word' id='word_1_604' title='bbox 1145 2043 1259 2082; x_wconf 89' lang='lat' dir='ltr'>populi</span> <span class='ocrx_word' id='word_1_605' title='bbox 1296 2041 1450 2072; x_wconf 78' lang='lat' dir='ltr'>Romani.</span> <span class='ocrx_word' id='word_1_606' title='bbox 1499 2040 1644 2070; x_wconf 79' lang='lat' dir='ltr'>Eusebes</span> <span class='ocrx_word' id='word_1_607' title='bbox 1688 2043 1724 2068; x_wconf 86' lang='lat' dir='ltr'>et</span> 
     </span>
     <span class='ocr_line' id='line_1_109' title="bbox 996 2083 1722 2124; baseline -0.007 -8"><span class='ocrx_word' id='word_1_608' title='bbox 996 2086 1234 2116; x_wconf 82' lang='lat' dir='ltr'>Philoromaeus</span> <span class='ocrx_word' id='word_1_609' title='bbox 1264 2086 1396 2115; x_wconf 74' lang='lat' dir='ltr'>dicitur.</span> <span class='ocrx_word' id='word_1_610' title='bbox 1426 2085 1480 2124; x_wconf 86' lang='lat' dir='ltr'>qui</span> <span class='ocrx_word' id='word_1_611' title='bbox 1507 2084 1595 2114; x_wconf 84' lang='lat' dir='ltr'>tituli</span> <span class='ocrx_word' id='word_1_612' title='bbox 1622 2083 1722 2112; x_wconf 76' lang='lat' dir='ltr'>etiam</span> 
     </span>
     <span class='ocr_line' id='line_1_110' title="bbox 996 2125 1723 2160; baseline -0.007 0"><span class='ocrx_word' id='word_1_613' title='bbox 996 2132 1030 2160; x_wconf 81' lang='lat' dir='ltr'>in</span> <span class='ocrx_word' id='word_1_614' title='bbox 1045 2132 1155 2160; x_wconf 66' lang='lat' dir='ltr'>mamis</span> <span class='ocrx_word' id='word_1_615' title='bbox 1169 2133 1355 2160; x_wconf 78' lang='lat' dir='ltr'>occurrunt.</span> <span class='ocrx_word' id='word_1_616' title='bbox 1387 2127 1512 2158; x_wconf 85' lang='lat' dir='ltr'>Ciliciae</span> <span class='ocrx_word' id='word_1_617' title='bbox 1530 2125 1723 2156; x_wconf 84' lang='lat' dir='ltr'>Proconsuli</span> 
     </span>
     <span class='ocr_line' id='line_1_111' title="bbox 997 2169 1722 2206; baseline -0.007 -3"><span class='ocrx_word' id='word_1_618' title='bbox 997 2174 1148 2204; x_wconf 87' lang='lat' dir='ltr'>Ciceroni</span> <span class='ocrx_word' id='word_1_619' title='bbox 1169 2172 1424 2203; x_wconf 84' lang='lat' dir='ltr'>commendatur</span> <span class='ocrx_word' id='word_1_620' title='bbox 1441 2182 1460 2201; x_wconf 88' lang='lat' dir='ltr'>a</span> <span class='ocrx_word' id='word_1_621' title='bbox 1475 2171 1614 2206; x_wconf 85' lang='lat' dir='ltr'>Senatu,</span> <span class='ocrx_word' id='word_1_622' title='bbox 1630 2175 1664 2199; x_wconf 85' lang='lat' dir='ltr'>et</span> <span class='ocrx_word' id='word_1_623' title='bbox 1681 2169 1722 2199; x_wconf 89' lang='lat' dir='ltr'>ab</span> 
     </span>
     <span class='ocr_line' id='line_1_112' title="bbox 996 2213 1723 2257; baseline -0.006 -10"><span class='ocrx_word' id='word_1_624' title='bbox 996 2228 1034 2247; x_wconf 90' lang='lat' dir='ltr'>eo</span> <span class='ocrx_word' id='word_1_625' title='bbox 1059 2227 1181 2256; x_wconf 78' lang='lat' dir='ltr'>magno</span> <span class='ocrx_word' id='word_1_626' title='bbox 1203 2216 1350 2257; x_wconf 86' lang='lat' dir='ltr'>periculo</span> <span class='ocrx_word' id='word_1_627' title='bbox 1367 2216 1539 2251; x_wconf 87' lang='lat' dir='ltr'>liberatur,</span> <span class='ocrx_word' id='word_1_628' title='bbox 1556 2213 1723 2243; x_wconf 84' lang='lat' dir='ltr'>laudatur.</span> 
     </span>
     <span class='ocr_line' id='line_1_113' title="bbox 995 2258 1723 2300; baseline -0.008 -9"><span class='ocrx_word' id='word_1_629' title='bbox 995 2260 1077 2300; x_wconf 69' lang='lat' dir='ltr'>conf.</span> <span class='ocrx_word' id='word_1_630' title='bbox 1090 2262 1131 2291; x_wconf 84' lang='lat' dir='ltr'>ad</span> <span class='ocrx_word' id='word_1_631' title='bbox 1143 2261 1219 2291; x_wconf 88' lang='lat' dir='ltr'>Div.</span> <span class='ocrx_word' id='word_1_632' title='bbox 1233 2271 1284 2290; x_wconf 82' lang='lat' dir='ltr'>xv.</span> <span class='ocrx_word' id='word_1_633' title='bbox 1298 2263 1329 2291; x_wconf 81' lang='lat'>2.</span> <span class='ocrx_word' id='word_1_634' title='bbox 1342 2263 1372 2290; x_wconf 72' lang='lat'>4.</span> <span class='ocrx_word' id='word_1_635' title='bbox 1390 2259 1493 2289; x_wconf 71' lang='lat' dir='ltr'>Attio.</span> <span class='ocrx_word' id='word_1_636' title='bbox 1511 2269 1540 2288; x_wconf 89' lang='lat' dir='ltr'>v.</span> <span class='ocrx_word' id='word_1_637' title='bbox 1557 2260 1610 2288; x_wconf 61' lang='grc' dir='ltr'><strong>(ΣΟ.</strong></span> <span class='ocrx_word' id='word_1_638' title='bbox 1629 2258 1723 2286; x_wconf 81' lang='lat' dir='ltr'>Prov.</span> 
     </span>
     <span class='ocr_line' id='line_1_114' title="bbox 997 2301 1724 2337; baseline -0.007 -2"><span class='ocrx_word' id='word_1_639' title='bbox 997 2310 1026 2337; x_wconf 90' lang='lat'>5.</span> <span class='ocrx_word' id='word_1_640' title='bbox 1040 2305 1180 2334; x_wconf 78' lang='lat' dir='ltr'>Gabinio</span> <span class='ocrx_word' id='word_1_641' title='bbox 1192 2305 1226 2334; x_wconf 89' lang='lat' dir='ltr'>in</span> <span class='ocrx_word' id='word_1_642' title='bbox 1238 2303 1435 2333; x_wconf 87' lang='lat' dir='ltr'>ulciscendis</span> <span class='ocrx_word' id='word_1_643' title='bbox 1448 2302 1591 2332; x_wconf 82' lang='lat' dir='ltr'>inimicis</span> <span class='ocrx_word' id='word_1_644' title='bbox 1603 2301 1724 2330; x_wconf 79' lang='lat' dir='ltr'>utitur.</span> 
     </span>
    </p>

    <p class='ocr_par' dir='ltr' id='par_1_28' title="bbox 995 2345 1723 2432">
     <span class='ocr_line' id='line_1_115' title="bbox 1038 2345 1723 2385; baseline -0.009 -6"><span class='ocrx_word' id='word_1_645' title='bbox 1038 2350 1209 2385; x_wconf 66' lang='lat' dir='ltr'>Arista‘us,</span> <span class='ocrx_word' id='word_1_646' title='bbox 1227 2348 1307 2377; x_wconf 89' lang='lat' dir='ltr'>Nat.</span> <span class='ocrx_word' id='word_1_647' title='bbox 1332 2347 1375 2377; x_wconf 93' lang='lat' dir='ltr'>D.</span> <span class='ocrx_word' id='word_1_648' title='bbox 1400 2347 1446 2376; x_wconf 88' lang='lat' dir='ltr'>iii.</span> <span class='ocrx_word' id='word_1_649' title='bbox 1475 2350 1524 2377; x_wconf 68' lang='lat'>18.</span> <span class='ocrx_word' id='word_1_650' title='bbox 1556 2345 1651 2374; x_wconf 76' lang='lat' dir='ltr'>olivae</span> <span class='ocrx_word' id='word_1_651' title='bbox 1671 2345 1723 2374; x_wconf 89' lang='lat' dir='ltr'>in-</span> 
     </span>
     <span class='ocr_line' id='line_1_116' title="bbox 995 2389 1661 2432; baseline -0.008 -10"><span class='ocrx_word' id='word_1_652' title='bbox 995 2399 1125 2429; x_wconf 83' lang='lat' dir='ltr'>ventor,</span> <span class='ocrx_word' id='word_1_653' title='bbox 1142 2391 1304 2432; x_wconf 85' lang='lat' dir='ltr'>Apollinis</span> <span class='ocrx_word' id='word_1_654' title='bbox 1321 2390 1419 2420; x_wconf 86' lang='lat' dir='ltr'>filius.</span> <span class='ocrx_word' id='word_1_655' title='bbox 1438 2390 1531 2419; x_wconf 87' lang='lat' dir='ltr'>Verr.</span> <span class='ocrx_word' id='word_1_656' title='bbox 1548 2389 1590 2418; x_wconf 72' lang='lat' dir='ltr'>ir.</span> <span class='ocrx_word' id='word_1_657' title='bbox 1609 2392 1661 2422; x_wconf 83' lang='lat'>57.</span> 
     </span>
    </p>

    <p class='ocr_par' dir='ltr' id='par_1_29' title="bbox 1038 2432 1722 2472">
     <span class='ocr_line' id='line_1_117' title="bbox 1038 2432 1722 2472; baseline -0.009 -6"><span class='ocrx_word' id='word_1_658' title='bbox 1038 2437 1209 2472; x_wconf 66' lang='lat' dir='ltr'>Aristaeus,</span> <span class='ocrx_word' id='word_1_659' title='bbox 1225 2436 1319 2465; x_wconf 87' lang='lat' dir='ltr'>Verr.</span> <span class='ocrx_word' id='word_1_660' title='bbox 1332 2445 1363 2463; x_wconf 91' lang='lat' dir='ltr'>v.</span> <span class='ocrx_word' id='word_1_661' title='bbox 1376 2436 1428 2465; x_wconf 78' lang='lat'>42.</span> <span class='ocrx_word' id='word_1_662' title='bbox 1448 2433 1606 2463; x_wconf 84' lang='lat' dir='ltr'>Dexionis</span> <span class='ocrx_word' id='word_1_663' title='bbox 1623 2432 1722 2461; x_wconf 81' lang='lat' dir='ltr'>filius.</span> 
     </span>
    </p>

    <p class='ocr_par' dir='ltr' id='par_1_30' title="bbox 997 2475 1725 2652">
     <span class='ocr_line' id='line_1_118' title="bbox 1038 2475 1725 2516; baseline -0.006 -7"><span class='ocrx_word' id='word_1_664' title='bbox 1038 2480 1209 2516; x_wconf 82' lang='lat' dir='ltr'>Aristides,</span> <span class='ocrx_word' id='word_1_665' title='bbox 1237 2479 1276 2508; x_wconf 88' lang='lat' dir='ltr'>de</span> <span class='ocrx_word' id='word_1_666' title='bbox 1315 2478 1410 2508; x_wconf 85' lang='lat' dir='ltr'>Offic.</span> <span class='ocrx_word' id='word_1_667' title='bbox 1449 2478 1495 2507; x_wconf 84' lang='lat' dir='ltr'>iii.</span> <span class='ocrx_word' id='word_1_668' title='bbox 1534 2480 1565 2507; x_wconf 88' lang='lat'>4.</span> <span class='ocrx_word' id='word_1_669' title='bbox 1604 2475 1725 2506; x_wconf 69' lang='lat' dir='ltr'>«Iustus</span> 
     </span>
     <span class='ocr_line' id='line_1_119' title="bbox 997 2519 1722 2554; baseline -0.007 -1"><span class='ocrx_word' id='word_1_670' title='bbox 997 2524 1106 2554; x_wconf 78' lang='lat' dir='ltr'>dictus</span> <span class='ocrx_word' id='word_1_671' title='bbox 1133 2527 1194 2552; x_wconf 84' lang='lat' dir='ltr'>est.</span> <span class='ocrx_word' id='word_1_672' title='bbox 1223 2522 1302 2552; x_wconf 91' lang='lat' dir='ltr'>ibid.</span> <span class='ocrx_word' id='word_1_673' title='bbox 1330 2522 1376 2551; x_wconf 90' lang='lat' dir='ltr'>iii.</span> <span class='ocrx_word' id='word_1_674' title='bbox 1406 2524 1454 2551; x_wconf 95' lang='lat'>11.</span> <span class='ocrx_word' id='word_1_675' title='bbox 1487 2519 1722 2550; x_wconf 83' lang='lat' dir='ltr'>Themistoclis</span> 
     </span>
     <span class='ocr_line' id='line_1_120' title="bbox 997 2565 1723 2604; baseline -0.007 -7"><span class='ocrx_word' id='word_1_676' title='bbox 997 2567 1173 2598; x_wconf 85' lang='lat' dir='ltr'>consilium</span> <span class='ocrx_word' id='word_1_677' title='bbox 1204 2566 1300 2603; x_wconf 89' lang='lat' dir='ltr'>utile,</span> <span class='ocrx_word' id='word_1_678' title='bbox 1333 2566 1411 2604; x_wconf 86' lang='lat' dir='ltr'>quia</span> <span class='ocrx_word' id='word_1_679' title='bbox 1446 2565 1623 2604; x_wconf 82' lang='lat' dir='ltr'>injustum,</span> <span class='ocrx_word' id='word_1_680' title='bbox 1655 2572 1723 2593; x_wconf 88' lang='lat' dir='ltr'>non</span> 
     </span>
     <span class='ocr_line' id='line_1_121' title="bbox 997 2611 1126 2652; baseline -0.008 -11"><span class='ocrx_word' id='word_1_681' title='bbox 997 2611 1126 2652; x_wconf 87' lang='lat' dir='ltr'>probat.</span> 
     </span>
    </p>

    <p class='ocr_par' dir='ltr' id='par_1_31' title="bbox 998 2650 1726 2955">
     <span class='ocr_line' id='line_1_122' title="bbox 1039 2650 1722 2694; baseline -0.009 -9"><span class='ocrx_word' id='word_1_682' title='bbox 1039 2655 1240 2694; x_wconf 81' lang='lat' dir='ltr'>Aristippus,</span> <span class='ocrx_word' id='word_1_683' title='bbox 1264 2652 1465 2688; x_wconf 72' lang='lat' dir='ltr'>Socraticus,</span> <span class='ocrx_word' id='word_1_684' title='bbox 1490 2652 1529 2681; x_wconf 82' lang='lat' dir='ltr'>(le</span> <span class='ocrx_word' id='word_1_685' title='bbox 1556 2651 1650 2681; x_wconf 84' lang='lat' dir='ltr'>Orat.</span> <span class='ocrx_word' id='word_1_686' title='bbox 1676 2650 1722 2680; x_wconf 85' lang='lat' dir='ltr'>iii.</span> 
     </span>
     <span class='ocr_line' id='line_1_123' title="bbox 1001 2694 1724 2737; baseline -0.007 -9"><span class='ocrx_word' id='word_1_687' title='bbox 1001 2702 1050 2732; x_wconf 92' lang='lat'>17.</span> <span class='ocrx_word' id='word_1_688' title='bbox 1083 2697 1273 2737; x_wconf 69' lang='lat' dir='ltr'>Cyrenaicae</span> <span class='ocrx_word' id='word_1_689' title='bbox 1297 2696 1513 2736; x_wconf 75' lang='lat' dir='ltr'>philosophiae</span> <span class='ocrx_word' id='word_1_690' title='bbox 1531 2700 1658 2724; x_wconf 88' lang='lat' dir='ltr'>auctor.</span> <span class='ocrx_word' id='word_1_691' title='bbox 1682 2694 1724 2724; x_wconf 82' lang='lat' dir='ltr'>ad</span> 
     </span>
     <span class='ocr_line' id='line_1_124' title="bbox 998 2738 1722 2779; baseline -0.007 -8"><span class='ocrx_word' id='word_1_692' title='bbox 998 2742 1074 2772; x_wconf 91' lang='lat' dir='ltr'>Div.</span> <span class='ocrx_word' id='word_1_693' title='bbox 1108 2742 1150 2771; x_wconf 84' lang='lat' dir='ltr'>ix.</span> <span class='ocrx_word' id='word_1_694' title='bbox 1185 2742 1237 2771; x_wconf 86' lang='lat'>26.</span> <span class='ocrx_word' id='word_1_695' title='bbox 1274 2740 1345 2779; x_wconf 70' lang='lat' dir='ltr'>ejus</span> <span class='ocrx_word' id='word_1_696' title='bbox 1377 2740 1505 2768; x_wconf 82' lang='lat' dir='ltr'>dictum</span> <span class='ocrx_word' id='word_1_697' title='bbox 1537 2738 1576 2768; x_wconf 82' lang='lat' dir='ltr'>de</span> <span class='ocrx_word' id='word_1_698' title='bbox 1608 2738 1722 2768; x_wconf 84' lang='lat' dir='ltr'>Laide.</span> 
     </span>
     <span class='ocr_line' id='line_1_125' title="bbox 998 2782 1724 2822; baseline -0.006 -8"><span class='ocrx_word' id='word_1_699' title='bbox 998 2785 1099 2815; x_wconf 85' lang='lat' dir='ltr'>Acad.</span> <span class='ocrx_word' id='word_1_700' title='bbox 1118 2785 1159 2814; x_wconf 86' lang='lat' dir='ltr'>iv.</span> <span class='ocrx_word' id='word_1_701' title='bbox 1176 2786 1229 2814; x_wconf 87' lang='lat'>42.</span> <span class='ocrx_word' id='word_1_702' title='bbox 1253 2783 1461 2822; x_wconf 84' lang='lat' dir='ltr'>voluptatem</span> <span class='ocrx_word' id='word_1_703' title='bbox 1479 2792 1650 2812; x_wconf 87' lang='lat' dir='ltr'>summum</span> <span class='ocrx_word' id='word_1_704' title='bbox 1667 2782 1724 2810; x_wconf 87' lang='lat' dir='ltr'>bo-</span> 
     </span>
     <span class='ocr_line' id='line_1_126' title="bbox 1000 2826 1724 2864; baseline -0.006 -6"><span class='ocrx_word' id='word_1_705' title='bbox 1000 2839 1080 2858; x_wconf 90' lang='lat' dir='ltr'>num</span> <span class='ocrx_word' id='word_1_706' title='bbox 1109 2828 1201 2857; x_wconf 88' lang='lat' dir='ltr'>facit.</span> <span class='ocrx_word' id='word_1_707' title='bbox 1229 2827 1323 2857; x_wconf 80' lang='lat' dir='ltr'>offic.</span> <span class='ocrx_word' id='word_1_708' title='bbox 1351 2827 1372 2856; x_wconf 90' lang='lat' dir='ltr'>i.</span> <span class='ocrx_word' id='word_1_709' title='bbox 1401 2830 1454 2856; x_wconf 77' lang='lat'>41.</span> <span class='ocrx_word' id='word_1_710' title='bbox 1491 2826 1628 2855; x_wconf 78' lang='lat' dir='ltr'>licentia</span> <span class='ocrx_word' id='word_1_711' title='bbox 1654 2826 1724 2864; x_wconf 74' lang='lat' dir='ltr'>ejus</span> 
     </span>
     <span class='ocr_line' id='line_1_127' title="bbox 1000 2868 1726 2908; baseline -0.006 -6"><span class='ocrx_word' id='word_1_712' title='bbox 1000 2877 1117 2902; x_wconf 85' lang='lat' dir='ltr'>contra</span> <span class='ocrx_word' id='word_1_713' title='bbox 1148 2881 1274 2901; x_wconf 92' lang='lat' dir='ltr'>morem</span> <span class='ocrx_word' id='word_1_714' title='bbox 1307 2870 1650 2908; x_wconf 68' lang='lat' dir='ltr'>consuetudiuumque</span> <span class='ocrx_word' id='word_1_715' title='bbox 1678 2868 1726 2898; x_wconf 85' lang='lat' dir='ltr'>lo-</span> 
     </span>
     <span class='ocr_line' id='line_1_128' title="bbox 999 2914 1466 2955; baseline -0.002 -10"><span class='ocrx_word' id='word_1_716' title='bbox 999 2915 1126 2955; x_wconf 87' lang='lat' dir='ltr'>quendi</span> <span class='ocrx_word' id='word_1_717' title='bbox 1143 2925 1210 2946; x_wconf 86' lang='lat' dir='ltr'>non</span> <span class='ocrx_word' id='word_1_718' title='bbox 1225 2920 1275 2945; x_wconf 90' lang='lat' dir='ltr'>est</span> <span class='ocrx_word' id='word_1_719' title='bbox 1292 2914 1466 2944; x_wconf 78' lang='lat' dir='ltr'>imitanda.</span> 
     </span>
    </p>

    <p class='ocr_par' dir='ltr' id='par_1_32' title="bbox 1042 2961 1095 2990">
     <span class='ocr_line' id='line_1_129' title="bbox 1042 2961 1095 2990; baseline 0.019 -1"><span class='ocrx_word' id='word_1_720' title='bbox 1042 2968 1059 2989; x_wconf 75' lang='lat' dir='ltr'>r</span> <span class='ocrx_word' id='word_1_721' title='bbox 1076 2961 1095 2990; x_wconf 81' lang='lat'>2</span> 
     </span>
    </p>
   </div>
  </div>
 </body>
</html>
