1920 3196
227 92 310 128 418
748 101 893 129 {NnEx
926 101 1224 130 LArmrrA’ris.

233 199 252 218 a
278 187 465 217 redemtore
489 197 528 217 ex
553 187 626 226 lege
649 187 801 218 censoria
821 188 967 219 traditur

237 227 451 268 Censoribus,
470 232 631 261 Censores
648 231 780 270 exigere
808 232 968 263 dicuntur

239 278 334 305 sarta
358 279 460 304 tecta:
484 274 517 304 h.
540 286 569 305 e.
594 275 771 314 inspicere,
792 275 818 304 si
843 286 925 315 opus
949 286 967 306 e

239 319 311 357 lege
325 318 499 348 locationis
513 318 640 348 sactum
657 319 714 354 sit,
728 319 834 348 Gra—ci
851 318 970 358 ῥάπτειν

241 359 388 401 οἰκοδομὴν
414 367 448 391 et
473 361 662 404 ὒτοῤῥοίττειν
686 362 814 392 dicunt.
843 373 871 393 v.
900 363 970 392 Sal-

243 415 325 435 mas.
351 405 393 435 ad
415 405 547 445 Vopise.
575 405 745 435 Aurelian.
769 409 822 436 235.
841 412 867 436 t.
886 407 918 436 ii.
936 417 968 446 p.

243 453 316 483 509.
342 449 384 478 ef.
398 449 439 478 ad
456 449 530 479 Div.
548 449 616 478 xiii.
634 452 682 479 ll.
706 449 784 478 hinc
798 450 972 490 metapho-

243 495 310 523 rice
333 497 384 522 est
412 494 455 522 ib.
475 496 527 522 50.
550 497 680 522 sartum
709 498 743 522 et
769 497 899 524 tectum
931 494 971 523 ab

244 537 337 566 omni
358 536 570 566 incommodo
588 541 754 576 praestare.

289 581 442 610 Satietas.
466 582 559 609 Orat.
573 580 681 610 iiiffts.
697 590 748 617 ea,
766 591 838 619 qua*
857 581 974 611 leviter

244 624 414 663 voluptate
427 633 562 653 sensnm
582 628 730 661 movent,
747 624 905 654 facillime
924 625 973 654 fu-

246 669 347 707 giunt
359 669 553 698 satietatem.
579 668 774 705 Cogitabam
793 667 970 707 legendum

245 712 425 750 effugiunt.
442 711 573 751 Syllaba
589 711 696 750 prima
713 712 824 751 potuit
840 712 974 741 interei-

244 755 334 791 derc,
349 755 436 793 quod
445 766 484 784 ex
500 755 603 784 veteri
614 755 779 785 scribendi
794 756 921 785 ratione
940 756 974 785 in

247 799 341 829 MSS.
359 799 410 828 hae
427 798 500 828 duze
517 798 620 828 literae
637 798 739 828 semel
764 800 897 838 scriptae
925 809 975 829 es-

245 848 335 880 sent,
354 843 401 872 bis
415 842 579 881 legenda»,
597 842 691 880 cujus
710 843 756 872 rei
770 843 976 882 negligentia

247 897 333 926 saepe
347 887 380 916 in
398 895 543 915 errorem
562 886 694 916 induxit
710 886 860 916 librarius
878 890 912 916 et
928 887 974 915 vi-

245 931 367 960 tiosam
385 930 584 969 scripturam
598 930 720 960 effecit.
746 930 809 959 Sed
821 930 902 960 nihil
920 929 976 960 de-

248 975 339 1004 finio.
364 974 452 1003 Mur.
471 978 502 1008 9.
519 975 702 1004 satietatem
727 974 778 1004 sui
805 984 974 1014 superare,

246 1023 297 1047 est
314 1018 456 1056 efficere,
474 1028 514 1046 ne
542 1017 694 1047 homines
718 1018 821 1048 nostri
845 1019 976 1049 satietas

246 1062 368 1101 capiat.

292 1106 392 1136 Satis.
411 1114 488 1134 eum
513 1104 640 1135 nomin.
665 1104 716 1133 vel
740 1114 810 1135 acc.
833 1105 903 1135 Att.
920 1105 976 1136 xii.

250 1152 302 1180 50.
326 1151 405 1179 satis
421 1148 612 1178 consilium.
636 1149 732 1179 Brut.
751 1151 804 1179 48.
827 1150 907 1179 satis
923 1159 977 1179 ve-

248 1198 384 1223 terator.
413 1192 476 1222 vid.
491 1192 606 1222 Davis.
622 1192 663 1222 ad
680 1192 760 1231 Leg.
776 1192 797 1223 i.
818 1196 867 1223 10.
894 1193 977 1223 Bur-

250 1246 365 1267 mann.
388 1236 429 1266 ad
454 1236 546 1274 Virg.
570 1236 646 1265 AEn.
672 1236 719 1266 iii.
740 1239 814 1267 348.
838 1241 873 1267 et
895 1247 976 1275 quos

249 1281 319 1320 ipse
332 1279 449 1310 laudat
466 1279 506 1309 ad
520 1279 615 1311 Ovid.
627 1280 708 1310 Her.
726 1280 770 1310 xi.
787 1281 840 1311 36.
857 1280 978 1320 Quint.

250 1327 299 1355 13.
318 1323 512 1362 ¹iudicatum
540 1323 622 1353 solvi
643 1324 722 1354 satis
749 1325 910 1364 accipere.
928 1335 978 1355 re-

247 1367 392 1408 spondet
405 1369 447 1407 τῷ
454 1368 535 1398 satis
547 1367 637 1404 dare,
651 1366 690 1397 de
703 1377 768 1406 quo
778 1378 866 1398 mox.
883 1368 978 1399 Verr.

249 1412 270 1443 i.
287 1414 340 1443 45.
364 1412 443 1441 satis
469 1411 621 1450 accipere
650 1421 708 1451 pro
733 1411 854 1452 praede.
879 1411 978 1443 *He-

247 1465 317 1486 ren.
333 1456 375 1485 iv.
387 1457 440 1485 43.
465 1454 545 1494 quid
560 1462 624 1493 est,
641 1455 730 1494 quod
747 1466 766 1485 a
782 1465 835 1485 me
851 1457 931 1487 satis
947 1457 977 1486 ei

248 1498 392 1539 persolvi
407 1499 523 1538 possit.

294 1542 477 1579 &nisam-e,
493 1545 543 1571 est
558 1542 643 1572 datis
671 1542 836 1583 praedibus
862 1553 978 1574 cavere

248 1586 363 1623 alicui,
379 1591 440 1616 aut
466 1586 693 1626 sponsoribus,
711 1587 745 1616 in
768 1596 803 1615 re
819 1588 980 1627 pecunia-

248 1632 308 1661 ria.
334 1630 375 1660 ad
402 1630 478 1660 Div.
504 1630 573 1659 xiii.
593 1632 646 1661 28.
671 1630 698 1659 si
715 1630 794 1669 quid
816 1631 978 1661 satisdan-

247 1675 328 1704 dum
345 1674 419 1703 erit.
435 1673 478 1703 cf.
490 1673 587 1704 Rosc.
607 1674 645 1704 C.
660 1675 709 1704 12.
725 1674 845 1714 Quint.
863 1679 894 1709 7.
918 1675 978 1707 διο.

240 1717 436 1757 judicatum
446 1716 527 1747 solvi
539 1718 712 1754 satisdare,
729 1722 780 1747 est
792 1718 878 1748 datis
895 1728 980 1759 prae-

248 1761 344 1791 dibus
357 1770 472 1790 cavere
486 1760 584 1791 alicui
602 1766 636 1791 et
649 1761 812 1801 polliceri,
829 1763 936 1802 quodj
943 1773 979 1793 u-

248 1805 338 1835 dices
349 1804 578 1844 judicaverint
594 1805 790 1835 solvendum
806 1815 877 1836 esse
895 1807 980 1847 peti-

249 1849 328 1886 tori,
346 1848 496 1879 solutum
521 1849 572 1878 iri.
620 1849 669 1879 Ex
686 1859 725 1879 ea
741 1853 856 1879 autem
879 1851 980 1880 orati-

250 1902 314 1923 one
332 1892 546 1931 intelligitur,
564 1892 742 1923 honestum
759 1892 861 1923 fuisse
876 1894 980 1924 inter-

251 1936 332 1966 dum
355 1936 530 1973 satisdare,
563 1946 684 1977 nempe
716 1946 793 1966 cum
821 1938 979 1977 pecunia,

252 1979 419 2010 hereditas
454 1980 514 2010 &c.
553 1983 739 2020 peteretur,
769 1980 832 2011 vid.
864 1992 893 2011 c.
926 1984 979 2012 ⁶28.

250 2028 333 2054 extr.
353 2024 465 2053 minus
482 2029 597 2053 autem
613 2024 793 2054 honestum
810 2025 980 2055 interdum

252 2067 368 2104 fuisse,
379 2067 491 2107 juberi
509 2077 528 2097 a
544 2072 687 2108 praetorc
703 2068 876 2105 satisdare,
893 2079 932 2100 ex
950 2080 979 2099 c.

252 2114 282 2142 8.
305 2116 336 2145 9.
362 2110 505 2150 intelligi
521 2115 642 2151 potest.
666 2112 754 2142 Nam
772 2113 982 2151 jubebantur

252 2155 383 2193 exjure
409 2156 567 2194 praetorio
591 2156 754 2186 satisdare
780 2156 917 2195 petitori
944 2157 980 2194 ii,

251 2199 307 2237 qui
326 2199 556 2229 vadimonium
574 2199 812 2238 deseruissent,
823 2209 983 2239 quorum-

249 2252 313 2281 que
330 2242 419 2272 bona
444 2253 519 2273 xxx.
537 2242 606 2273 dies
631 2253 668 2273 ex
698 2243 808 2273 edicto
835 2253 983 2283 possessa

249 2292 374 2316 essent.
422 2285 540 2325 Itaque
578 2287 753 2317 recusabat
785 2292 983 2327 procurator

249 2329 381 2368 Quintii
397 2329 534 2369 ejusque
547 2330 645 2360 amici
663 2331 782 2369 reliqui
795 2330 857 2361 hoe
874 2332 983 2361 nomi-

250 2382 292 2403 ne
309 2373 470 2403 satisdare
486 2384 545 2413 pro
557 2374 700 2413 Quintio
726 2375 877 2413 absente,
894 2375 983 2414 quod

249 2417 276 2447 si
291 2417 324 2447 id
341 2417 504 2453 facerent,
521 2427 560 2447 eo
576 2418 646 2458 ipso
661 2418 850 2449 faterentur
860 2423 895 2448 et
905 2428 983 2448 con-

251 2461 423 2497 cederent,
440 2461 529 2491 bona
542 2461 672 2501 Quintii
686 2471 757 2491 esse
774 2472 933 2502 possessa.

296 2504 484 2535 Satisdatio.
510 2505 581 2535 Att.
601 2515 631 2535 v·
660 2508 684 2535 1.
709 2509 743 2535 et
758 2511 838 2536 sunt
855 2505 983 2545 aliquot

247 2549 472 2578 satisdationes
497 2549 682 2579 seeundum
708 2550 917 2590 mancipium
944 2552 983 2591 (s.

249 2596 289 2621 ut
313 2592 475 2622 Salmasio
501 2592 611 2632 placet
634 2592 816 2633 mancipia)
847 2593 880 2624 h.
897 2604 927 2623 e.
943 2604 982 2624 ex

248 2637 420 2666 sententia
436 2635 602 2674 Salmasii,
615 2636 642 2666 si
660 2637 829 2677 mancipia
840 2638 861 2668 i.
876 2647 904 2667 e.
916 2647 985 2668 ser-

247 2680 336 2709 viad
359 2680 588 2710 satisdandum
612 2690 678 2710 non
701 2681 886 2718 sufficiunt,
903 2686 985 2711 sunt

249 2723 314 2753 alia
345 2723 464 2762 quibus
504 2724 661 2754 satisdarz'
704 2728 828 2764 potest,
861 2734 983 2765 nempe

249 2767 375 2806 praedia
389 2767 555 2797 Attiliana
577 2772 611 2797 et
628 2768 849 2798 Memmiana.
867 2778 898 2798 v.
914 2768 985 2799 Sal-

247 2820 331 2841 mas.
349 2811 438 2841 mod.
458 2811 558 2842 Usur.
583 2822 611 2842 c.
639 2812 688 2841 16.
714 2822 745 2851 p.
762 2814 836 2846 732.
884 2811 985 2851 Cuja—

247 2855 319 2885 cius
337 2861 453 2885 autem
471 2854 591 2885 Obs.x.
609 2858 640 2885 4.
657 2855 705 2885 sic
722 2855 982 2896 interpretatur,

248 2903 287 2928 nt
310 2899 536 2929 satisdationes
561 2898 764 2939 praediorum
795 2900 984 2931 secundum

1011 189 1216 229 mancipium
1228 189 1310 226 sint,
1332 198 1411 219 cum
1427 188 1580 219 venditor
1595 189 1735 229 proedio-

1010 242 1084 262 rum
1100 232 1238 262 satisdat
1264 232 1460 269 emtoribus,
1482 236 1522 262 ut
1537 232 1576 263 iis
1603 232 1643 262 de
1670 233 1738 262 evi-

1010 277 1120 305 ctione
1138 280 1306 306 caveatur.
1337 275 1400 306 Eas
1417 281 1531 306 autem
1554 276 1736 306 satisdatio*-

1010 330 1064 349 πω·
1088 329 1158 349 esse
1191 319 1296 349 nudas
1327 319 1611 359 repromissiones,
1635 319 1738 349 nullis

1012 363 1099 393 datis
1117 362 1376 401 fidejussoribus.
1423 362 1520 392 Hanc
1538 367 1650 393 autem
1669 364 1736 393 vim

1010 407 1268 436 satisdationibus
1290 406 1458 437 interdum
1482 416 1566 443 esse,
1582 418 1622 436 ex
1646 407 1737 436 libris

1011 450 1101 480 duris
1119 450 1231 479 Civilis
1252 450 1493 480 demonstravit
1519 451 1667 490 Ryckius
1695 449 1737 479 ad

1013 494 1045 523 h.
1063 493 1084 523 l.
1108 494 1142 522 in
1167 493 1312 524 editione
1340 493 1526 530 Graeviana‚
1543 495 1599 533 qui
1618 498 1653 523 et
1669 494 1738 533 ipse

1015 536 1230 574 Cujacianam
1249 538 1560 578 interpretationem
1575 538 1693 576 probat
1704 541 1739 566 et

1013 581 1202 610 confirmat.
1247 580 1336 620 Quid
1357 582 1467 611 vero?
1496 581 1521 610 si
1553 581 1739 611 secundum

1015 624 1222 664 mancipium
1239 630 1290 654 est
1306 635 1365 665 pro
1383 625 1575 664 mancipi03
1601 629 1639 655 ut
1656 634 1740 664 prae-

1014 668 1069 698 dia
1090 668 1258 708 mancipio
1274 668 1398 698 dantur
1423 668 1475 697 vel
1492 668 1682 698 venduntur
1697 667 1739 698 ad

1014 712 1230 741 securitatem
1249 713 1399 749 cantoris,
1419 712 1472 741 cui
1484 713 1531 741 ita
1546 712 1742 742 satisdatur.

1017 755 1144 785 Clarior
1174 765 1224 785 res
1255 760 1357 792 esset,
1383 756 1410 785 si
1438 754 1610 784 historiam
1641 756 1741 786 scire-

1016 809 1102 829 mus.

1060 843 1233 872 Salisdato.
1257 842 1328 872 Att.
1356 841 1418 871 xvi.
1446 842 1477 871 6.
1500 842 1655 871 satisdato
1686 841 1742 872 de-

1017 886 1110 916 bere:
1137 886 1169 916 h.
1185 896 1213 916 e.
1231 886 1322 916 facta
1337 894 1396 925 pro
1413 883 1477 914 alio
1501 885 1621 915 idonea
1636 886 1743 915 cauti-

1015 940 1079 960 one
1096 930 1228 966 debere,
1245 930 1323 969 quia
1338 938 1397 969 pro
1412 928 1477 958 alio
1494 938 1551 958 nos
1574 928 1742 959 soluturos

1016 973 1267 1014 spopondimus.
1294 973 1337 1003 ib.
1371 975 1421 1002 15.
1445 971 1494 1001 illi
1519 976 1619 1013 turpe
1655 972 1743 1002 arbi-

1015 1022 1099 1055 tror,
1116 1028 1155 1047 eo
1173 1017 1322 1054 nomine,
1338 1015 1427 1056 quod
1437 1016 1593 1046 satisdato
1608 1015 1743 1053 debeat,

1016 1067 1246 1101 procuratores
1264 1061 1334 1101 ejus
1352 1069 1419 1090 non
1436 1059 1625 1090 dissolvere.

1062 1104 1272 1144 Scitiyacere,
1301 1103 1427 1134 solvere
1469 1103 1623 1141 debitori,
1653 1102 1743 1142 quod

1018 1147 1189 1178 debemus.
1212 1148 1253 1179 ad
1269 1148 1346 1178 Div.
1362 1147 1431 1177 xiii.
1449 1148 1501 1177 56.
1526 1151 1586 1177 aut
1606 1147 1743 1186 pecuni-

1018 1202 1072 1222 am
1098 1191 1241 1229 solvant,
1259 1195 1318 1221 aut
1332 1190 1497 1221 fructibus
1522 1190 1741 1230 satisfaciant.

1017 1236 1036 1254 *
1052 1236 1144 1274 hinc,
1164 1246 1223 1275 pro
1249 1235 1375 1266 solvere
1400 1234 1610 1274 simpliciter.
1637 1234 1743 1264 Attic.

1017 1280 1060 1310 iv.
1082 1280 1130 1310 16.
1154 1279 1277 1319 populo
1292 1279 1445 1309 tributim
1463 1278 1553 1308 domi
1570 1288 1638 1308 suae
1649 1279 1745 1308 satis·

1005 1322 1150 1363 fecerat.
1166 1323 1207 1354 cf.
1224 1323 1267 1353 ad
1281 1323 1359 1353 Div.
1376 1323 1439 1352 xiv.
1452 1323 1483 1352 6.
1507 1321 1693 1352 ¹*excusare
1709 1331 1743 1351 se

1018 1366 1129 1398 alicui.
1152 1367 1249 1397 Rosc.
1267 1367 1361 1397 Com.
1377 1370 1409 1400 9.
1431 1364 1631 1405 satiffedsth
1657 1365 1746 1404 quod

1018 1416 1146 1441 temere
1164 1410 1386 1441 commisisses
1402 1409 1462 1439 ἃς.
1479 1409 1522 1440 ef.
1538 1408 1623 1439 Phil.
1639 1409 1674 1439 ii.
1690 1410 1744 1439 20.

1020 1456 1156 1486 Muren.
1180 1457 1211 1485 3.
1234 1454 1253 1473 ‘
1269 1452 1449 1484 defendere
1472 1462 1568 1483 suam
1595 1462 1745 1490 causam,

1019 1499 1157 1539 probare
1184 1497 1322 1538 aliquid,
1349 1496 1592 1527 demonstrare.
1617 1497 1675 1526 Or.
1700 1496 1748 1526 iii.

1020 1546 1050 1573 2.
1076 1546 1114 1573 ut
1138 1541 1261 1583 populo
1286 1541 1384 1572 Rom.
1408 1540 1592 1580 satisfieret.
1614 1539 1746 1570 Verrin.

1020 1587 1066 1616 iii.
1091 1588 1144 1617 6⁶2.
1169 1585 1357 1625 satis-tacere
1379 1584 1563 1622 judicibus.
1593 1582 1687 1614 Verr.
1713 1583 1749 1614 ii.

1019 1634 1051 1665 7.
1083 1630 1123 1661 de
1147 1640 1213 1669 quo
1236 1629 1352 1660 multis
1374 1629 1516 1659 testibus
1538 1625 1747 1667 satisfactam

1019 1678 1074 1705 est.
1121 1673 1235 1704 Simile
1266 1678 1318 1703 est
1346 1671 1429 1703 illud
1454 1671 1496 1702 ad
1523 1672 1565 1712 Q.
1591 1671 1643 1701 Fr.
1671 1671 1692 1702 i.
1720 1673 1748 1701 1.

1020 1722 1052 1753 7.
1076 1717 1252 1757 diligentia
1266 1717 1300 1747 in
1323 1715 1549 1755 satisfaciendo
1570 1725 1608 1745 ac
1636 1713 1752 1755 dispu-

1020 1762 1123 1792 tando
1137 1774 1143 1792 :
1158 1772 1235 1792 cum
1254 1761 1302 1791 ita
1317 1770 1367 1790 res
1379 1760 1630 1790 demonstratur
1645 1763 1681 1789 et
1691 1758 1750 1788 ob-

1015 1806 1222 1845 jectionibus
1248 1803 1479 1845 respondetur,
1495 1808 1533 1833 ut
1561 1804 1595 1832 in
1624 1812 1664 1832 eo
1694 1811 1749 1832 ac-

1021 1850 1222 1889 quiescatur.
1247 1848 1404 1878 *iratum
1422 1852 1458 1878 et
1479 1845 1566 1877 male
1588 1845 1629 1876 de
1656 1846 1750 1876 nobis

1021 1894 1224 1924 sentientem
1258 1891 1484 1922 reconciliare.
1507 1890 1582 1921 Act.
1605 1890 1627 1920 i.
1653 1889 1749 1920 Verr.

1025 1941 1053 1968 l.
1070 1937 1191 1967 adduxi
1204 1936 1389 1973 hominem,
1407 1936 1440 1965 in
1459 1944 1524 1974 quo
1535 1932 1751 1964 reconciliare

1022 1981 1308 2012 existimationem
1339 1979 1546 2018 judiciorum
1579 1977 1750 2014 amissam,

1023 2024 1130 2055 redire
1158 2025 1192 2054 in
1210 2024 1350 2064 gratiam
1374 2032 1452 2053 cum
1468 2032 1545 2062 pop.
1563 2021 1602 2051 R.
1617 2019 1750 2060 satisfa-

1022 2079 1093 2099 cere
1115 2070 1236 2098 exteris
1258 2067 1449 2097 nationibus
1473 2065 1626 2106 possetiS.
1654 2064 1752 2095 Verr.

1023 2113 1070 2143 iii.
1088 2115 1139 2144 58.
1164 2122 1225 2142 nee
1242 2111 1338 2141 illum
1365 2115 1442 2141 ante
1467 2110 1528 2139 tibi
1549 2107 1750 2148 satisfacere,

1023 2166 1124 2195 quam
1141 2160 1180 2186 tu
1202 2156 1355 2185 omnium
1372 2153 1611 2184 existimationi
1626 2150 1755 2191 satisfe-

1023 2202 1126 2231 cisses.
1149 2200 1168 2218 *
1185 2199 1226 2230 ad
1242 2200 1318 2230 Div.
1332 2199 1401 2228 xiii.
1413 2198 1463 2228 16.
1486 2195 1678 2236 satisfacere
1693 2205 1751 2225 cu-

1024 2245 1074 2284 pit
1097 2242 1344 2274 immortalitati
1367 2241 1505 2272 laudum
1523 2245 1682 2271 tuarum:
1718 2238 1751 2268 11.

1025 2298 1054 2318 e.
1078 2287 1222 2317 seribere
1239 2287 1279 2317 de
1295 2287 1362 2317 tuis
1378 2286 1476 2316 rebus
1504 2285 1605 2324 gestis
1629 2282 1754 2313 consti-

1024 2332 1103 2362 tuit.
1127 2331 1146 2350 θ’
1163 2330 1205 2361 ad
1221 2331 1297 2361 Div.
1317 2341 1348 2361 x.
1371 2332 1397 2360 1.
1416 2330 1497 2366 vita,
1519 2328 1573 2358 eui
1588 2325 1730 2367 satisfeci
1743 2339 1753 2356 :

1024 2374 1058 2405 h.
1085 2385 1114 2405 e.
1141 2384 1216 2414 quae
1243 2373 1326 2404 mihi
1359 2373 1440 2403 satis
1467 2372 1567 2411 longa
1597 2370 1753 2410 contigit.

1024 2419 1094 2449 Att.
1111 2429 1141 2448 x.
1160 2421 1190 2449 8.
1215 2428 1268 2448 me
1291 2417 1341 2448 illi
1357 2416 1450 2447 nullo
1466 2415 1565 2446 modo
1580 2413 1755 2453 satisfecis-

1023 2473 1067 2500 se,
1085 2462 1173 2502 quod
1189 2462 1224 2492 in
1251 2465 1408 2492 senatum
1433 2469 1500 2490 non
1524 2458 1696 2489 venerim:
1720 2457 1755 2487 h.

1025 2516 1054 2536 e.
1080 2506 1162 2536 mihi
1188 2505 1403 2544 indignatum
1429 2513 1513 2534 esse.
1538 2502 1624 2533 Phil.
1641 2502 1675 2532 ii.
1701 2502 1755 2532 23.

1025 2551 1132 2580 oratio
1149 2558 1225 2580 mea
1249 2559 1315 2579 non
1341 2548 1467 2590 poterit
1491 2545 1681 2586 satisfacere
1700 2554 1755 2575 ve·

1025 2599 1103 2624 strae
1121 2593 1270 2624 seientiae
1287 2606 1293 2623 :
1320 2591 1353 2623 h.
1369 2602 1398 2622 e.
1412 2601 1479 2621 non
1496 2600 1631 2631 possum
1644 2589 1755 2620 dicere

1025 2641 1176 2674 tantum,
1194 2641 1361 2676 quantum
1377 2645 1434 2665 vos
1451 2634 1555 2665 scitis.

1070 2680 1273 2720 Satisfactio,
1303 2679 1486 2710 excusatio.
1520 2677 1562 2708 ad
1597 2677 1675 2708 Div.
1701 2676 1759 2706 vii.

1029 2728 1079 2756 13.
1105 2726 1257 2764 accipere
1273 2723 1538 2764 satisfactionem.
1561 2721 1634 2752 Att.
1656 2721 1699 2751 iv.
1725 2720 1758 2750 6.

1026 2769 1152 2808 aliquid
1164 2766 1344 2808 satiffactio
1360 2766 1508 2798 levitatis
1527 2765 1650 2796 habere
1667 2763 1760 2795 vide-

1025 2817 1095 2843 tur.

1070 2855 1188 2887 Satur.
1211 2856 1270 2886 Or.
1287 2855 1341 2887 36.
1366 2864 1428 2885 nec
1442 2852 1688 2892 saturajejune
1712 2851 1763 2881 di-

1026 2904 1091 2930 cet.
1138 2899 1268 2930 Satara
1299 2903 1381 2930 sunt
1411 2908 1476 2936 re5‚
1499 2897 1535 2928 in
1559 2896 1679 2936 quibus
1709 2898 1763 2925 est
