<?xml version="1.0" encoding="UTF-8"?>
<!DOCTYPE html PUBLIC "-//W3C//DTD XHTML 1.0 Transitional//EN"
    "http://www.w3.org/TR/xhtml1/DTD/xhtml1-transitional.dtd">
<html xmlns="http://www.w3.org/1999/xhtml" xml:lang="en" lang="en">
 <head>
  <title>
</title>
<meta http-equiv="Content-Type" content="text/html;charset=utf-8" />
  <meta name='ocr-system' content='tesseract 3.04.00' />
  <meta name='ocr-capabilities' content='ocr_page ocr_carea ocr_par ocr_line ocrx_word'/>
</head>
<body>
  <div class='ocr_page' id='page_1' title='image "./clavisciceronian00erneuoft/clavisciceronian00erneuoft_0072.png"; bbox 0 0 1985 3206; ppageno 0'>
   <div class='ocr_carea' id='block_1_1' title="bbox 233 76 1220 115">
    <p class='ocr_par' dir='ltr' id='par_1_1' title="bbox 233 76 1220 115">
     <span class='ocr_line' id='line_1_1' title="bbox 233 76 1220 115; baseline 0.001 -2"><span class='ocrx_word' id='word_1_1' title='bbox 233 76 288 113; x_wconf 68' lang='lat'>(56</span> <span class='ocrx_word' id='word_1_2' title='bbox 764 84 909 115; x_wconf 71' lang='lat' dir='ltr'>mnnx</span> <span class='ocrx_word' id='word_1_3' title='bbox 941 83 1220 115; x_wconf 74' lang='lat' dir='ltr'>msromcus.</span> 
     </span>
    </p>
   </div>
   <div class='ocr_carea' id='block_1_2' title="bbox 236 175 975 2912">
    <p class='ocr_par' dir='ltr' id='par_1_2' title="bbox 280 175 736 216">
     <span class='ocr_line' id='line_1_2' title="bbox 280 175 736 216; baseline -0.004 -8"><span class='ocrx_word' id='word_1_4' title='bbox 280 177 408 216; x_wconf 74' lang='lat' dir='ltr'><em>Apella,</em></span> <span class='ocrx_word' id='word_1_5' title='bbox 424 175 464 206; x_wconf 72' lang='lat' dir='ltr'>ml</span> <span class='ocrx_word' id='word_1_6' title='bbox 480 176 555 207; x_wconf 81' lang='lat' dir='ltr'>Div.</span> <span class='ocrx_word' id='word_1_7' title='bbox 571 186 600 205; x_wconf 85' lang='lat' dir='ltr'>x.</span> <span class='ocrx_word' id='word_1_8' title='bbox 617 185 667 216; x_wconf 75' lang='lat' dir='ltr'>cp.</span> <span class='ocrx_word' id='word_1_9' title='bbox 688 178 736 209; x_wconf 92' lang='lat'>17.</span> 
     </span>
    </p>

    <p class='ocr_par' dir='ltr' id='par_1_3' title="bbox 236 218 959 294">
     <span class='ocr_line' id='line_1_3' title="bbox 236 218 959 260; baseline 0.001 -10"><span class='ocrx_word' id='word_1_10' title='bbox 236 227 239 230; x_wconf 92' lang='grc'><em>“</em></span> <span class='ocrx_word' id='word_1_11' title='bbox 283 221 410 260; x_wconf 81' lang='lat' dir='ltr'><em>Apella,</em></span> <span class='ocrx_word' id='word_1_12' title='bbox 434 220 474 249; x_wconf 85' lang='lat' dir='ltr'>ad</span> <span class='ocrx_word' id='word_1_13' title='bbox 496 220 571 251; x_wconf 81' lang='lat' dir='ltr'>Div.</span> <span class='ocrx_word' id='word_1_14' title='bbox 593 219 649 249; x_wconf 85' lang='lat' dir='ltr'>vii.</span> <span class='ocrx_word' id='word_1_15' title='bbox 669 229 720 259; x_wconf 81' lang='lat' dir='ltr'>ep.</span> <span class='ocrx_word' id='word_1_16' title='bbox 744 221 796 251; x_wconf 71' lang='lat'>25.</span> <span class='ocrx_word' id='word_1_17' title='bbox 820 218 959 251; x_wconf 76' lang='lat' dir='ltr'>libertus</span> 
     </span>
     <span class='ocr_line' id='line_1_4' title="bbox 242 262 505 294; baseline -0.008 0"><span class='ocrx_word' id='word_1_18' title='bbox 242 264 289 294; x_wconf 81' lang='lat' dir='ltr'>M.</span> <span class='ocrx_word' id='word_1_19' title='bbox 306 264 393 293; x_wconf 78' lang='lat' dir='ltr'>Fabii</span> <span class='ocrx_word' id='word_1_20' title='bbox 409 262 505 293; x_wconf 83' lang='lat' dir='ltr'>Galli.</span> 
     </span>
    </p>

    <p class='ocr_par' dir='ltr' id='par_1_4' title="bbox 238 306 963 478">
     <span class='ocr_line' id='line_1_5' title="bbox 285 306 962 347; baseline -0.001 -10"><span class='ocrx_word' id='word_1_21' title='bbox 285 307 399 347; x_wconf 71' lang='lat' dir='ltr'><em>Apella</em></span> <span class='ocrx_word' id='word_1_22' title='bbox 425 307 538 344; x_wconf 73' lang='lat' dir='ltr'>Chius,</span> <span class='ocrx_word' id='word_1_23' title='bbox 555 308 623 337; x_wconf 70' lang='lat' dir='ltr'>Art.</span> <span class='ocrx_word' id='word_1_24' title='bbox 640 307 693 336; x_wconf 73' lang='lat' dir='ltr'>xii.</span> <span class='ocrx_word' id='word_1_25' title='bbox 714 309 760 339; x_wconf 83' lang='lat'>19.</span> <span class='ocrx_word' id='word_1_26' title='bbox 790 306 962 336; x_wconf 86' lang='lat' dir='ltr'>columna-</span> 
     </span>
     <span class='ocr_line' id='line_1_6' title="bbox 242 350 963 389; baseline -0.001 -9"><span class='ocrx_word' id='word_1_27' title='bbox 242 360 318 382; x_wconf 81' lang='lat' dir='ltr'>rum</span> <span class='ocrx_word' id='word_1_28' title='bbox 342 350 470 380; x_wconf 75' lang='lat' dir='ltr'>artifex.</span> <span class='ocrx_word' id='word_1_29' title='bbox 521 351 620 381; x_wconf 74' lang='lat' dir='ltr'>Hunc</span> <span class='ocrx_word' id='word_1_30' title='bbox 639 350 788 389; x_wconf 78' lang='lat' dir='ltr'><em>Apellam</em></span> <span class='ocrx_word' id='word_1_31' title='bbox 803 360 866 380; x_wconf 78' lang='lat' dir='ltr'>non</span> <span class='ocrx_word' id='word_1_32' title='bbox 879 360 963 379; x_wconf 81' lang='lat' dir='ltr'><em>com-</em></span> 
     </span>
     <span class='ocr_line' id='line_1_7' title="bbox 242 393 962 425; baseline -0.003 0"><span class='ocrx_word' id='word_1_33' title='bbox 242 395 433 425; x_wconf 76' lang='lat' dir='ltr'><em>memoravit</em></span> <span class='ocrx_word' id='word_1_34' title='bbox 447 393 572 424; x_wconf 54' lang='lat' dir='ltr'>‘Iunius</span> <span class='ocrx_word' id='word_1_35' title='bbox 585 406 593 422; x_wconf 81' lang='lat'>.·</span> <span class='ocrx_word' id='word_1_36' title='bbox 617 393 673 423; x_wconf 72' lang='lat' dir='ltr'>sed</span> <span class='ocrx_word' id='word_1_37' title='bbox 691 393 784 423; x_wconf 73' lang='lat' dir='ltr'><em>habet</em></span> <span class='ocrx_word' id='word_1_38' title='bbox 798 395 902 423; x_wconf 76' lang='lat' dir='ltr'>ulium</span> <span class='ocrx_word' id='word_1_39' title='bbox 917 394 962 423; x_wconf 77' lang='lat' dir='ltr'>A·</span> 
     </span>
     <span class='ocr_line' id='line_1_8' title="bbox 238 436 884 478; baseline 0 -12"><span class='ocrx_word' id='word_1_40' title='bbox 238 439 359 478; x_wconf 77' lang='lat' dir='ltr'><em>pellam</em></span> <span class='ocrx_word' id='word_1_41' title='bbox 375 439 576 467; x_wconf 71' lang='lat' dir='ltr'>statuarium</span> <span class='ocrx_word' id='word_1_42' title='bbox 594 448 610 467; x_wconf 82' lang='lat' dir='ltr'><em>e</em></span> <span class='ocrx_word' id='word_1_43' title='bbox 626 436 716 467; x_wconf 76' lang='lat' dir='ltr'>Pon.</span> <span class='ocrx_word' id='word_1_44' title='bbox 732 437 838 466; x_wconf 82' lang='lat' dir='ltr'>xxxiV.</span> <span class='ocrx_word' id='word_1_45' title='bbox 855 439 884 466; x_wconf 66' lang='grc' dir='ltr'>ὃ.</span> 
     </span>
    </p>

    <p class='ocr_par' dir='ltr' id='par_1_5' title="bbox 241 480 965 738">
     <span class='ocr_line' id='line_1_9' title="bbox 286 480 962 521; baseline -0.003 -10"><span class='ocrx_word' id='word_1_46' title='bbox 286 480 423 521; x_wconf 42' lang='lat' dir='ltr'>Apulos,</span> <span class='ocrx_word' id='word_1_47' title='bbox 442 481 536 511; x_wconf 77' lang='lat' dir='ltr'>Brut.</span> <span class='ocrx_word' id='word_1_48' title='bbox 566 484 611 511; x_wconf 66' lang='lat'>13.</span> <span class='ocrx_word' id='word_1_49' title='bbox 640 481 758 520; x_wconf 87' lang='lat' dir='ltr'>pictor.</span> <span class='ocrx_word' id='word_1_50' title='bbox 782 480 823 509; x_wconf 88' lang='lat' dir='ltr'>ad</span> <span class='ocrx_word' id='word_1_51' title='bbox 845 481 919 510; x_wconf 85' lang='lat' dir='ltr'>Div.</span> <span class='ocrx_word' id='word_1_52' title='bbox 944 480 962 509; x_wconf 86' lang='lat' dir='ltr'>i.</span> 
     </span>
     <span class='ocr_line' id='line_1_10' title="bbox 242 523 963 564; baseline -0.001 -11"><span class='ocrx_word' id='word_1_53' title='bbox 242 534 294 563; x_wconf 78' lang='lat' dir='ltr'>ep.</span> <span class='ocrx_word' id='word_1_54' title='bbox 305 528 334 558; x_wconf 88' lang='lat'>9.</span> <span class='ocrx_word' id='word_1_55' title='bbox 346 524 510 554; x_wconf 82' lang='lat' dir='ltr'><em>Venerem</em></span> <span class='ocrx_word' id='word_1_56' title='bbox 524 524 754 564; x_wconf 70' lang='lat' dir='ltr'>imperfectam</span> <span class='ocrx_word' id='word_1_57' title='bbox 767 523 912 562; x_wconf 81' lang='lat' dir='ltr'>reliquit.</span> <span class='ocrx_word' id='word_1_58' title='bbox 924 523 963 553; x_wconf 82' lang='lat' dir='ltr'>(lc</span> 
     </span>
     <span class='ocr_line' id='line_1_11' title="bbox 242 566 964 607; baseline -0.003 -10"><span class='ocrx_word' id='word_1_59' title='bbox 242 567 307 597; x_wconf 79' lang='lat' dir='ltr'>Off.</span> <span class='ocrx_word' id='word_1_60' title='bbox 323 567 366 597; x_wconf 85' lang='lat' dir='ltr'>iii.</span> <span class='ocrx_word' id='word_1_61' title='bbox 383 569 412 597; x_wconf 68' lang='lat'>2.</span> <span class='ocrx_word' id='word_1_62' title='bbox 438 577 537 597; x_wconf 89' lang='lat' dir='ltr'><em>nemo</em></span> <span class='ocrx_word' id='word_1_63' title='bbox 552 577 625 597; x_wconf 81' lang='lat' dir='ltr'>eam</span> <span class='ocrx_word' id='word_1_64' title='bbox 642 566 808 597; x_wconf 80' lang='lat' dir='ltr'><em>absolvere</em></span> <span class='ocrx_word' id='word_1_65' title='bbox 824 577 858 596; x_wconf 67' lang='lat' dir='ltr'>se.</span> <span class='ocrx_word' id='word_1_66' title='bbox 871 576 964 607; x_wconf 83' lang='lat' dir='ltr'><em>posse</em></span> 
     </span>
     <span class='ocr_line' id='line_1_12' title="bbox 243 610 965 650; baseline -0.001 -9"><span class='ocrx_word' id='word_1_67' title='bbox 243 611 387 641; x_wconf 78' lang='lat' dir='ltr'>confisus</span> <span class='ocrx_word' id='word_1_68' title='bbox 407 614 468 641; x_wconf 83' lang='lat' dir='ltr'>est.</span> <span class='ocrx_word' id='word_1_69' title='bbox 498 610 537 640; x_wconf 88' lang='lat' dir='ltr'>ad</span> <span class='ocrx_word' id='word_1_70' title='bbox 558 612 632 642; x_wconf 84' lang='lat' dir='ltr'>Div.</span> <span class='ocrx_word' id='word_1_71' title='bbox 653 622 682 640; x_wconf 79' lang='grc' dir='ltr'>ν.</span> <span class='ocrx_word' id='word_1_72' title='bbox 708 613 753 640; x_wconf 73' lang='lat'>1⁶2.</span> <span class='ocrx_word' id='word_1_73' title='bbox 783 610 871 650; x_wconf 79' lang='lat' dir='ltr'>apud</span> <span class='ocrx_word' id='word_1_74' title='bbox 890 610 965 640; x_wconf 80' lang='lat' dir='ltr'>Ale-</span> 
     </span>
     <span class='ocr_line' id='line_1_13' title="bbox 244 654 965 695; baseline -0.003 -10"><span class='ocrx_word' id='word_1_75' title='bbox 244 654 406 685; x_wconf 79' lang='lat' dir='ltr'>xandrum</span> <span class='ocrx_word' id='word_1_76' title='bbox 432 655 608 693; x_wconf 83' lang='lat' dir='ltr'>gratiosus,</span> <span class='ocrx_word' id='word_1_77' title='bbox 629 655 685 695; x_wconf 90' lang='lat' dir='ltr'>qui</span> <span class='ocrx_word' id='word_1_78' title='bbox 713 654 753 684; x_wconf 86' lang='lat' dir='ltr'>ab</span> <span class='ocrx_word' id='word_1_79' title='bbox 778 664 818 684; x_wconf 82' lang='lat' dir='ltr'>eo</span> <span class='ocrx_word' id='word_1_80' title='bbox 839 654 908 685; x_wconf 86' lang='lat' dir='ltr'><em>solo</em></span> <span class='ocrx_word' id='word_1_81' title='bbox 931 664 965 683; x_wconf 88' lang='lat' dir='ltr'><em>se</em></span> 
     </span>
     <span class='ocr_line' id='line_1_14' title="bbox 241 697 466 738; baseline 0 -10"><span class='ocrx_word' id='word_1_82' title='bbox 241 698 336 738; x_wconf 82' lang='lat' dir='ltr'>pingi</span> <span class='ocrx_word' id='word_1_83' title='bbox 351 697 466 729; x_wconf 85' lang='lat' dir='ltr'>voluit.</span> 
     </span>
    </p>

    <p class='ocr_par' dir='ltr' id='par_1_6' title="bbox 284 741 819 781">
     <span class='ocr_line' id='line_1_15' title="bbox 284 741 819 781; baseline -0.002 -9"><span class='ocrx_word' id='word_1_84' title='bbox 284 741 425 781; x_wconf 71' lang='lat' dir='ltr'><em>Apenas,</em></span> <span class='ocrx_word' id='word_1_85' title='bbox 442 741 483 771; x_wconf 80' lang='lat' dir='ltr'>ad</span> <span class='ocrx_word' id='word_1_86' title='bbox 498 742 567 772; x_wconf 73' lang='lat' dir='ltr'>Att.</span> <span class='ocrx_word' id='word_1_87' title='bbox 582 743 623 772; x_wconf 85' lang='lat' dir='ltr'>iv.</span> <span class='ocrx_word' id='word_1_88' title='bbox 640 745 669 772; x_wconf 84' lang='grc'>8.</span> <span class='ocrx_word' id='word_1_89' title='bbox 696 750 819 771; x_wconf 86' lang='lat' dir='ltr'>servus.</span> 
     </span>
    </p>

    <p class='ocr_par' dir='ltr' id='par_1_7' title="bbox 242 785 968 1034">
     <span class='ocr_line' id='line_1_16' title="bbox 286 785 966 825; baseline -0.003 -10"><span class='ocrx_word' id='word_1_90' title='bbox 286 785 430 825; x_wconf 70' lang='lat' dir='ltr'><em>Aponio,</em></span> <span class='ocrx_word' id='word_1_91' title='bbox 444 785 538 816; x_wconf 84' lang='lat' dir='ltr'>Brut.</span> <span class='ocrx_word' id='word_1_92' title='bbox 554 788 607 816; x_wconf 79' lang='lat'>48.</span> <span class='ocrx_word' id='word_1_93' title='bbox 632 785 740 825; x_wconf 82' lang='lat' dir='ltr'>aptior</span> <span class='ocrx_word' id='word_1_94' title='bbox 753 785 966 815; x_wconf 75' lang='lat' dir='ltr'>concionibus</span> 
     </span>
     <span class='ocr_line' id='line_1_17' title="bbox 242 828 967 869; baseline 0.001 -11"><span class='ocrx_word' id='word_1_95' title='bbox 242 834 366 866; x_wconf 81' lang='lat' dir='ltr'><em>orator,</em></span> <span class='ocrx_word' id='word_1_96' title='bbox 379 829 626 869; x_wconf 81' lang='lat' dir='ltr'>quamjudiciis.</span> <span class='ocrx_word' id='word_1_97' title='bbox 651 828 718 859; x_wconf 76' lang='lat' dir='ltr'>Ed.</span> <span class='ocrx_word' id='word_1_98' title='bbox 732 829 861 859; x_wconf 74' lang='lat' dir='ltr'>Mediol.</span> <span class='ocrx_word' id='word_1_99' title='bbox 874 830 967 859; x_wconf 76' lang='lat' dir='ltr'><em>habet</em></span> 
     </span>
     <span class='ocr_line' id='line_1_18' title="bbox 244 871 968 912; baseline -0.001 -9"><span class='ocrx_word' id='word_1_100' title='bbox 244 872 376 912; x_wconf 80' lang='lat' dir='ltr'>Aphila,</span> <span class='ocrx_word' id='word_1_101' title='bbox 393 872 480 902; x_wconf 81' lang='lat' dir='ltr'>unde</span> <span class='ocrx_word' id='word_1_102' title='bbox 496 878 571 912; x_wconf 86' lang='lat' dir='ltr'><em>post</em></span> <span class='ocrx_word' id='word_1_103' title='bbox 585 872 713 902; x_wconf 81' lang='lat' dir='ltr'>factum</span> <span class='ocrx_word' id='word_1_104' title='bbox 733 871 850 909; x_wconf 65' lang='lat' dir='ltr'>Ofella.</span> <span class='ocrx_word' id='word_1_105' title='bbox 888 873 968 902; x_wconf 86' lang='lat' dir='ltr'>Gui-</span> 
     </span>
     <span class='ocr_line' id='line_1_19' title="bbox 244 915 968 956; baseline 0 -11"><span class='ocrx_word' id='word_1_106' title='bbox 244 915 389 946; x_wconf 75' lang='lat' dir='ltr'>lielniius</span> <span class='ocrx_word' id='word_1_107' title='bbox 412 916 557 946; x_wconf 82' lang='lat' dir='ltr'>malebat</span> <span class='ocrx_word' id='word_1_108' title='bbox 585 916 711 956; x_wconf 81' lang='lat' dir='ltr'>Ofilius.</span> <span class='ocrx_word' id='word_1_109' title='bbox 736 927 764 945; x_wconf 93' lang='lat' dir='ltr'>v.</span> <span class='ocrx_word' id='word_1_110' title='bbox 793 921 827 945; x_wconf 76' lang='lat' dir='ltr'>et</span> <span class='ocrx_word' id='word_1_111' title='bbox 851 917 968 946; x_wconf 82' lang='lat' dir='ltr'><em>Corra-</em></span> 
     </span>
     <span class='ocr_line' id='line_1_20' title="bbox 246 959 966 990; baseline 0.001 -1"><span class='ocrx_word' id='word_1_112' title='bbox 246 959 306 989; x_wconf 84' lang='lat' dir='ltr'>dus</span> <span class='ocrx_word' id='word_1_113' title='bbox 323 960 364 990; x_wconf 81' lang='lat' dir='ltr'>ad</span> <span class='ocrx_word' id='word_1_114' title='bbox 379 959 410 990; x_wconf 91' lang='lat' dir='ltr'>h.</span> <span class='ocrx_word' id='word_1_115' title='bbox 427 959 448 989; x_wconf 94' lang='lat' dir='ltr'>l.</span> <span class='ocrx_word' id='word_1_116' title='bbox 473 960 530 990; x_wconf 89' lang='lat' dir='ltr'>sed</span> <span class='ocrx_word' id='word_1_117' title='bbox 541 960 666 990; x_wconf 79' lang='lat' dir='ltr'>frustra</span> <span class='ocrx_word' id='word_1_118' title='bbox 677 959 846 990; x_wconf 84' lang='lat' dir='ltr'>laboratur</span> <span class='ocrx_word' id='word_1_119' title='bbox 857 961 890 990; x_wconf 90' lang='lat' dir='ltr'>in</span> <span class='ocrx_word' id='word_1_120' title='bbox 904 960 966 990; x_wconf 90' lang='lat' dir='ltr'>hoc</span> 
     </span>
     <span class='ocr_line' id='line_1_21' title="bbox 245 1003 637 1034; baseline 0 -1"><span class='ocrx_word' id='word_1_121' title='bbox 245 1004 381 1034; x_wconf 89' lang='lat' dir='ltr'>nomine</span> <span class='ocrx_word' id='word_1_122' title='bbox 398 1014 416 1033; x_wconf 91' lang='lat' dir='ltr'>a</span> <span class='ocrx_word' id='word_1_123' title='bbox 432 1004 506 1033; x_wconf 66' lang='lat' dir='ltr'>viris</span> <span class='ocrx_word' id='word_1_124' title='bbox 522 1003 637 1033; x_wconf 76' lang='lat' dir='ltr'>doctis.</span> 
     </span>
    </p>

    <p class='ocr_par' dir='ltr' id='par_1_8' title="bbox 240 1047 967 1253">
     <span class='ocr_line' id='line_1_22' title="bbox 287 1047 967 1087; baseline 0.001 -10"><span class='ocrx_word' id='word_1_125' title='bbox 287 1047 411 1087; x_wconf 79' lang='lat' dir='ltr'><em>Apollo,</em></span> <span class='ocrx_word' id='word_1_126' title='bbox 426 1048 506 1077; x_wconf 83' lang='lat' dir='ltr'>Nat.</span> <span class='ocrx_word' id='word_1_127' title='bbox 521 1048 563 1078; x_wconf 91' lang='lat' dir='ltr'>D.</span> <span class='ocrx_word' id='word_1_128' title='bbox 580 1048 623 1077; x_wconf 86' lang='lat' dir='ltr'>iii.</span> <span class='ocrx_word' id='word_1_129' title='bbox 640 1049 691 1079; x_wconf 69' lang='lat'>23.</span> <span class='ocrx_word' id='word_1_130' title='bbox 737 1047 880 1078; x_wconf 78' lang='lat' dir='ltr'>Arcades</span> <span class='ocrx_word' id='word_1_131' title='bbox 898 1047 967 1078; x_wconf 89' lang='lat' dir='ltr'>No-</span> 
     </span>
     <span class='ocr_line' id='line_1_23' title="bbox 244 1090 967 1130; baseline 0.001 -10"><span class='ocrx_word' id='word_1_132' title='bbox 244 1091 392 1121; x_wconf 79' lang='lat' dir='ltr'>mionem</span> <span class='ocrx_word' id='word_1_133' title='bbox 409 1090 588 1130; x_wconf 77' lang='lat' dir='ltr'>appellant.</span> <span class='ocrx_word' id='word_1_134' title='bbox 604 1091 647 1121; x_wconf 92' lang='lat' dir='ltr'>ib.</span> <span class='ocrx_word' id='word_1_135' title='bbox 667 1091 715 1121; x_wconf 90' lang='grc'>16.</span> <span class='ocrx_word' id='word_1_136' title='bbox 746 1101 823 1121; x_wconf 91' lang='lat' dir='ltr'>cum</span> <span class='ocrx_word' id='word_1_137' title='bbox 839 1091 967 1121; x_wconf 87' lang='lat' dir='ltr'>Hereu-</span> 
     </span>
     <span class='ocr_line' id='line_1_24' title="bbox 244 1134 966 1174; baseline 0 -10"><span class='ocrx_word' id='word_1_138' title='bbox 244 1134 274 1164; x_wconf 82' lang='lat' dir='ltr'>le</span> <span class='ocrx_word' id='word_1_139' title='bbox 298 1134 338 1164; x_wconf 85' lang='lat' dir='ltr'>de</span> <span class='ocrx_word' id='word_1_140' title='bbox 360 1134 489 1174; x_wconf 82' lang='lat' dir='ltr'>tripode</span> <span class='ocrx_word' id='word_1_141' title='bbox 513 1138 631 1164; x_wconf 78' lang='lat' dir='ltr'>certat.</span> <span class='ocrx_word' id='word_1_142' title='bbox 654 1134 696 1164; x_wconf 82' lang='lat' dir='ltr'>ib.</span> <span class='ocrx_word' id='word_1_143' title='bbox 713 1136 764 1165; x_wconf 71' lang='lat'>23.</span> <span class='ocrx_word' id='word_1_144' title='bbox 794 1144 869 1164; x_wconf 89' lang='lat' dir='ltr'>cum</span> <span class='ocrx_word' id='word_1_145' title='bbox 885 1134 966 1164; x_wconf 79' lang='lat' dir='ltr'><em>Jove</em></span> 
     </span>
     <span class='ocr_line' id='line_1_25' title="bbox 244 1175 966 1209; baseline 0 -2"><span class='ocrx_word' id='word_1_146' title='bbox 244 1178 284 1207; x_wconf 83' lang='lat' dir='ltr'>de</span> <span class='ocrx_word' id='word_1_147' title='bbox 309 1178 418 1208; x_wconf 76' lang='lat' dir='ltr'>Creta.</span> <span class='ocrx_word' id='word_1_148' title='bbox 441 1178 542 1208; x_wconf 81' lang='lat' dir='ltr'>Acad.</span> <span class='ocrx_word' id='word_1_149' title='bbox 565 1179 606 1208; x_wconf 92' lang='lat' dir='ltr'>iv.</span> <span class='ocrx_word' id='word_1_150' title='bbox 622 1180 674 1209; x_wconf 73' lang='lat'>528.</span> <span class='ocrx_word' id='word_1_151' title='bbox 703 1175 852 1208; x_wconf 85' lang='lat' dir='ltr'>crinitus.</span> <span class='ocrx_word' id='word_1_152' title='bbox 867 1178 966 1208; x_wconf 79' lang='lat' dir='ltr'>Tusc.</span> 
     </span>
     <span class='ocr_line' id='line_1_26' title="bbox 240 1221 966 1253; baseline 0 -1"><span class='ocrx_word' id='word_1_153' title='bbox 240 1222 284 1252; x_wconf 87' lang='lat' dir='ltr'>iv.</span> <span class='ocrx_word' id='word_1_154' title='bbox 301 1224 351 1252; x_wconf 81' lang='lat'>34.</span> <span class='ocrx_word' id='word_1_155' title='bbox 371 1226 517 1252; x_wconf 84' lang='lat' dir='ltr'>sanctus.</span> <span class='ocrx_word' id='word_1_156' title='bbox 532 1222 625 1251; x_wconf 87' lang='lat' dir='ltr'>Verr.</span> <span class='ocrx_word' id='word_1_157' title='bbox 641 1222 681 1252; x_wconf 90' lang='lat' dir='ltr'>iv.</span> <span class='ocrx_word' id='word_1_158' title='bbox 698 1225 748 1253; x_wconf 89' lang='grc'>53.</span> <span class='ocrx_word' id='word_1_159' title='bbox 763 1221 966 1252; x_wconf 79' lang='lat' dir='ltr'><strong>Temenites.</strong></span> 
     </span>
    </p>

    <p class='ocr_par' dir='ltr' id='par_1_9' title="bbox 287 1265 847 1306">
     <span class='ocr_line' id='line_1_27' title="bbox 287 1265 847 1306; baseline 0 -10"><span class='ocrx_word' id='word_1_160' title='bbox 287 1266 444 1306; x_wconf 77' lang='lat' dir='ltr'><em>Apollinis</em></span> <span class='ocrx_word' id='word_1_161' title='bbox 458 1270 586 1306; x_wconf 80' lang='lat' dir='ltr'><em>operta,</em></span> <span class='ocrx_word' id='word_1_162' title='bbox 602 1265 642 1295; x_wconf 77' lang='lat' dir='ltr'>de</span> <span class='ocrx_word' id='word_1_163' title='bbox 658 1266 732 1296; x_wconf 84' lang='lat' dir='ltr'>Div.</span> <span class='ocrx_word' id='word_1_164' title='bbox 748 1266 780 1296; x_wconf 90' lang='lat' dir='ltr'>ii.</span> <span class='ocrx_word' id='word_1_165' title='bbox 797 1269 847 1296; x_wconf 87' lang='lat'>55.</span> 
     </span>
    </p>

    <p class='ocr_par' dir='ltr' id='par_1_10' title="bbox 241 1308 968 1605">
     <span class='ocr_line' id='line_1_28' title="bbox 286 1308 966 1350; baseline 0 -11"><span class='ocrx_word' id='word_1_166' title='bbox 286 1310 489 1350; x_wconf 74' lang='lat' dir='ltr'><em>Apollinares</em></span> <span class='ocrx_word' id='word_1_167' title='bbox 509 1309 589 1339; x_wconf 88' lang='lat' dir='ltr'>ludi.</span> <span class='ocrx_word' id='word_1_168' title='bbox 616 1308 698 1339; x_wconf 89' lang='lat' dir='ltr'>Phil.</span> <span class='ocrx_word' id='word_1_169' title='bbox 725 1309 745 1339; x_wconf 87' lang='lat' dir='ltr'>i.</span> <span class='ocrx_word' id='word_1_170' title='bbox 775 1313 822 1340; x_wconf 87' lang='lat'>15.</span> <span class='ocrx_word' id='word_1_171' title='bbox 856 1309 889 1339; x_wconf 89' lang='lat' dir='ltr'>ii.</span> <span class='ocrx_word' id='word_1_172' title='bbox 919 1313 966 1339; x_wconf 83' lang='lat'>13.</span> 
     </span>
     <span class='ocr_line' id='line_1_29' title="bbox 245 1353 968 1392; baseline 0 -9"><span class='ocrx_word' id='word_1_173' title='bbox 245 1353 314 1383; x_wconf 78' lang='lat' dir='ltr'>Att.</span> <span class='ocrx_word' id='word_1_174' title='bbox 338 1354 370 1384; x_wconf 90' lang='lat' dir='ltr'>ii.</span> <span class='ocrx_word' id='word_1_175' title='bbox 399 1356 446 1387; x_wconf 88' lang='lat'>19.</span> <span class='ocrx_word' id='word_1_176' title='bbox 475 1354 513 1383; x_wconf 81' lang='lat' dir='ltr'>de</span> <span class='ocrx_word' id='word_1_177' title='bbox 526 1363 638 1383; x_wconf 86' lang='lat' dir='ltr'><em>eorum</em></span> <span class='ocrx_word' id='word_1_178' title='bbox 652 1354 778 1392; x_wconf 65' lang='lat' dir='ltr'><em>origine</em></span> <span class='ocrx_word' id='word_1_179' title='bbox 793 1354 910 1383; x_wconf 80' lang='lat' dir='ltr'><em>tirones</em></span> <span class='ocrx_word' id='word_1_180' title='bbox 925 1355 968 1383; x_wconf 81' lang='lat' dir='ltr'><em>le-</em></span> 
     </span>
     <span class='ocr_line' id='line_1_30' title="bbox 241 1397 968 1435; baseline -0.001 -8"><span class='ocrx_word' id='word_1_181' title='bbox 241 1400 327 1435; x_wconf 74' lang='lat' dir='ltr'>gant</span> <span class='ocrx_word' id='word_1_182' title='bbox 350 1397 424 1427; x_wconf 77' lang='lat' dir='ltr'>Liv.</span> <span class='ocrx_word' id='word_1_183' title='bbox 448 1397 533 1427; x_wconf 73' lang='lat' dir='ltr'>xxiV.</span> <span class='ocrx_word' id='word_1_184' title='bbox 561 1398 608 1427; x_wconf 73' lang='lat'>12.</span> <span class='ocrx_word' id='word_1_185' title='bbox 633 1397 687 1426; x_wconf 87' lang='lat' dir='ltr'>ubi</span> <span class='ocrx_word' id='word_1_186' title='bbox 702 1401 850 1427; x_wconf 77' lang='lat' dir='ltr'><em>auctores</em></span> <span class='ocrx_word' id='word_1_187' title='bbox 867 1398 906 1427; x_wconf 85' lang='lat' dir='ltr'>de</span> <span class='ocrx_word' id='word_1_188' title='bbox 920 1398 968 1427; x_wconf 83' lang='lat' dir='ltr'>lu&#39;s</span> 
     </span>
     <span class='ocr_line' id='line_1_31' title="bbox 246 1440 967 1471; baseline 0.003 -2"><span class='ocrx_word' id='word_1_189' title='bbox 246 1441 332 1470; x_wconf 75' lang='lat' dir='ltr'>ludis</span> <span class='ocrx_word' id='word_1_190' title='bbox 347 1440 463 1471; x_wconf 70' lang='lat' dir='ltr'>laildctl</span> <span class='ocrx_word' id='word_1_191' title='bbox 479 1440 645 1470; x_wconf 59' lang='lat' dir='ltr'><em>Doberos.</em></span> <span class='ocrx_word' id='word_1_192' title='bbox 671 1440 766 1471; x_wconf 74' lang='lat' dir='ltr'><em>Actos</em></span> <span class='ocrx_word' id='word_1_193' title='bbox 779 1451 843 1471; x_wconf 83' lang='lat' dir='ltr'><em>esse</em></span> <span class='ocrx_word' id='word_1_194' title='bbox 858 1441 898 1470; x_wconf 83' lang='lat' dir='ltr'>iv.</span> <span class='ocrx_word' id='word_1_195' title='bbox 920 1441 967 1471; x_wconf 83' lang='lat' dir='ltr'>ld.</span> 
     </span>
     <span class='ocr_line' id='line_1_32' title="bbox 245 1483 968 1521; baseline 0.001 -7"><span class='ocrx_word' id='word_1_196' title='bbox 245 1484 319 1515; x_wconf 80' lang='lat' dir='ltr'>Jul.</span> <span class='ocrx_word' id='word_1_197' title='bbox 335 1495 352 1514; x_wconf 84' lang='lat' dir='ltr'><em>e</em></span> <span class='ocrx_word' id='word_1_198' title='bbox 375 1483 532 1521; x_wconf 73' lang='lat' dir='ltr'><em>Cicerone,</em></span> <span class='ocrx_word' id='word_1_199' title='bbox 548 1484 724 1521; x_wconf 68' lang='lat' dir='ltr'><em>Macrobio,</em></span> <span class='ocrx_word' id='word_1_200' title='bbox 747 1488 778 1514; x_wconf 78' lang='lat' dir='ltr'>et</span> <span class='ocrx_word' id='word_1_201' title='bbox 794 1484 900 1514; x_wconf 84' lang='lat' dir='ltr'><em>Dione</em></span> <span class='ocrx_word' id='word_1_202' title='bbox 915 1485 968 1515; x_wconf 78' lang='lat' dir='ltr'><em>(Ic-</em></span> 
     </span>
     <span class='ocr_line' id='line_1_33' title="bbox 245 1527 967 1569; baseline 0.001 -12"><span class='ocrx_word' id='word_1_203' title='bbox 245 1531 404 1558; x_wconf 77' lang='lat' dir='ltr'>monslrut</span> <span class='ocrx_word' id='word_1_204' title='bbox 428 1528 583 1559; x_wconf 60' lang='lat' dir='ltr'>[Varisius</span> <span class='ocrx_word' id='word_1_205' title='bbox 603 1528 637 1557; x_wconf 80' lang='lat' dir='ltr'>in</span> <span class='ocrx_word' id='word_1_206' title='bbox 661 1528 831 1569; x_wconf 74' lang='lat' dir='ltr'><em>cenotapo.</em></span> <span class='ocrx_word' id='word_1_207' title='bbox 848 1527 919 1558; x_wconf 88' lang='lat' dir='ltr'>Pis.</span> <span class='ocrx_word' id='word_1_208' title='bbox 929 1538 967 1568; x_wconf 86' lang='lat' dir='ltr'>p.</span> 
     </span>
     <span class='ocr_line' id='line_1_34' title="bbox 249 1575 409 1605; baseline 0 -4"><span class='ocrx_word' id='word_1_209' title='bbox 249 1575 320 1605; x_wconf 84' lang='lat'>137.</span> <span class='ocrx_word' id='word_1_210' title='bbox 340 1575 409 1602; x_wconf 77' lang='lat'>138.</span> 
     </span>
    </p>

    <p class='ocr_par' dir='ltr' id='par_1_11' title="bbox 246 1615 967 1699">
     <span class='ocr_line' id='line_1_35' title="bbox 286 1615 967 1656; baseline 0.001 -11"><span class='ocrx_word' id='word_1_211' title='bbox 286 1615 495 1656; x_wconf 81' lang='lat' dir='ltr'><em>Apollodorus</em></span> <span class='ocrx_word' id='word_1_212' title='bbox 523 1616 699 1655; x_wconf 72' lang='lat' dir='ltr'>Pyragrus,</span> <span class='ocrx_word' id='word_1_213' title='bbox 721 1615 814 1646; x_wconf 85' lang='lat' dir='ltr'>Verr.</span> <span class='ocrx_word' id='word_1_214' title='bbox 846 1615 890 1645; x_wconf 92' lang='lat' dir='ltr'>iii.</span> <span class='ocrx_word' id='word_1_215' title='bbox 916 1618 967 1647; x_wconf 87' lang='lat'>31.</span> 
     </span>
     <span class='ocr_line' id='line_1_36' title="bbox 246 1659 486 1699; baseline 0 -10"><span class='ocrx_word' id='word_1_216' title='bbox 246 1659 486 1699; x_wconf 74' lang='lat' dir='ltr'>Argyrinensis.</span> 
     </span>
    </p>

    <p class='ocr_par' dir='ltr' id='par_1_12' title="bbox 244 1702 968 1822">
     <span class='ocr_line' id='line_1_37' title="bbox 287 1702 968 1743; baseline 0.003 -11"><span class='ocrx_word' id='word_1_217' title='bbox 287 1703 506 1743; x_wconf 77' lang='lat' dir='ltr'><em>Apollodorus,</em></span> <span class='ocrx_word' id='word_1_218' title='bbox 522 1703 601 1733; x_wconf 88' lang='lat' dir='ltr'>Nat.</span> <span class='ocrx_word' id='word_1_219' title='bbox 624 1703 667 1733; x_wconf 93' lang='lat' dir='ltr'>D.</span> <span class='ocrx_word' id='word_1_220' title='bbox 684 1702 729 1731; x_wconf 91' lang='lat' dir='ltr'>iii.</span> <span class='ocrx_word' id='word_1_221' title='bbox 744 1704 796 1732; x_wconf 85' lang='lat'>33.</span> <span class='ocrx_word' id='word_1_222' title='bbox 841 1702 968 1743; x_wconf 88' lang='lat' dir='ltr'>Tyran-</span> 
     </span>
     <span class='ocr_line' id='line_1_38' title="bbox 244 1744 968 1785; baseline 0.001 -9"><span class='ocrx_word' id='word_1_223' title='bbox 244 1754 306 1777; x_wconf 84' lang='lat' dir='ltr'>nus</span> <span class='ocrx_word' id='word_1_224' title='bbox 331 1747 555 1777; x_wconf 71' lang='lat' dir='ltr'>Cassandreae.</span> <span class='ocrx_word' id='word_1_225' title='bbox 583 1748 621 1778; x_wconf 86' lang='lat' dir='ltr'>de</span> <span class='ocrx_word' id='word_1_226' title='bbox 643 1757 676 1776; x_wconf 85' lang='lat' dir='ltr'>eo</span> <span class='ocrx_word' id='word_1_227' title='bbox 697 1747 766 1785; x_wconf 78' lang='lat' dir='ltr'><em>lege</em></span> <span class='ocrx_word' id='word_1_228' title='bbox 778 1744 912 1778; x_wconf 82' lang='lat' dir='ltr'>AElian.</span> <span class='ocrx_word' id='word_1_229' title='bbox 930 1747 968 1777; x_wconf 83' lang='lat' dir='ltr'>V.</span> 
     </span>
     <span class='ocr_line' id='line_1_39' title="bbox 245 1790 584 1822; baseline -0.003 0"><span class='ocrx_word' id='word_1_230' title='bbox 245 1790 292 1822; x_wconf 88' lang='lat' dir='ltr'>H.</span> <span class='ocrx_word' id='word_1_231' title='bbox 307 1791 371 1820; x_wconf 86' lang='lat' dir='ltr'>xiv.</span> <span class='ocrx_word' id='word_1_232' title='bbox 386 1793 438 1821; x_wconf 87' lang='lat'>41.</span> <span class='ocrx_word' id='word_1_233' title='bbox 467 1801 517 1821; x_wconf 78' lang='lat' dir='ltr'>xv,</span> <span class='ocrx_word' id='word_1_234' title='bbox 535 1794 584 1821; x_wconf 85' lang='lat'>15.</span> 
     </span>
    </p>

    <p class='ocr_par' dir='ltr' id='par_1_13' title="bbox 243 1833 970 2440">
     <span class='ocr_line' id='line_1_40' title="bbox 287 1833 968 1874; baseline 0.001 -10"><span class='ocrx_word' id='word_1_235' title='bbox 287 1835 509 1874; x_wconf 78' lang='lat' dir='ltr'><em>ApollodoruS,</em></span> <span class='ocrx_word' id='word_1_236' title='bbox 539 1834 609 1864; x_wconf 78' lang='lat' dir='ltr'>Att.</span> <span class='ocrx_word' id='word_1_237' title='bbox 638 1833 693 1864; x_wconf 81' lang='lat' dir='ltr'>xii.</span> <span class='ocrx_word' id='word_1_238' title='bbox 729 1835 781 1864; x_wconf 70' lang='lat'>23.</span> <span class='ocrx_word' id='word_1_239' title='bbox 823 1834 864 1864; x_wconf 86' lang='lat' dir='ltr'>ad</span> <span class='ocrx_word' id='word_1_240' title='bbox 899 1836 968 1873; x_wconf 78' lang='lat' dir='ltr'>ejus</span> 
     </span>
     <span class='ocr_line' id='line_1_41' title="bbox 246 1876 970 1917; baseline 0 -9"><span class='ocrx_word' id='word_1_241' title='bbox 246 1876 411 1908; x_wconf 80' lang='lat' dir='ltr'>Chronica</span> <span class='ocrx_word' id='word_1_242' title='bbox 426 1878 609 1917; x_wconf 77' lang='lat' dir='ltr'>respicitur.</span> <span class='ocrx_word' id='word_1_243' title='bbox 633 1877 691 1908; x_wconf 83' lang='lat' dir='ltr'>Eu</span> <span class='ocrx_word' id='word_1_244' title='bbox 701 1881 779 1907; x_wconf 81' lang='lat' dir='ltr'>sunt</span> <span class='ocrx_word' id='word_1_245' title='bbox 790 1878 970 1917; x_wconf 70' lang='lat' dir='ltr'><em>Apollodori</em></span> 
     </span>
     <span class='ocr_line' id='line_1_42' title="bbox 246 1919 969 1962; baseline 0 -10"><span class='ocrx_word' id='word_1_246' title='bbox 246 1923 458 1959; x_wconf 71' lang='lat' dir='ltr'>Atheniensis,</span> <span class='ocrx_word' id='word_1_247' title='bbox 474 1919 570 1962; x_wconf 85' lang='lat' dir='ltr'>cujus</span> <span class='ocrx_word' id='word_1_248' title='bbox 583 1922 669 1951; x_wconf 80' lang='lat' dir='ltr'><em>nobis</em></span> <span class='ocrx_word' id='word_1_249' title='bbox 686 1922 885 1952; x_wconf 76' lang='lat' dir='ltr'><em>Bibliotheca</em></span> <span class='ocrx_word' id='word_1_250' title='bbox 903 1924 969 1952; x_wconf 69' lang='lat' dir='ltr'><em>sola</em></span> 
     </span>
     <span class='ocr_line' id='line_1_43' title="bbox 244 1966 970 2005; baseline 0 -9"><span class='ocrx_word' id='word_1_251' title='bbox 244 1977 260 1996; x_wconf 85' lang='lat' dir='ltr'><em>e</em></span> <span class='ocrx_word' id='word_1_252' title='bbox 280 1967 409 2005; x_wconf 78' lang='lat' dir='ltr'>scriptis</span> <span class='ocrx_word' id='word_1_253' title='bbox 423 1966 577 2005; x_wconf 81' lang='lat' dir='ltr'>pluribus</span> <span class='ocrx_word' id='word_1_254' title='bbox 598 1966 724 2005; x_wconf 82' lang='lat' dir='ltr'>reliqua</span> <span class='ocrx_word' id='word_1_255' title='bbox 746 1968 801 1994; x_wconf 80' lang='lat' dir='ltr'>est.</span> <span class='ocrx_word' id='word_1_256' title='bbox 827 1966 865 1994; x_wconf 80' lang='lat' dir='ltr'>de</span> <span class='ocrx_word' id='word_1_257' title='bbox 884 1975 917 1995; x_wconf 88' lang='lat' dir='ltr'>eo</span> <span class='ocrx_word' id='word_1_258' title='bbox 939 1971 970 1996; x_wconf 78' lang='lat' dir='ltr'><em>et</em></span> 
     </span>
     <span class='ocr_line' id='line_1_44' title="bbox 243 2007 970 2049; baseline 0.001 -10"><span class='ocrx_word' id='word_1_259' title='bbox 243 2007 315 2049; x_wconf 67' lang='lat' dir='ltr'>ejus</span> <span class='ocrx_word' id='word_1_260' title='bbox 337 2010 464 2049; x_wconf 79' lang='lat' dir='ltr'>scriptis</span> <span class='ocrx_word' id='word_1_261' title='bbox 482 2019 512 2038; x_wconf 75' lang='lat' dir='ltr'>v.</span> <span class='ocrx_word' id='word_1_262' title='bbox 528 2009 656 2040; x_wconf 81' lang='lat' dir='ltr'>Fabric.</span> <span class='ocrx_word' id='word_1_263' title='bbox 672 2008 715 2039; x_wconf 93' lang='lat' dir='ltr'>B.</span> <span class='ocrx_word' id='word_1_264' title='bbox 738 2008 775 2038; x_wconf 82' lang='lat' dir='ltr'>G.</span> <span class='ocrx_word' id='word_1_265' title='bbox 792 2009 835 2038; x_wconf 90' lang='lat' dir='ltr'>iii.</span> <span class='ocrx_word' id='word_1_266' title='bbox 852 2011 903 2043; x_wconf 63' lang='lat'>537.</span> <span class='ocrx_word' id='word_1_267' title='bbox 932 2010 970 2040; x_wconf 80' lang='lat' dir='ltr'><em>(le</em></span> 
     </span>
     <span class='ocr_line' id='line_1_45' title="bbox 246 2052 970 2093; baseline 0.001 -11"><span class='ocrx_word' id='word_1_268' title='bbox 246 2053 418 2083; x_wconf 78' lang='lat' dir='ltr'>Chi-unicis</span> <span class='ocrx_word' id='word_1_269' title='bbox 432 2057 556 2089; x_wconf 79' lang='lat' dir='ltr'><em>autem,</em></span> <span class='ocrx_word' id='word_1_270' title='bbox 572 2062 643 2092; x_wconf 69' lang='lat' dir='ltr'>quse</span> <span class='ocrx_word' id='word_1_271' title='bbox 662 2052 777 2082; x_wconf 78' lang='lat' dir='ltr'>iambis</span> <span class='ocrx_word' id='word_1_272' title='bbox 791 2054 970 2093; x_wconf 71' lang='lat' dir='ltr'><em>conscripta</em></span> 
     </span>
     <span class='ocr_line' id='line_1_46' title="bbox 246 2097 969 2136; baseline 0.001 -10"><span class='ocrx_word' id='word_1_273' title='bbox 246 2100 356 2133; x_wconf 72' lang='lat' dir='ltr'>erunt,</span> <span class='ocrx_word' id='word_1_274' title='bbox 369 2101 400 2126; x_wconf 79' lang='lat' dir='ltr'><em>et</em></span> <span class='ocrx_word' id='word_1_275' title='bbox 414 2101 569 2126; x_wconf 77' lang='lat' dir='ltr'><em>accurate</em></span> <span class='ocrx_word' id='word_1_276' title='bbox 583 2097 733 2136; x_wconf 75' lang='lat' dir='ltr'><em>temporis</em></span> <span class='ocrx_word' id='word_1_277' title='bbox 746 2097 903 2126; x_wconf 76' lang='lat' dir='ltr'><em>rationem</em></span> <span class='ocrx_word' id='word_1_278' title='bbox 917 2097 969 2127; x_wconf 81' lang='lat' dir='ltr'>de-</span> 
     </span>
     <span class='ocr_line' id='line_1_47' title="bbox 244 2140 970 2179; baseline 0 -9"><span class='ocrx_word' id='word_1_279' title='bbox 244 2140 420 2179; x_wconf 72' lang='lat' dir='ltr'><em>signabant</em></span> <span class='ocrx_word' id='word_1_280' title='bbox 431 2153 441 2172; x_wconf 86' lang='lat'>,·</span> <span class='ocrx_word' id='word_1_281' title='bbox 481 2141 566 2169; x_wconf 83' lang='lat' dir='ltr'>unde</span> <span class='ocrx_word' id='word_1_282' title='bbox 595 2140 737 2169; x_wconf 79' lang='lat' dir='ltr'><em>Romani</em></span> <span class='ocrx_word' id='word_1_283' title='bbox 768 2140 808 2169; x_wconf 76' lang='lat' dir='ltr'>iis</span> <span class='ocrx_word' id='word_1_284' title='bbox 836 2140 970 2170; x_wconf 74' lang='lat' dir='ltr'>libenter</span> 
     </span>
     <span class='ocr_line' id='line_1_48' title="bbox 246 2183 969 2223; baseline -0.001 -9"><span class='ocrx_word' id='word_1_285' title='bbox 246 2185 436 2220; x_wconf 55' lang='lat' dir='ltr'>utebantur,</span> <span class='ocrx_word' id='word_1_286' title='bbox 459 2187 491 2212; x_wconf 80' lang='lat' dir='ltr'>et</span> <span class='ocrx_word' id='word_1_287' title='bbox 527 2183 685 2213; x_wconf 63' lang='lat' dir='ltr'>Laertius</span> <span class='ocrx_word' id='word_1_288' title='bbox 720 2184 753 2212; x_wconf 79' lang='lat' dir='ltr'>in</span> <span class='ocrx_word' id='word_1_289' title='bbox 782 2183 969 2223; x_wconf 63' lang='lat' dir='ltr'>definiendis</span> 
     </span>
     <span class='ocr_line' id='line_1_49' title="bbox 247 2227 966 2267; baseline 0.003 -10"><span class='ocrx_word' id='word_1_290' title='bbox 247 2228 395 2258; x_wconf 64' lang='lat' dir='ltr'>min-tibus</span> <span class='ocrx_word' id='word_1_291' title='bbox 403 2228 662 2267; x_wconf 72' lang='lat' dir='ltr'><em>philosophorum</em></span> <span class='ocrx_word' id='word_1_292' title='bbox 680 2227 789 2255; x_wconf 76' lang='lat' dir='ltr'><em>crebro</em></span> <span class='ocrx_word' id='word_1_293' title='bbox 810 2237 889 2256; x_wconf 78' lang='lat' dir='ltr'>usus</span> <span class='ocrx_word' id='word_1_294' title='bbox 903 2231 966 2259; x_wconf 69' lang='lat' dir='ltr'><em>eslt</em></span> 
     </span>
     <span class='ocr_line' id='line_1_50' title="bbox 248 2269 967 2308; baseline -0.001 -7"><span class='ocrx_word' id='word_1_295' title='bbox 248 2272 317 2301; x_wconf 63' lang='lat' dir='ltr'>vide</span> <span class='ocrx_word' id='word_1_296' title='bbox 330 2272 428 2301; x_wconf 79' lang='lat' dir='ltr'><em>etiam</em></span> <span class='ocrx_word' id='word_1_297' title='bbox 444 2269 578 2308; x_wconf 74' lang='lat' dir='ltr'>Menag.</span> <span class='ocrx_word' id='word_1_298' title='bbox 593 2270 639 2301; x_wconf 77' lang='lat' dir='ltr'>ad</span> <span class='ocrx_word' id='word_1_299' title='bbox 653 2270 767 2300; x_wconf 54' lang='lat' dir='ltr'>Lucri.</span> <span class='ocrx_word' id='word_1_300' title='bbox 783 2271 803 2299; x_wconf 93' lang='lat' dir='ltr'>i.</span> <span class='ocrx_word' id='word_1_301' title='bbox 820 2273 872 2303; x_wconf 88' lang='lat'>37.</span> <span class='ocrx_word' id='word_1_302' title='bbox 893 2272 925 2300; x_wconf 88' lang='lat' dir='ltr'>ii.</span> <span class='ocrx_word' id='word_1_303' title='bbox 938 2273 967 2300; x_wconf 61' lang='lat'>⁹2.</span> 
     </span>
     <span class='ocr_line' id='line_1_51' title="bbox 248 2312 969 2353; baseline 0 -9"><span class='ocrx_word' id='word_1_304' title='bbox 248 2316 364 2346; x_wconf 74' lang='lat' dir='ltr'>Rosius</span> <span class='ocrx_word' id='word_1_305' title='bbox 383 2315 429 2344; x_wconf 75' lang='lat' dir='ltr'>acl</span> <span class='ocrx_word' id='word_1_306' title='bbox 453 2313 515 2343; x_wconf 71' lang='lat' dir='ltr'>(ic.</span> <span class='ocrx_word' id='word_1_307' title='bbox 531 2316 551 2343; x_wconf 91' lang='lat' dir='ltr'>l.</span> <span class='ocrx_word' id='word_1_308' title='bbox 567 2324 593 2343; x_wconf 85' lang='lat' dir='ltr'>c.</span> <span class='ocrx_word' id='word_1_309' title='bbox 621 2323 695 2343; x_wconf 83' lang='lat' dir='ltr'>eum</span> <span class='ocrx_word' id='word_1_310' title='bbox 711 2312 880 2353; x_wconf 67' lang='lat' dir='ltr'>confundit</span> <span class='ocrx_word' id='word_1_311' title='bbox 893 2325 969 2344; x_wconf 73' lang='lat' dir='ltr'>cum</span> 
     </span>
     <span class='ocr_line' id='line_1_52' title="bbox 246 2356 968 2399; baseline 0 -12"><span class='ocrx_word' id='word_1_312' title='bbox 246 2358 410 2398; x_wconf 69' lang='lat' dir='ltr'><em>Epicureo</em></span> <span class='ocrx_word' id='word_1_313' title='bbox 445 2357 645 2397; x_wconf 73' lang='lat' dir='ltr'><em>Apollodoro,</em></span> <span class='ocrx_word' id='word_1_314' title='bbox 673 2358 729 2396; x_wconf 81' lang='lat' dir='ltr'>qui</span> <span class='ocrx_word' id='word_1_315' title='bbox 760 2356 968 2399; x_wconf 66' lang='grc' dir='ltr'>κηποτύμννος</span> 
     </span>
     <span class='ocr_line' id='line_1_53' title="bbox 245 2400 894 2440; baseline -0.005 -7"><span class='ocrx_word' id='word_1_316' title='bbox 245 2403 351 2434; x_wconf 80' lang='lat' dir='ltr'>dictus</span> <span class='ocrx_word' id='word_1_317' title='bbox 365 2405 423 2437; x_wconf 83' lang='lat' dir='ltr'><em>est,</em></span> <span class='ocrx_word' id='word_1_318' title='bbox 439 2405 469 2431; x_wconf 77' lang='lat' dir='ltr'><em>et</em></span> <span class='ocrx_word' id='word_1_319' title='bbox 482 2402 586 2431; x_wconf 72' lang='lat' dir='ltr'>vitum</span> <span class='ocrx_word' id='word_1_320' title='bbox 602 2400 744 2439; x_wconf 69' lang='lat' dir='ltr'>Epicuri</span> <span class='ocrx_word' id='word_1_321' title='bbox 758 2402 894 2440; x_wconf 75' lang='lat' dir='ltr'>scripsit.</span> 
     </span>
    </p>

    <p class='ocr_par' dir='ltr' id='par_1_14' title="bbox 244 2444 969 2570">
     <span class='ocr_line' id='line_1_54' title="bbox 287 2444 968 2485; baseline -0.001 -9"><span class='ocrx_word' id='word_1_322' title='bbox 287 2445 509 2485; x_wconf 78' lang='lat' dir='ltr'><em>Apollodorus,</em></span> <span class='ocrx_word' id='word_1_323' title='bbox 526 2445 605 2474; x_wconf 83' lang='lat' dir='ltr'>Nat.</span> <span class='ocrx_word' id='word_1_324' title='bbox 622 2444 664 2474; x_wconf 89' lang='lat' dir='ltr'>D.</span> <span class='ocrx_word' id='word_1_325' title='bbox 680 2444 700 2473; x_wconf 88' lang='lat' dir='ltr'>i.</span> <span class='ocrx_word' id='word_1_326' title='bbox 716 2447 768 2474; x_wconf 81' lang='lat'>34.</span> <span class='ocrx_word' id='word_1_327' title='bbox 805 2444 870 2474; x_wconf 77' lang='lat' dir='ltr'>Est</span> <span class='ocrx_word' id='word_1_328' title='bbox 884 2445 968 2475; x_wconf 76' lang='lat' dir='ltr'><em>Aca-</em></span> 
     </span>
     <span class='ocr_line' id='line_1_55' title="bbox 244 2487 969 2529; baseline -0.001 -10"><span class='ocrx_word' id='word_1_329' title='bbox 244 2489 398 2526; x_wconf 76' lang='lat' dir='ltr'><em>demicus,</em></span> <span class='ocrx_word' id='word_1_330' title='bbox 414 2489 535 2518; x_wconf 79' lang='lat' dir='ltr'><em>Zenoni</em></span> <span class='ocrx_word' id='word_1_331' title='bbox 549 2487 711 2527; x_wconf 80' lang='lat' dir='ltr'><em>Epicureo</em></span> <span class='ocrx_word' id='word_1_332' title='bbox 722 2489 867 2527; x_wconf 75' lang='lat' dir='ltr'><em>(equalis,</em></span> <span class='ocrx_word' id='word_1_333' title='bbox 877 2499 897 2518; x_wconf 81' lang='lat' dir='ltr'>u</span> <span class='ocrx_word' id='word_1_334' title='bbox 909 2499 969 2529; x_wconf 84' lang='lat' dir='ltr'>quo</span> 
     </span>
     <span class='ocr_line' id='line_1_56' title="bbox 244 2530 877 2570; baseline -0.005 -7"><span class='ocrx_word' id='word_1_335' title='bbox 244 2531 434 2568; x_wconf 81' lang='lat' dir='ltr'>maledictis,</span> <span class='ocrx_word' id='word_1_336' title='bbox 451 2535 488 2561; x_wconf 79' lang='lat' dir='ltr'>ut</span> <span class='ocrx_word' id='word_1_337' title='bbox 508 2530 614 2561; x_wconf 81' lang='lat' dir='ltr'><em>Cicero</em></span> <span class='ocrx_word' id='word_1_338' title='bbox 627 2531 877 2570; x_wconf 70' lang='lat' dir='ltr'>uil‚figebut11r.</span> 
     </span>
    </p>

    <p class='ocr_par' dir='ltr' id='par_1_15' title="bbox 286 2574 969 2616">
     <span class='ocr_line' id='line_1_57' title="bbox 286 2574 969 2616; baseline -0.003 -9"><span class='ocrx_word' id='word_1_339' title='bbox 286 2575 498 2616; x_wconf 76' lang='lat' dir='ltr'><em>Apollonides,</em></span> <span class='ocrx_word' id='word_1_340' title='bbox 519 2574 680 2604; x_wconf 82' lang='lat' dir='ltr'>Flaccian.</span> <span class='ocrx_word' id='word_1_341' title='bbox 704 2578 755 2605; x_wconf 53' lang='lat'>521.</span> <span class='ocrx_word' id='word_1_342' title='bbox 785 2574 969 2605; x_wconf 79' lang='lat' dir='ltr'>Temnites.</span> 
     </span>
    </p>

    <p class='ocr_par' dir='ltr' id='par_1_16' title="bbox 242 2618 975 2912">
     <span class='ocr_line' id='line_1_58' title="bbox 286 2618 969 2659; baseline 0 -10"><span class='ocrx_word' id='word_1_343' title='bbox 286 2620 484 2659; x_wconf 75' lang='lat' dir='ltr'><em>Apollonius,</em></span> <span class='ocrx_word' id='word_1_344' title='bbox 508 2618 758 2648; x_wconf 83' lang='lat' dir='ltr'>Alabandensis.</span> <span class='ocrx_word' id='word_1_345' title='bbox 786 2618 843 2647; x_wconf 89' lang='lat' dir='ltr'>Or.</span> <span class='ocrx_word' id='word_1_346' title='bbox 872 2619 892 2648; x_wconf 88' lang='lat' dir='ltr'>i.</span> <span class='ocrx_word' id='word_1_347' title='bbox 918 2621 969 2649; x_wconf 71' lang='lat'>⁶28.</span> 
     </span>
     <span class='ocr_line' id='line_1_59' title="bbox 244 2661 970 2698; baseline -0.003 -4"><span class='ocrx_word' id='word_1_348' title='bbox 244 2662 397 2694; x_wconf 83' lang='lat' dir='ltr'>mercede</span> <span class='ocrx_word' id='word_1_349' title='bbox 421 2662 534 2691; x_wconf 87' lang='lat' dir='ltr'>docuit</span> <span class='ocrx_word' id='word_1_350' title='bbox 557 2661 769 2698; x_wconf 82' lang='lat' dir='ltr'>rhetoricam,</span> <span class='ocrx_word' id='word_1_351' title='bbox 784 2662 841 2691; x_wconf 82' lang='lat' dir='ltr'>sed</span> <span class='ocrx_word' id='word_1_352' title='bbox 860 2663 970 2692; x_wconf 84' lang='lat' dir='ltr'>minus</span> 
     </span>
     <span class='ocr_line' id='line_1_60' title="bbox 245 2705 972 2738; baseline -0.003 -1"><span class='ocrx_word' id='word_1_353' title='bbox 245 2707 380 2738; x_wconf 88' lang='lat' dir='ltr'><em>idoneos</em></span> <span class='ocrx_word' id='word_1_354' title='bbox 393 2705 501 2735; x_wconf 83' lang='lat' dir='ltr'>noluit</span> <span class='ocrx_word' id='word_1_355' title='bbox 516 2705 644 2735; x_wconf 78' lang='lat' dir='ltr'>docere.</span> <span class='ocrx_word' id='word_1_356' title='bbox 660 2705 703 2734; x_wconf 90' lang='lat' dir='ltr'>ib.</span> <span class='ocrx_word' id='word_1_357' title='bbox 721 2708 769 2738; x_wconf 84' lang='lat'>17.</span> <span class='ocrx_word' id='word_1_358' title='bbox 793 2705 832 2734; x_wconf 84' lang='lat' dir='ltr'>ab</span> <span class='ocrx_word' id='word_1_359' title='bbox 846 2715 886 2735; x_wconf 79' lang='lat' dir='ltr'>eo</span> <span class='ocrx_word' id='word_1_360' title='bbox 899 2705 972 2735; x_wconf 86' lang='lat' dir='ltr'>rhe-</span> 
     </span>
     <span class='ocr_line' id='line_1_61' title="bbox 242 2748 972 2788; baseline -0.005 -7"><span class='ocrx_word' id='word_1_361' title='bbox 242 2752 386 2782; x_wconf 85' lang='lat' dir='ltr'>toricam</span> <span class='ocrx_word' id='word_1_362' title='bbox 406 2748 521 2779; x_wconf 79' lang='lat' dir='ltr'>didicit</span> <span class='ocrx_word' id='word_1_363' title='bbox 543 2748 722 2787; x_wconf 84' lang='lat' dir='ltr'>aliquando</span> <span class='ocrx_word' id='word_1_364' title='bbox 749 2748 883 2778; x_wconf 84' lang='lat' dir='ltr'><em>Cicero:</em></span> <span class='ocrx_word' id='word_1_365' title='bbox 912 2759 972 2788; x_wconf 82' lang='lat' dir='ltr'>quo</span> 
     </span>
     <span class='ocr_line' id='line_1_62' title="bbox 243 2792 972 2832; baseline -0.005 -7"><span class='ocrx_word' id='word_1_366' title='bbox 243 2795 372 2825; x_wconf 56' lang='lat' dir='ltr'><em>nomine</em></span> <span class='ocrx_word' id='word_1_367' title='bbox 384 2802 465 2832; x_wconf 66' lang='lat' dir='ltr'><em>scfpe</em></span> <span class='ocrx_word' id='word_1_368' title='bbox 478 2792 568 2832; x_wconf 78' lang='lat' dir='ltr'>apud</span> <span class='ocrx_word' id='word_1_369' title='bbox 592 2792 772 2823; x_wconf 75' lang='lat' dir='ltr'><em>Ciceronem</em></span> <span class='ocrx_word' id='word_1_370' title='bbox 786 2802 972 2822; x_wconf 83' lang='lat' dir='ltr'><em>commemo-</em></span> 
     </span>
     <span class='ocr_line' id='line_1_63' title="bbox 244 2833 975 2874; baseline -0.003 -6"><span class='ocrx_word' id='word_1_371' title='bbox 244 2842 353 2868; x_wconf 82' lang='lat' dir='ltr'>ratur.</span> <span class='ocrx_word' id='word_1_372' title='bbox 404 2836 582 2874; x_wconf 69' lang='lat' dir='ltr'><em>Cognemen</em></span> <span class='ocrx_word' id='word_1_373' title='bbox 615 2833 687 2874; x_wconf 71' lang='lat' dir='ltr'>ejus</span> <span class='ocrx_word' id='word_1_374' title='bbox 716 2840 764 2865; x_wconf 77' lang='lat' dir='ltr'><em>esc</em></span> <span class='ocrx_word' id='word_1_375' title='bbox 798 2834 890 2865; x_wconf 89' lang='lat' dir='ltr'><em>Molo</em></span> <span class='ocrx_word' id='word_1_376' title='bbox 924 2837 975 2866; x_wconf 78' lang='lat' dir='ltr'><em>vel</em></span> 
     </span>
     <span class='ocr_line' id='line_1_64' title="bbox 244 2879 846 2912; baseline -0.005 0"><span class='ocrx_word' id='word_1_377' title='bbox 244 2880 397 2912; x_wconf 82' lang='lat' dir='ltr'>Molonis.</span> <span class='ocrx_word' id='word_1_378' title='bbox 446 2880 539 2909; x_wconf 66' lang='lat' dir='ltr'>Vixit</span> <span class='ocrx_word' id='word_1_379' title='bbox 553 2880 588 2910; x_wconf 78' lang='lat' dir='ltr'>in</span> <span class='ocrx_word' id='word_1_380' title='bbox 602 2879 714 2910; x_wconf 69' lang='lat' dir='ltr'><em>Rhodo</em></span> <span class='ocrx_word' id='word_1_381' title='bbox 728 2879 846 2910; x_wconf 74' lang='lat' dir='ltr'>insula.</span> 
     </span>
    </p>
   </div>
   <div class='ocr_carea' id='block_1_3' title="bbox 1005 173 1751 2922">
    <p class='ocr_par' dir='ltr' id='par_1_17' title="bbox 1043 173 1726 217">
     <span class='ocr_line' id='line_1_65' title="bbox 1043 173 1726 217; baseline -0.003 -9"><span class='ocrx_word' id='word_1_382' title='bbox 1043 173 1609 217; x_wconf 82' lang='lat' dir='ltr'>Apollonius,Drepanitanus‚Verr.</span> <span class='ocrx_word' id='word_1_383' title='bbox 1622 175 1663 206; x_wconf 85' lang='lat' dir='ltr'>iv.</span> <span class='ocrx_word' id='word_1_384' title='bbox 1675 177 1726 210; x_wconf 68' lang='lat'>17.</span> 
     </span>
    </p>

    <p class='ocr_par' dir='ltr' id='par_1_18' title="bbox 1047 219 1729 261">
     <span class='ocr_line' id='line_1_66' title="bbox 1047 219 1729 261; baseline -0.003 -10"><span class='ocrx_word' id='word_1_385' title='bbox 1047 221 1243 261; x_wconf 83' lang='lat' dir='ltr'><em>Apollonius,</em></span> <span class='ocrx_word' id='word_1_386' title='bbox 1256 219 1349 249; x_wconf 87' lang='lat' dir='ltr'>Verr.</span> <span class='ocrx_word' id='word_1_387' title='bbox 1363 229 1391 248; x_wconf 93' lang='lat' dir='ltr'>v.</span> <span class='ocrx_word' id='word_1_388' title='bbox 1407 223 1438 253; x_wconf 88' lang='lat'>7.</span> <span class='ocrx_word' id='word_1_389' title='bbox 1463 219 1729 250; x_wconf 53' lang='lat' dir='ltr'>panormitanus.</span> 
     </span>
    </p>

    <p class='ocr_par' dir='ltr' id='par_1_19' title="bbox 1005 262 1727 337">
     <span class='ocr_line' id='line_1_67' title="bbox 1047 262 1727 303; baseline -0.001 -9"><span class='ocrx_word' id='word_1_390' title='bbox 1047 264 1244 303; x_wconf 79' lang='lat' dir='ltr'><em>Apollonius,</em></span> <span class='ocrx_word' id='word_1_391' title='bbox 1261 262 1301 291; x_wconf 85' lang='lat' dir='ltr'>ad</span> <span class='ocrx_word' id='word_1_392' title='bbox 1324 263 1398 292; x_wconf 82' lang='lat' dir='ltr'>Div.</span> <span class='ocrx_word' id='word_1_393' title='bbox 1422 262 1487 292; x_wconf 87' lang='lat' dir='ltr'>xiii.</span> <span class='ocrx_word' id='word_1_394' title='bbox 1515 262 1562 293; x_wconf 87' lang='lat'>16.</span> <span class='ocrx_word' id='word_1_395' title='bbox 1591 262 1727 293; x_wconf 80' lang='lat' dir='ltr'>libertus</span> 
     </span>
     <span class='ocr_line' id='line_1_68' title="bbox 1005 305 1421 337; baseline -0.002 0"><span class='ocrx_word' id='word_1_396' title='bbox 1005 308 1041 337; x_wconf 90' lang='lat' dir='ltr'>P.</span> <span class='ocrx_word' id='word_1_397' title='bbox 1058 308 1165 336; x_wconf 61' lang='lat' dir='ltr'>(lraszi</span> <span class='ocrx_word' id='word_1_398' title='bbox 1182 306 1228 335; x_wconf 90' lang='lat' dir='ltr'>M.</span> <span class='ocrx_word' id='word_1_399' title='bbox 1245 305 1278 335; x_wconf 92' lang='lat' dir='ltr'>F.</span> <span class='ocrx_word' id='word_1_400' title='bbox 1294 306 1421 336; x_wconf 88' lang='lat' dir='ltr'>doctus.</span> 
     </span>
    </p>

    <p class='ocr_par' dir='ltr' id='par_1_20' title="bbox 1047 349 1729 390">
     <span class='ocr_line' id='line_1_69' title="bbox 1047 349 1729 390; baseline 0.001 -12"><span class='ocrx_word' id='word_1_401' title='bbox 1047 351 1246 390; x_wconf 68' lang='lat' dir='ltr'>Almllonius,</span> <span class='ocrx_word' id='word_1_402' title='bbox 1262 349 1332 378; x_wconf 81' lang='lat' dir='ltr'>Att.</span> <span class='ocrx_word' id='word_1_403' title='bbox 1354 349 1394 379; x_wconf 88' lang='lat' dir='ltr'>iv.</span> <span class='ocrx_word' id='word_1_404' title='bbox 1409 353 1440 384; x_wconf 92' lang='lat'>7.</span> <span class='ocrx_word' id='word_1_405' title='bbox 1468 349 1567 380; x_wconf 85' lang='lat' dir='ltr'><em>horno</em></span> <span class='ocrx_word' id='word_1_406' title='bbox 1582 350 1729 380; x_wconf 85' lang='lat' dir='ltr'>Graecus.</span> 
     </span>
    </p>

    <p class='ocr_par' dir='ltr' id='par_1_21' title="bbox 1048 393 1437 433">
     <span class='ocr_line' id='line_1_70' title="bbox 1048 393 1437 433; baseline -0.003 -9"><span class='ocrx_word' id='word_1_407' title='bbox 1048 408 1066 424; x_wconf 65' lang='lat' dir='ltr'><em>s</em></span> <span class='ocrx_word' id='word_1_408' title='bbox 1077 395 1204 433; x_wconf 74' lang='lat' dir='ltr'>prmius,</span> <span class='ocrx_word' id='word_1_409' title='bbox 1220 403 1250 423; x_wconf 93' lang='lat' dir='ltr'>v.</span> <span class='ocrx_word' id='word_1_410' title='bbox 1265 393 1437 432; x_wconf 73' lang='lat' dir='ltr'><em>Apronius,</em></span> 
     </span>
    </p>

    <p class='ocr_par' dir='ltr' id='par_1_22' title="bbox 1007 437 1730 693">
     <span class='ocr_line' id='line_1_71' title="bbox 1050 437 1730 477; baseline -0.004 -10"><span class='ocrx_word' id='word_1_411' title='bbox 1050 438 1163 476; x_wconf 78' lang='lat' dir='ltr'><em>Appio,</em></span> <span class='ocrx_word' id='word_1_412' title='bbox 1183 437 1240 477; x_wconf 83' lang='lat' dir='ltr'>(sic</span> <span class='ocrx_word' id='word_1_413' title='bbox 1261 438 1345 466; x_wconf 81' lang='lat' dir='ltr'>enim</span> <span class='ocrx_word' id='word_1_414' title='bbox 1369 437 1483 467; x_wconf 76' lang='lat' dir='ltr'>Latini</span> <span class='ocrx_word' id='word_1_415' title='bbox 1504 437 1667 468; x_wconf 71' lang='lat' dir='ltr'>scribunt,-</span> <span class='ocrx_word' id='word_1_416' title='bbox 1697 444 1730 465; x_wconf 81' lang='lat' dir='ltr'>v.</span> 
     </span>
     <span class='ocr_line' id='line_1_72' title="bbox 1007 480 1730 520; baseline -0.001 -10"><span class='ocrx_word' id='word_1_417' title='bbox 1007 481 1169 520; x_wconf 70' lang='lat' dir='ltr'><em>inscriptio</em></span> <span class='ocrx_word' id='word_1_418' title='bbox 1190 491 1242 520; x_wconf 81' lang='lat' dir='ltr'>ap.</span> <span class='ocrx_word' id='word_1_419' title='bbox 1267 480 1472 518; x_wconf 61' lang='lat' dir='ltr'>Scaliger-um</span> <span class='ocrx_word' id='word_1_420' title='bbox 1491 481 1535 510; x_wconf 80' lang='lat' dir='ltr'>ud</span> <span class='ocrx_word' id='word_1_421' title='bbox 1556 480 1676 510; x_wconf 72' lang='lat' dir='ltr'>Eas-eb.</span> <span class='ocrx_word' id='word_1_422' title='bbox 1693 489 1730 518; x_wconf 78' lang='lat' dir='ltr'>p.</span> 
     </span>
     <span class='ocr_line' id='line_1_73' title="bbox 1012 523 1730 563; baseline -0.001 -10"><span class='ocrx_word' id='word_1_423' title='bbox 1012 527 1081 554; x_wconf 84' lang='lat'>154.</span> <span class='ocrx_word' id='word_1_424' title='bbox 1113 525 1233 553; x_wconf 72' lang='lat' dir='ltr'>rectius</span> <span class='ocrx_word' id='word_1_425' title='bbox 1255 527 1362 554; x_wconf 79' lang='lat' dir='ltr'>tumen</span> <span class='ocrx_word' id='word_1_426' title='bbox 1373 523 1467 563; x_wconf 74' lang='lat' dir='ltr'><em>joret</em></span> <span class='ocrx_word' id='word_1_427' title='bbox 1489 534 1575 553; x_wconf 76' lang='lat' dir='ltr'><em>more</em></span> <span class='ocrx_word' id='word_1_428' title='bbox 1604 524 1730 553; x_wconf 77' lang='lat' dir='ltr'><em>Groeco-</em></span> 
     </span>
     <span class='ocr_line' id='line_1_74' title="bbox 1007 566 1730 607; baseline -0.003 -10"><span class='ocrx_word' id='word_1_429' title='bbox 1007 577 1084 597; x_wconf 83' lang='lat' dir='ltr'>rum</span> <span class='ocrx_word' id='word_1_430' title='bbox 1108 566 1214 607; x_wconf 89' lang='lat' dir='ltr'>Apio.)</span> <span class='ocrx_word' id='word_1_431' title='bbox 1241 567 1354 606; x_wconf 80' lang='lat' dir='ltr'>Agrar.</span> <span class='ocrx_word' id='word_1_432' title='bbox 1371 568 1403 597; x_wconf 91' lang='lat' dir='ltr'>ii.</span> <span class='ocrx_word' id='word_1_433' title='bbox 1424 571 1470 601; x_wconf 86' lang='lat'>19.</span> <span class='ocrx_word' id='word_1_434' title='bbox 1517 566 1730 603; x_wconf 84' lang='lat' dir='ltr'>Ptolemaeus,</span> 
     </span>
     <span class='ocr_line' id='line_1_75' title="bbox 1007 611 1730 650; baseline -0.001 -10"><span class='ocrx_word' id='word_1_435' title='bbox 1007 611 1077 641; x_wconf 85' lang='lat' dir='ltr'>Rex</span> <span class='ocrx_word' id='word_1_436' title='bbox 1107 611 1324 650; x_wconf 83' lang='lat' dir='ltr'>Cyrenarum,</span> <span class='ocrx_word' id='word_1_437' title='bbox 1352 611 1406 649; x_wconf 81' lang='lat' dir='ltr'>qui</span> <span class='ocrx_word' id='word_1_438' title='bbox 1436 621 1510 650; x_wconf 88' lang='lat' dir='ltr'>pop.</span> <span class='ocrx_word' id='word_1_439' title='bbox 1539 611 1730 640; x_wconf 87' lang='lat' dir='ltr'>Romanum</span> 
     </span>
     <span class='ocr_line' id='line_1_76' title="bbox 1007 654 1568 693; baseline -0.002 -10"><span class='ocrx_word' id='word_1_440' title='bbox 1007 654 1163 684; x_wconf 77' lang='lat' dir='ltr'>heredem</span> <span class='ocrx_word' id='word_1_441' title='bbox 1179 654 1267 684; x_wconf 85' lang='lat' dir='ltr'>fecit.</span> <span class='ocrx_word' id='word_1_442' title='bbox 1282 665 1311 684; x_wconf 82' lang='grc' dir='ltr'>ν.</span> <span class='ocrx_word' id='word_1_443' title='bbox 1327 655 1397 684; x_wconf 84' lang='lat' dir='ltr'>Liv.</span> <span class='ocrx_word' id='word_1_444' title='bbox 1413 654 1500 693; x_wconf 84' lang='lat' dir='ltr'>Epit.</span> <span class='ocrx_word' id='word_1_445' title='bbox 1517 657 1568 686; x_wconf 82' lang='lat'>70.</span> 
     </span>
    </p>

    <p class='ocr_par' dir='ltr' id='par_1_23' title="bbox 1008 696 1732 771">
     <span class='ocr_line' id='line_1_77' title="bbox 1051 696 1732 737; baseline -0.001 -10"><span class='ocrx_word' id='word_1_446' title='bbox 1051 698 1159 737; x_wconf 74' lang='lat' dir='ltr'>Appii,</span> <span class='ocrx_word' id='word_1_447' title='bbox 1175 703 1254 727; x_wconf 84' lang='lat' dir='ltr'>sunt</span> <span class='ocrx_word' id='word_1_448' title='bbox 1280 697 1426 728; x_wconf 79' lang='lat' dir='ltr'>Claudiae</span> <span class='ocrx_word' id='word_1_449' title='bbox 1441 696 1588 734; x_wconf 84' lang='lat' dir='ltr'>familiae,</span> <span class='ocrx_word' id='word_1_450' title='bbox 1605 696 1644 727; x_wconf 87' lang='lat' dir='ltr'>de</span> <span class='ocrx_word' id='word_1_451' title='bbox 1659 697 1732 736; x_wconf 88' lang='lat' dir='ltr'>qui-</span> 
     </span>
     <span class='ocr_line' id='line_1_78' title="bbox 1008 741 1369 771; baseline 0 -1"><span class='ocrx_word' id='word_1_452' title='bbox 1008 741 1068 771; x_wconf 87' lang='lat' dir='ltr'>bus</span> <span class='ocrx_word' id='word_1_453' title='bbox 1084 741 1146 771; x_wconf 87' lang='lat' dir='ltr'>vid.</span> <span class='ocrx_word' id='word_1_454' title='bbox 1162 742 1195 771; x_wconf 88' lang='lat' dir='ltr'>in</span> <span class='ocrx_word' id='word_1_455' title='bbox 1214 741 1369 771; x_wconf 78' lang='lat' dir='ltr'>Claudiis.</span> 
     </span>
    </p>

    <p class='ocr_par' dir='ltr' id='par_1_24' title="bbox 1009 782 1731 858">
     <span class='ocr_line' id='line_1_79' title="bbox 1052 782 1731 825; baseline -0.004 -10"><span class='ocrx_word' id='word_1_456' title='bbox 1052 785 1227 825; x_wconf 76' lang='lat' dir='ltr'><em>Apronius,</em></span> <span class='ocrx_word' id='word_1_457' title='bbox 1243 785 1335 814; x_wconf 78' lang='lat' dir='ltr'>Verr.</span> <span class='ocrx_word' id='word_1_458' title='bbox 1360 785 1392 814; x_wconf 85' lang='lat' dir='ltr'>ii.</span> <span class='ocrx_word' id='word_1_459' title='bbox 1415 787 1467 814; x_wconf 79' lang='grc'>44.</span> <span class='ocrx_word' id='word_1_460' title='bbox 1497 784 1597 814; x_wconf 87' lang='lat' dir='ltr'><em>homo</em></span> <span class='ocrx_word' id='word_1_461' title='bbox 1612 782 1731 821; x_wconf 74' lang='lat' dir='ltr'><em>foedus,</em></span> 
     </span>
     <span class='ocr_line' id='line_1_80' title="bbox 1009 827 1334 858; baseline 0 0"><span class='ocrx_word' id='word_1_462' title='bbox 1009 827 1048 858; x_wconf 82' lang='lat' dir='ltr'>de</span> <span class='ocrx_word' id='word_1_463' title='bbox 1065 828 1199 858; x_wconf 81' lang='lat' dir='ltr'><em>cohorte</em></span> <span class='ocrx_word' id='word_1_464' title='bbox 1214 829 1334 858; x_wconf 82' lang='lat' dir='ltr'>Verris.</span> 
     </span>
    </p>

    <p class='ocr_par' dir='ltr' id='par_1_25' title="bbox 1009 871 1732 946">
     <span class='ocr_line' id='line_1_81' title="bbox 1051 871 1732 914; baseline -0.003 -12"><span class='ocrx_word' id='word_1_465' title='bbox 1051 872 1096 914; x_wconf 68' lang='lat' dir='ltr'>Q.</span> <span class='ocrx_word' id='word_1_466' title='bbox 1121 873 1295 912; x_wconf 80' lang='lat' dir='ltr'>Apronius,</span> <span class='ocrx_word' id='word_1_467' title='bbox 1317 872 1410 902; x_wconf 89' lang='lat' dir='ltr'>Verr.</span> <span class='ocrx_word' id='word_1_468' title='bbox 1439 872 1482 901; x_wconf 86' lang='lat' dir='ltr'>iii.</span> <span class='ocrx_word' id='word_1_469' title='bbox 1512 875 1544 905; x_wconf 87' lang='lat'>9.</span> <span class='ocrx_word' id='word_1_470' title='bbox 1581 871 1732 911; x_wconf 84' lang='lat' dir='ltr'>princeps</span> 
     </span>
     <span class='ocr_line' id='line_1_82' title="bbox 1009 916 1283 946; baseline -0.004 0"><span class='ocrx_word' id='word_1_471' title='bbox 1009 916 1283 946; x_wconf 82' lang='lat' dir='ltr'>decumanorum.</span> 
     </span>
    </p>

    <p class='ocr_par' dir='ltr' id='par_1_26' title="bbox 1008 957 1734 1043">
     <span class='ocr_line' id='line_1_83' title="bbox 1051 957 1734 1000; baseline -0.006 -10"><span class='ocrx_word' id='word_1_472' title='bbox 1051 960 1225 1000; x_wconf 73' lang='lat' dir='ltr'><em>Apronius,</em></span> <span class='ocrx_word' id='word_1_473' title='bbox 1255 958 1371 989; x_wconf 92' lang='lat' dir='ltr'>Milon.</span> <span class='ocrx_word' id='word_1_474' title='bbox 1410 961 1461 993; x_wconf 72' lang='lat'>⁶27.</span> <span class='ocrx_word' id='word_1_475' title='bbox 1498 958 1642 997; x_wconf 88' lang='lat' dir='ltr'>juvenis.</span> <span class='ocrx_word' id='word_1_476' title='bbox 1680 957 1734 987; x_wconf 79' lang='lat' dir='ltr'>Sic</span> 
     </span>
     <span class='ocr_line' id='line_1_84' title="bbox 1008 1002 1667 1043; baseline -0.005 -10"><span class='ocrx_word' id='word_1_477' title='bbox 1008 1003 1128 1043; x_wconf 70' lang='lat' dir='ltr'>Vulgg.</span> <span class='ocrx_word' id='word_1_478' title='bbox 1146 1003 1233 1042; x_wconf 83' lang='lat' dir='ltr'>quod</span> <span class='ocrx_word' id='word_1_479' title='bbox 1248 1008 1434 1033; x_wconf 80' lang='lat' dir='ltr'><em>correctum</em></span> <span class='ocrx_word' id='word_1_480' title='bbox 1449 1007 1500 1032; x_wconf 84' lang='lat' dir='ltr'>est</span> <span class='ocrx_word' id='word_1_481' title='bbox 1514 1002 1667 1043; x_wconf 51' lang='lat' dir='ltr'>Aponium</span> 
     </span>
    </p>

    <p class='ocr_par' dir='ltr' id='par_1_27' title="bbox 1008 1044 1737 1392">
     <span class='ocr_line' id='line_1_85' title="bbox 1052 1044 1734 1087; baseline -0.006 -9"><span class='ocrx_word' id='word_1_482' title='bbox 1052 1047 1093 1078; x_wconf 92' lang='lat' dir='ltr'>L.</span> <span class='ocrx_word' id='word_1_483' title='bbox 1122 1047 1279 1087; x_wconf 78' lang='lat' dir='ltr'>Apuleius</span> <span class='ocrx_word' id='word_1_484' title='bbox 1310 1047 1523 1083; x_wconf 82' lang='lat' dir='ltr'>Saturninus,</span> <span class='ocrx_word' id='word_1_485' title='bbox 1552 1046 1648 1076; x_wconf 87' lang='lat' dir='ltr'>Brut.</span> <span class='ocrx_word' id='word_1_486' title='bbox 1681 1044 1734 1075; x_wconf 69' lang='lat'>62.</span> 
     </span>
     <span class='ocr_line' id='line_1_86' title="bbox 1008 1088 1737 1130; baseline -0.005 -9"><span class='ocrx_word' id='word_1_487' title='bbox 1008 1091 1238 1121; x_wconf 79' lang='lat' dir='ltr'>seditiosorum</span> <span class='ocrx_word' id='word_1_488' title='bbox 1256 1095 1330 1130; x_wconf 80' lang='lat' dir='ltr'><em>post</em></span> <span class='ocrx_word' id='word_1_489' title='bbox 1352 1090 1518 1120; x_wconf 84' lang='lat' dir='ltr'><em>Gracchos</em></span> <span class='ocrx_word' id='word_1_490' title='bbox 1534 1088 1737 1128; x_wconf 85' lang='lat' dir='ltr'>eloquentis—</span> 
     </span>
     <span class='ocr_line' id='line_1_87' title="bbox 1009 1133 1736 1175; baseline -0.004 -11"><span class='ocrx_word' id='word_1_491' title='bbox 1009 1135 1122 1164; x_wconf 88' lang='lat' dir='ltr'>simus.</span> <span class='ocrx_word' id='word_1_492' title='bbox 1168 1133 1283 1175; x_wconf 76' lang='lat' dir='ltr'>Hujus</span> <span class='ocrx_word' id='word_1_493' title='bbox 1305 1135 1428 1164; x_wconf 78' lang='lat' dir='ltr'>tribuni</span> <span class='ocrx_word' id='word_1_494' title='bbox 1445 1136 1494 1174; x_wconf 80' lang='lat' dir='ltr'>pl.</span> <span class='ocrx_word' id='word_1_495' title='bbox 1517 1143 1597 1174; x_wconf 76' lang='lat' dir='ltr'><em>soepe</em></span> <span class='ocrx_word' id='word_1_496' title='bbox 1618 1133 1736 1162; x_wconf 81' lang='lat' dir='ltr'><em>mentio</em></span> 
     </span>
     <span class='ocr_line' id='line_1_88' title="bbox 1008 1173 1736 1219; baseline -0.004 -11"><span class='ocrx_word' id='word_1_497' title='bbox 1008 1182 1055 1208; x_wconf 84' lang='lat' dir='ltr'><em>est</em></span> <span class='ocrx_word' id='word_1_498' title='bbox 1068 1189 1120 1219; x_wconf 79' lang='lat' dir='ltr'>ap.</span> <span class='ocrx_word' id='word_1_499' title='bbox 1141 1178 1329 1208; x_wconf 77' lang='lat' dir='ltr'><em>Ciceronem.</em></span> <span class='ocrx_word' id='word_1_500' title='bbox 1367 1178 1420 1210; x_wconf 89' lang='lat' dir='ltr'><em>De</em></span> <span class='ocrx_word' id='word_1_501' title='bbox 1434 1177 1557 1216; x_wconf 63' lang='lat' dir='ltr'>legibus</span> <span class='ocrx_word' id='word_1_502' title='bbox 1570 1173 1641 1215; x_wconf 72' lang='lat' dir='ltr'>ejus</span> <span class='ocrx_word' id='word_1_503' title='bbox 1655 1186 1684 1205; x_wconf 85' lang='lat' dir='ltr'>v.</span> <span class='ocrx_word' id='word_1_504' title='bbox 1700 1176 1736 1206; x_wconf 79' lang='lat' dir='ltr'>in</span> 
     </span>
     <span class='ocr_line' id='line_1_89' title="bbox 1010 1220 1736 1262; baseline -0.004 -11"><span class='ocrx_word' id='word_1_505' title='bbox 1010 1222 1084 1252; x_wconf 75' lang='lat' dir='ltr'>Jml.</span> <span class='ocrx_word' id='word_1_506' title='bbox 1108 1222 1214 1260; x_wconf 68' lang='lat' dir='ltr'>Legg&#39;.</span> <span class='ocrx_word' id='word_1_507' title='bbox 1238 1222 1275 1252; x_wconf 83' lang='lat' dir='ltr'>de</span> <span class='ocrx_word' id='word_1_508' title='bbox 1297 1224 1362 1262; x_wconf 78' lang='lat' dir='ltr'><em>ipso</em></span> <span class='ocrx_word' id='word_1_509' title='bbox 1380 1225 1492 1252; x_wconf 83' lang='lat' dir='ltr'>autem</span> <span class='ocrx_word' id='word_1_510' title='bbox 1507 1220 1684 1251; x_wconf 77' lang='lat' dir='ltr'>Plutarch.</span> <span class='ocrx_word' id='word_1_511' title='bbox 1699 1220 1736 1249; x_wconf 72' lang='lat' dir='ltr'>in</span> 
     </span>
     <span class='ocr_line' id='line_1_90' title="bbox 1009 1262 1734 1306; baseline -0.007 -10"><span class='ocrx_word' id='word_1_512' title='bbox 1009 1265 1128 1296; x_wconf 70' lang='lat' dir='ltr'>Mario.</span> <span class='ocrx_word' id='word_1_513' title='bbox 1144 1266 1281 1306; x_wconf 82' lang='lat' dir='ltr'>Appian.</span> <span class='ocrx_word' id='word_1_514' title='bbox 1299 1267 1342 1296; x_wconf 84' lang='lat' dir='ltr'>B.</span> <span class='ocrx_word' id='word_1_515' title='bbox 1363 1266 1395 1296; x_wconf 81' lang='lat' dir='ltr'>C.</span> <span class='ocrx_word' id='word_1_516' title='bbox 1419 1267 1440 1295; x_wconf 91' lang='lat' dir='ltr'>l.</span> <span class='ocrx_word' id='word_1_517' title='bbox 1464 1266 1484 1294; x_wconf 91' lang='lat' dir='ltr'>i.</span> <span class='ocrx_word' id='word_1_518' title='bbox 1509 1266 1567 1294; x_wconf 64' lang='lat' dir='ltr'>dcc.</span> <span class='ocrx_word' id='word_1_519' title='bbox 1612 1262 1734 1303; x_wconf 84' lang='lat' dir='ltr'>Appul.</span> 
     </span>
     <span class='ocr_line' id='line_1_91' title="bbox 1008 1308 1733 1348; baseline -0.003 -10"><span class='ocrx_word' id='word_1_520' title='bbox 1008 1320 1070 1339; x_wconf 77' lang='lat' dir='ltr'>non</span> <span class='ocrx_word' id='word_1_521' title='bbox 1096 1309 1192 1348; x_wconf 89' lang='lat' dir='ltr'>Apul.</span> <span class='ocrx_word' id='word_1_522' title='bbox 1218 1309 1422 1339; x_wconf 67' lang='lat' dir='ltr'>scribendum</span> <span class='ocrx_word' id='word_1_523' title='bbox 1449 1309 1535 1338; x_wconf 79' lang='lat' dir='ltr'><em>docet</em></span> <span class='ocrx_word' id='word_1_524' title='bbox 1565 1308 1733 1339; x_wconf 78' lang='lat' dir='ltr'>Burman.</span> 
     </span>
     <span class='ocr_line' id='line_1_92' title="bbox 1010 1353 1399 1392; baseline 0 -10"><span class='ocrx_word' id='word_1_525' title='bbox 1010 1353 1056 1383; x_wconf 74' lang='lat' dir='ltr'>acl</span> <span class='ocrx_word' id='word_1_526' title='bbox 1070 1353 1161 1383; x_wconf 80' lang='lat' dir='ltr'>Suel.</span> <span class='ocrx_word' id='word_1_527' title='bbox 1176 1353 1265 1392; x_wconf 79' lang='lat' dir='ltr'>Aug.</span> <span class='ocrx_word' id='word_1_528' title='bbox 1281 1363 1308 1382; x_wconf 87' lang='lat' dir='ltr'>c.</span> <span class='ocrx_word' id='word_1_529' title='bbox 1330 1356 1399 1383; x_wconf 89' lang='lat'>100.</span> 
     </span>
    </p>

    <p class='ocr_par' dir='ltr' id='par_1_28' title="bbox 1009 1394 1737 1611">
     <span class='ocr_line' id='line_1_93' title="bbox 1052 1394 1736 1437; baseline -0.007 -10"><span class='ocrx_word' id='word_1_530' title='bbox 1052 1397 1203 1437; x_wconf 72' lang='lat' dir='ltr'>Apuleia,</span> <span class='ocrx_word' id='word_1_531' title='bbox 1217 1396 1342 1436; x_wconf 77' lang='lat' dir='ltr'>populi,</span> <span class='ocrx_word' id='word_1_532' title='bbox 1356 1396 1425 1426; x_wconf 76' lang='lat' dir='ltr'>Att.</span> <span class='ocrx_word' id='word_1_533' title='bbox 1436 1397 1476 1426; x_wconf 87' lang='lat' dir='ltr'>iv.</span> <span class='ocrx_word' id='word_1_534' title='bbox 1490 1398 1538 1424; x_wconf 91' lang='grc'>11.</span> <span class='ocrx_word' id='word_1_535' title='bbox 1562 1394 1684 1424; x_wconf 86' lang='lat' dir='ltr'>dicitur</span> <span class='ocrx_word' id='word_1_536' title='bbox 1700 1394 1736 1423; x_wconf 89' lang='lat' dir='ltr'>P.</span> 
     </span>
     <span class='ocr_line' id='line_1_94' title="bbox 1011 1438 1737 1480; baseline -0.004 -10"><span class='ocrx_word' id='word_1_537' title='bbox 1011 1439 1158 1477; x_wconf 86' lang='lat' dir='ltr'><em>Clodius,</em></span> <span class='ocrx_word' id='word_1_538' title='bbox 1173 1444 1308 1480; x_wconf 86' lang='lat' dir='ltr'><em>propter</em></span> <span class='ocrx_word' id='word_1_539' title='bbox 1331 1440 1508 1470; x_wconf 76' lang='lat' dir='ltr'><em>seditiones</em></span> <span class='ocrx_word' id='word_1_540' title='bbox 1524 1443 1558 1468; x_wconf 90' lang='lat' dir='ltr'>et</span> <span class='ocrx_word' id='word_1_541' title='bbox 1573 1438 1737 1468; x_wconf 84' lang='lat' dir='ltr'>libidines.</span> 
     </span>
     <span class='ocr_line' id='line_1_95' title="bbox 1012 1483 1737 1524; baseline -0.004 -10"><span class='ocrx_word' id='word_1_542' title='bbox 1012 1483 1205 1514; x_wconf 79' lang='lat' dir='ltr'>Tunstallus</span> <span class='ocrx_word' id='word_1_543' title='bbox 1227 1484 1293 1524; x_wconf 82' lang='lat' dir='ltr'>Ep.</span> <span class='ocrx_word' id='word_1_544' title='bbox 1317 1484 1362 1514; x_wconf 75' lang='lat' dir='ltr'>ml</span> <span class='ocrx_word' id='word_1_545' title='bbox 1383 1483 1510 1513; x_wconf 69' lang='lat' dir='ltr'>Midlet.</span> <span class='ocrx_word' id='word_1_546' title='bbox 1526 1492 1562 1521; x_wconf 78' lang='lat' dir='ltr'>p.</span> <span class='ocrx_word' id='word_1_547' title='bbox 1584 1484 1636 1516; x_wconf 81' lang='grc'>98.</span> <span class='ocrx_word' id='word_1_548' title='bbox 1666 1491 1737 1511; x_wconf 78' lang='lat' dir='ltr'>ma-</span> 
     </span>
     <span class='ocr_line' id='line_1_96' title="bbox 1009 1527 1736 1566; baseline -0.004 -9"><span class='ocrx_word' id='word_1_549' title='bbox 1009 1530 1082 1558; x_wconf 80' lang='lat' dir='ltr'>vult</span> <span class='ocrx_word' id='word_1_550' title='bbox 1107 1529 1246 1566; x_wconf 73' lang='lat' dir='ltr'><em>intelligi</em></span> <span class='ocrx_word' id='word_1_551' title='bbox 1274 1528 1438 1558; x_wconf 78' lang='lat' dir='ltr'>Clodiam.-</span> <span class='ocrx_word' id='word_1_552' title='bbox 1467 1530 1610 1556; x_wconf 74' lang='lat' dir='ltr'><em>ceterum</em></span> <span class='ocrx_word' id='word_1_553' title='bbox 1631 1527 1736 1555; x_wconf 85' lang='lat' dir='ltr'><em>locum</em></span> 
     </span>
     <span class='ocr_line' id='line_1_97' title="bbox 1011 1573 1281 1611; baseline -0.004 -9"><span class='ocrx_word' id='word_1_554' title='bbox 1011 1573 1161 1602; x_wconf 76' lang='lat' dir='ltr'>vitiosum</span> <span class='ocrx_word' id='word_1_555' title='bbox 1171 1575 1281 1611; x_wconf 75' lang='lat' dir='ltr'>putul.</span> 
     </span>
    </p>

    <p class='ocr_par' dir='ltr' id='par_1_29' title="bbox 1012 1612 1736 1695">
     <span class='ocr_line' id='line_1_98' title="bbox 1055 1612 1736 1655; baseline -0.003 -10"><span class='ocrx_word' id='word_1_556' title='bbox 1055 1616 1097 1646; x_wconf 89' lang='lat' dir='ltr'>L.</span> <span class='ocrx_word' id='word_1_557' title='bbox 1113 1615 1280 1655; x_wconf 83' lang='lat' dir='ltr'>Apuleius,</span> <span class='ocrx_word' id='word_1_558' title='bbox 1300 1615 1375 1645; x_wconf 89' lang='lat' dir='ltr'>Div.</span> <span class='ocrx_word' id='word_1_559' title='bbox 1404 1617 1449 1644; x_wconf 86' lang='lat'>15.</span> <span class='ocrx_word' id='word_1_560' title='bbox 1479 1614 1682 1654; x_wconf 85' lang='lat' dir='ltr'>subscriptor</span> <span class='ocrx_word' id='word_1_561' title='bbox 1695 1612 1736 1653; x_wconf 97' lang='grc' dir='ltr'>Ω.</span> 
     </span>
     <span class='ocr_line' id='line_1_99' title="bbox 1012 1658 1481 1695; baseline -0.004 -6"><span class='ocrx_word' id='word_1_562' title='bbox 1012 1659 1148 1695; x_wconf 77' lang='lat' dir='ltr'>Caecifii,</span> <span class='ocrx_word' id='word_1_563' title='bbox 1165 1658 1257 1688; x_wconf 89' lang='lat' dir='ltr'>nullo</span> <span class='ocrx_word' id='word_1_564' title='bbox 1272 1668 1335 1688; x_wconf 89' lang='lat' dir='ltr'>usu</span> <span class='ocrx_word' id='word_1_565' title='bbox 1349 1658 1481 1688; x_wconf 87' lang='lat' dir='ltr'>forensi.</span> 
     </span>
    </p>

    <p class='ocr_par' dir='ltr' id='par_1_30' title="bbox 1012 1700 1739 1786">
     <span class='ocr_line' id='line_1_100' title="bbox 1054 1700 1739 1742; baseline -0.004 -9"><span class='ocrx_word' id='word_1_566' title='bbox 1054 1703 1097 1734; x_wconf 93' lang='lat' dir='ltr'>L.</span> <span class='ocrx_word' id='word_1_567' title='bbox 1120 1703 1288 1742; x_wconf 70' lang='lat' dir='ltr'>Apuleius,</span> <span class='ocrx_word' id='word_1_568' title='bbox 1310 1702 1422 1732; x_wconf 88' lang='lat' dir='ltr'>Plane.</span> <span class='ocrx_word' id='word_1_569' title='bbox 1448 1705 1495 1731; x_wconf 89' lang='lat'>11.</span> <span class='ocrx_word' id='word_1_570' title='bbox 1526 1705 1651 1741; x_wconf 84' lang='lat' dir='ltr'>praetor</span> <span class='ocrx_word' id='word_1_571' title='bbox 1664 1700 1739 1730; x_wconf 80' lang='lat' dir='ltr'>Ma·</span> 
     </span>
     <span class='ocr_line' id='line_1_101' title="bbox 1012 1744 1586 1786; baseline -0.003 -10"><span class='ocrx_word' id='word_1_572' title='bbox 1012 1747 1157 1777; x_wconf 82' lang='lat' dir='ltr'><em>cedoniae</em></span> <span class='ocrx_word' id='word_1_573' title='bbox 1172 1747 1345 1786; x_wconf 72' lang='lat' dir='ltr'>Quaestore</span> <span class='ocrx_word' id='word_1_574' title='bbox 1363 1746 1423 1776; x_wconf 92' lang='lat' dir='ltr'>Cn.</span> <span class='ocrx_word' id='word_1_575' title='bbox 1440 1744 1586 1775; x_wconf 86' lang='lat' dir='ltr'>Plancio.</span> 
     </span>
    </p>

    <p class='ocr_par' dir='ltr' id='par_1_31' title="bbox 1012 1789 1740 1873">
     <span class='ocr_line' id='line_1_102' title="bbox 1055 1789 1740 1830; baseline -0.004 -10"><span class='ocrx_word' id='word_1_576' title='bbox 1055 1790 1225 1830; x_wconf 82' lang='lat' dir='ltr'>Apuleius,</span> <span class='ocrx_word' id='word_1_577' title='bbox 1238 1790 1278 1819; x_wconf 91' lang='lat' dir='ltr'>ad</span> <span class='ocrx_word' id='word_1_578' title='bbox 1291 1790 1365 1820; x_wconf 89' lang='lat' dir='ltr'>Div.</span> <span class='ocrx_word' id='word_1_579' title='bbox 1379 1790 1445 1819; x_wconf 82' lang='lat' dir='ltr'>xiii.</span> <span class='ocrx_word' id='word_1_580' title='bbox 1457 1791 1509 1819; x_wconf 89' lang='lat'>45.</span> <span class='ocrx_word' id='word_1_581' title='bbox 1531 1789 1740 1828; x_wconf 82' lang='lat' dir='ltr'>Proquaestor</span> 
     </span>
     <span class='ocr_line' id='line_1_103' title="bbox 1012 1832 1590 1873; baseline -0.003 -9"><span class='ocrx_word' id='word_1_582' title='bbox 1012 1834 1046 1864; x_wconf 89' lang='lat' dir='ltr'>in</span> <span class='ocrx_word' id='word_1_583' title='bbox 1064 1834 1141 1864; x_wconf 83' lang='lat' dir='ltr'>Asia</span> <span class='ocrx_word' id='word_1_584' title='bbox 1155 1834 1195 1873; x_wconf 87' lang='grc' dir='ltr'>Ω.</span> <span class='ocrx_word' id='word_1_585' title='bbox 1212 1833 1353 1873; x_wconf 88' lang='lat' dir='ltr'>Philippi</span> <span class='ocrx_word' id='word_1_586' title='bbox 1370 1832 1590 1863; x_wconf 87' lang='lat' dir='ltr'>Proconsulis.</span> 
     </span>
    </p>

    <p class='ocr_par' dir='ltr' id='par_1_32' title="bbox 1012 1875 1743 2135">
     <span class='ocr_line' id='line_1_104' title="bbox 1059 1875 1740 1916; baseline -0.003 -9"><span class='ocrx_word' id='word_1_587' title='bbox 1059 1877 1099 1907; x_wconf 87' lang='lat' dir='ltr'>P.</span> <span class='ocrx_word' id='word_1_588' title='bbox 1115 1878 1284 1916; x_wconf 77' lang='lat' dir='ltr'>Apuleius,</span> <span class='ocrx_word' id='word_1_589' title='bbox 1302 1876 1384 1907; x_wconf 87' lang='lat' dir='ltr'>Phil.</span> <span class='ocrx_word' id='word_1_590' title='bbox 1405 1877 1446 1907; x_wconf 84' lang='lat' dir='ltr'>vi.</span> <span class='ocrx_word' id='word_1_591' title='bbox 1465 1880 1490 1907; x_wconf 95' lang='lat'>1.</span> <span class='ocrx_word' id='word_1_592' title='bbox 1506 1876 1583 1906; x_wconf 86' lang='lat' dir='ltr'>trib.</span> <span class='ocrx_word' id='word_1_593' title='bbox 1601 1875 1645 1915; x_wconf 92' lang='lat' dir='ltr'>pl.</span> <span class='ocrx_word' id='word_1_594' title='bbox 1662 1875 1740 1906; x_wconf 85' lang='lat' dir='ltr'>Hir-</span> 
     </span>
     <span class='ocr_line' id='line_1_105' title="bbox 1012 1919 1739 1959; baseline -0.004 -8"><span class='ocrx_word' id='word_1_595' title='bbox 1012 1922 1059 1951; x_wconf 89' lang='lat' dir='ltr'>tio</span> <span class='ocrx_word' id='word_1_596' title='bbox 1076 1927 1110 1951; x_wconf 88' lang='lat' dir='ltr'>et</span> <span class='ocrx_word' id='word_1_597' title='bbox 1130 1922 1236 1950; x_wconf 75' lang='lat' dir='ltr'>Pansa</span> <span class='ocrx_word' id='word_1_598' title='bbox 1252 1921 1342 1951; x_wconf 87' lang='lat' dir='ltr'>Coss.</span> <span class='ocrx_word' id='word_1_599' title='bbox 1361 1921 1556 1951; x_wconf 84' lang='lat' dir='ltr'><em>Ciceronem</em></span> <span class='ocrx_word' id='word_1_600' title='bbox 1572 1919 1739 1959; x_wconf 77' lang='lat' dir='ltr'>producit,</span> 
     </span>
     <span class='ocr_line' id='line_1_106' title="bbox 1013 1962 1742 2004; baseline -0.003 -10"><span class='ocrx_word' id='word_1_601' title='bbox 1013 1970 1046 1995; x_wconf 78' lang='lat' dir='ltr'>et</span> <span class='ocrx_word' id='word_1_602' title='bbox 1069 1965 1108 1994; x_wconf 83' lang='lat' dir='ltr'>de</span> <span class='ocrx_word' id='word_1_603' title='bbox 1133 1965 1178 1994; x_wconf 91' lang='lat' dir='ltr'>M.</span> <span class='ocrx_word' id='word_1_604' title='bbox 1203 1965 1348 1994; x_wconf 87' lang='lat' dir='ltr'><em>Antonio</em></span> <span class='ocrx_word' id='word_1_605' title='bbox 1365 1965 1559 2004; x_wconf 81' lang='lat' dir='ltr'>interrogat.</span> <span class='ocrx_word' id='word_1_606' title='bbox 1576 1962 1660 1993; x_wconf 88' lang='lat' dir='ltr'>Phil.</span> <span class='ocrx_word' id='word_1_607' title='bbox 1677 1963 1742 1992; x_wconf 86' lang='lat' dir='ltr'>xiv.</span> 
     </span>
     <span class='ocr_line' id='line_1_107' title="bbox 1013 2006 1743 2047; baseline -0.004 -8"><span class='ocrx_word' id='word_1_608' title='bbox 1013 2010 1042 2039; x_wconf 87' lang='lat'>6.</span> <span class='ocrx_word' id='word_1_609' title='bbox 1091 2009 1285 2038; x_wconf 82' lang='lat' dir='ltr'><em>Ciceronem</em></span> <span class='ocrx_word' id='word_1_610' title='bbox 1302 2019 1321 2037; x_wconf 89' lang='lat' dir='ltr'>a</span> <span class='ocrx_word' id='word_1_611' title='bbox 1336 2009 1522 2047; x_wconf 86' lang='lat' dir='ltr'>suspicione</span> <span class='ocrx_word' id='word_1_612' title='bbox 1540 2007 1681 2037; x_wconf 82' lang='lat' dir='ltr'>fascium</span> <span class='ocrx_word' id='word_1_613' title='bbox 1700 2006 1743 2036; x_wconf 84' lang='lat' dir='ltr'>ad</span> 
     </span>
     <span class='ocr_line' id='line_1_108' title="bbox 1012 2050 1742 2092; baseline -0.001 -10"><span class='ocrx_word' id='word_1_614' title='bbox 1012 2052 1174 2092; x_wconf 84' lang='lat' dir='ltr'>populum</span> <span class='ocrx_word' id='word_1_615' title='bbox 1198 2052 1326 2082; x_wconf 82' lang='lat' dir='ltr'>liberat.</span> <span class='ocrx_word' id='word_1_616' title='bbox 1353 2051 1422 2082; x_wconf 83' lang='lat' dir='ltr'>Att.</span> <span class='ocrx_word' id='word_1_617' title='bbox 1448 2052 1504 2082; x_wconf 83' lang='lat' dir='ltr'>xii.</span> <span class='ocrx_word' id='word_1_618' title='bbox 1534 2054 1581 2082; x_wconf 84' lang='lat'>13.</span> <span class='ocrx_word' id='word_1_619' title='bbox 1618 2053 1666 2080; x_wconf 81' lang='lat'>14.</span> <span class='ocrx_word' id='word_1_620' title='bbox 1702 2050 1742 2081; x_wconf 87' lang='lat' dir='ltr'>fit</span> 
     </span>
     <span class='ocr_line' id='line_1_109' title="bbox 1013 2106 1129 2135; baseline 0 -9"><span class='ocrx_word' id='word_1_621' title='bbox 1013 2106 1129 2135; x_wconf 74' lang='lat' dir='ltr'>augur.</span> 
     </span>
    </p>

    <p class='ocr_par' dir='ltr' id='par_1_33' title="bbox 1011 2139 1746 2388">
     <span class='ocr_line' id='line_1_110' title="bbox 1055 2139 1744 2180; baseline -0.003 -10"><span class='ocrx_word' id='word_1_622' title='bbox 1055 2141 1226 2179; x_wconf 80' lang='lat' dir='ltr'>Apuleius,</span> <span class='ocrx_word' id='word_1_623' title='bbox 1242 2140 1433 2180; x_wconf 78' lang='lat' dir='ltr'><em>proediator,</em></span> <span class='ocrx_word' id='word_1_624' title='bbox 1454 2140 1526 2170; x_wconf 77' lang='lat' dir='ltr'>Att.</span> <span class='ocrx_word' id='word_1_625' title='bbox 1548 2139 1603 2168; x_wconf 86' lang='lat' dir='ltr'>xii.</span> <span class='ocrx_word' id='word_1_626' title='bbox 1621 2140 1671 2168; x_wconf 83' lang='lat'>14.</span> <span class='ocrx_word' id='word_1_627' title='bbox 1694 2141 1744 2172; x_wconf 84' lang='lat'>17.</span> 
     </span>
     <span class='ocr_line' id='line_1_111' title="bbox 1012 2183 1746 2224; baseline 0 -12"><span class='ocrx_word' id='word_1_628' title='bbox 1012 2183 1173 2213; x_wconf 70' lang='lat' dir='ltr'>diversum</span> <span class='ocrx_word' id='word_1_629' title='bbox 1185 2188 1309 2223; x_wconf 76' lang='lat' dir='ltr'>putant</span> <span class='ocrx_word' id='word_1_630' title='bbox 1324 2184 1365 2213; x_wconf 78' lang='lat' dir='ltr'>ab</span> <span class='ocrx_word' id='word_1_631' title='bbox 1379 2184 1513 2224; x_wconf 78' lang='lat' dir='ltr'><em>Apuleio</em></span> <span class='ocrx_word' id='word_1_632' title='bbox 1527 2192 1672 2221; x_wconf 80' lang='lat' dir='ltr'>augure,</span> <span class='ocrx_word' id='word_1_633' title='bbox 1687 2184 1746 2221; x_wconf 75' lang='lat' dir='ltr'>qui</span> 
     </span>
     <span class='ocr_line' id='line_1_112' title="bbox 1011 2226 1742 2267; baseline -0.003 -11"><span class='ocrx_word' id='word_1_634' title='bbox 1011 2229 1045 2256; x_wconf 76' lang='lat' dir='ltr'>in</span> <span class='ocrx_word' id='word_1_635' title='bbox 1062 2227 1170 2257; x_wconf 76' lang='lat' dir='ltr'><em>eadem</em></span> <span class='ocrx_word' id='word_1_636' title='bbox 1186 2238 1233 2267; x_wconf 84' lang='lat' dir='ltr'>ep.</span> <span class='ocrx_word' id='word_1_637' title='bbox 1250 2228 1450 2257; x_wconf 76' lang='lat' dir='ltr'>nominatur.</span> <span class='ocrx_word' id='word_1_638' title='bbox 1474 2227 1525 2257; x_wconf 74' lang='lat' dir='ltr'>E!</span> <span class='ocrx_word' id='word_1_639' title='bbox 1539 2228 1585 2256; x_wconf 82' lang='lat' dir='ltr'>sic</span> <span class='ocrx_word' id='word_1_640' title='bbox 1599 2226 1742 2264; x_wconf 72' lang='lat' dir='ltr'>videtur,</span> 
     </span>
     <span class='ocr_line' id='line_1_113' title="bbox 1012 2269 1744 2310; baseline -0.004 -10"><span class='ocrx_word' id='word_1_641' title='bbox 1012 2271 1096 2310; x_wconf 84' lang='lat' dir='ltr'><em>quod</em></span> <span class='ocrx_word' id='word_1_642' title='bbox 1117 2271 1253 2300; x_wconf 79' lang='lat' dir='ltr'>additur</span> <span class='ocrx_word' id='word_1_643' title='bbox 1268 2270 1461 2310; x_wconf 77' lang='lat' dir='ltr'>praediator:</span> <span class='ocrx_word' id='word_1_644' title='bbox 1487 2270 1571 2309; x_wconf 82' lang='lat' dir='ltr'><em>quod</em></span> <span class='ocrx_word' id='word_1_645' title='bbox 1584 2269 1744 2299; x_wconf 76' lang='lat' dir='ltr'>distineti-</span> 
     </span>
     <span class='ocr_line' id='line_1_114' title="bbox 1011 2313 1744 2353; baseline -0.001 -10"><span class='ocrx_word' id='word_1_646' title='bbox 1011 2315 1078 2343; x_wconf 81' lang='lat' dir='ltr'><em>om&#39;s</em></span> <span class='ocrx_word' id='word_1_647' title='bbox 1101 2323 1199 2344; x_wconf 65' lang='lat' dir='ltr'>caess(</span> <span class='ocrx_word' id='word_1_648' title='bbox 1211 2313 1362 2353; x_wconf 66' lang='lat' dir='ltr'>filetum,</span> <span class='ocrx_word' id='word_1_649' title='bbox 1385 2314 1660 2344; x_wconf 76' lang='lat' dir='ltr'>verisimillimum</span> <span class='ocrx_word' id='word_1_650' title='bbox 1687 2317 1744 2342; x_wconf 81' lang='lat' dir='ltr'>est.</span> 
     </span>
     <span class='ocr_line' id='line_1_115' title="bbox 1011 2357 1325 2388; baseline 0.003 -1"><span class='ocrx_word' id='word_1_651' title='bbox 1011 2357 1061 2387; x_wconf 87' lang='lat' dir='ltr'>An</span> <span class='ocrx_word' id='word_1_652' title='bbox 1079 2358 1169 2387; x_wconf 84' lang='lat' dir='ltr'>idem</span> <span class='ocrx_word' id='word_1_653' title='bbox 1185 2363 1235 2387; x_wconf 78' lang='lat' dir='ltr'>est</span> <span class='ocrx_word' id='word_1_654' title='bbox 1250 2368 1279 2387; x_wconf 75' lang='lat' dir='ltr'>V.</span> <span class='ocrx_word' id='word_1_655' title='bbox 1299 2361 1325 2388; x_wconf 93' lang='lat'>1.</span> 
     </span>
    </p>

    <p class='ocr_par' dir='ltr' id='par_1_34' title="bbox 1010 2400 1746 2529">
     <span class='ocr_line' id='line_1_116' title="bbox 1054 2400 1744 2440; baseline -0.003 -9"><span class='ocrx_word' id='word_1_656' title='bbox 1054 2402 1187 2440; x_wconf 70' lang='lat' dir='ltr'>Aquilo,</span> <span class='ocrx_word' id='word_1_657' title='bbox 1206 2401 1289 2431; x_wconf 88' lang='lat' dir='ltr'>Phil.</span> <span class='ocrx_word' id='word_1_658' title='bbox 1314 2402 1356 2431; x_wconf 89' lang='lat' dir='ltr'>xi.</span> <span class='ocrx_word' id='word_1_659' title='bbox 1380 2401 1410 2431; x_wconf 84' lang='lat'>6.</span> <span class='ocrx_word' id='word_1_660' title='bbox 1440 2402 1593 2437; x_wconf 79' lang='lat' dir='ltr'>Pontius,</span> <span class='ocrx_word' id='word_1_661' title='bbox 1609 2400 1648 2429; x_wconf 80' lang='lat' dir='ltr'><em>de</em></span> <span class='ocrx_word' id='word_1_662' title='bbox 1665 2409 1744 2439; x_wconf 80' lang='lat' dir='ltr'><em>per-</em></span> 
     </span>
     <span class='ocr_line' id='line_1_117' title="bbox 1011 2443 1746 2482; baseline 0 -8"><span class='ocrx_word' id='word_1_663' title='bbox 1011 2446 1189 2475; x_wconf 79' lang='lat' dir='ltr'>cussoribus</span> <span class='ocrx_word' id='word_1_664' title='bbox 1209 2445 1356 2482; x_wconf 60' lang='lat' dir='ltr'>Caesaris,</span> <span class='ocrx_word' id='word_1_665' title='bbox 1372 2445 1410 2475; x_wconf 94' lang='lat' dir='ltr'>L.</span> <span class='ocrx_word' id='word_1_666' title='bbox 1427 2445 1589 2476; x_wconf 82' lang='lat' dir='ltr'>Plancum</span> <span class='ocrx_word' id='word_1_667' title='bbox 1613 2443 1746 2474; x_wconf 78' lang='lat' dir='ltr'><em>Pollen-</em></span> 
     </span>
     <span class='ocr_line' id='line_1_118' title="bbox 1010 2488 1221 2529; baseline 0 -11"><span class='ocrx_word' id='word_1_668' title='bbox 1010 2489 1060 2518; x_wconf 83' lang='lat' dir='ltr'>tia</span> <span class='ocrx_word' id='word_1_669' title='bbox 1074 2488 1221 2529; x_wconf 85' lang='lat' dir='ltr'>expellit.</span> 
     </span>
    </p>

    <p class='ocr_par' dir='ltr' id='par_1_35' title="bbox 1012 2530 1747 2876">
     <span class='ocr_line' id='line_1_119' title="bbox 1056 2530 1744 2572; baseline -0.001 -11"><span class='ocrx_word' id='word_1_670' title='bbox 1056 2532 1099 2572; x_wconf 65' lang='lat' dir='ltr'>Q.</span> <span class='ocrx_word' id='word_1_671' title='bbox 1114 2533 1279 2571; x_wconf 78' lang='lat' dir='ltr'>Aquillius</span> <span class='ocrx_word' id='word_1_672' title='bbox 1309 2533 1437 2569; x_wconf 76' lang='lat' dir='ltr'>Gallus,</span> <span class='ocrx_word' id='word_1_673' title='bbox 1455 2531 1540 2561; x_wconf 86' lang='lat' dir='ltr'>Caec.</span> <span class='ocrx_word' id='word_1_674' title='bbox 1558 2533 1610 2565; x_wconf 69' lang='lat'>527.</span> <span class='ocrx_word' id='word_1_675' title='bbox 1637 2530 1744 2561; x_wconf 75' lang='lat' dir='ltr'>Jctus</span> 
     </span>
     <span class='ocr_line' id='line_1_120' title="bbox 1013 2575 1746 2613; baseline -0.001 -8"><span class='ocrx_word' id='word_1_676' title='bbox 1013 2585 1178 2612; x_wconf 79' lang='lat' dir='ltr'>summus,</span> <span class='ocrx_word' id='word_1_677' title='bbox 1208 2576 1346 2605; x_wconf 81' lang='lat' dir='ltr'>mirifice</span> <span class='ocrx_word' id='word_1_678' title='bbox 1374 2575 1540 2613; x_wconf 79' lang='lat' dir='ltr'>laudatur.</span> <span class='ocrx_word' id='word_1_679' title='bbox 1569 2575 1664 2605; x_wconf 82' lang='lat' dir='ltr'>Brut.</span> <span class='ocrx_word' id='word_1_680' title='bbox 1693 2575 1746 2605; x_wconf 69' lang='lat'>42.</span> 
     </span>
     <span class='ocr_line' id='line_1_121' title="bbox 1012 2617 1747 2658; baseline -0.004 -9"><span class='ocrx_word' id='word_1_681' title='bbox 1012 2624 1148 2658; x_wconf 82' lang='lat' dir='ltr'>paratus</span> <span class='ocrx_word' id='word_1_682' title='bbox 1164 2620 1198 2649; x_wconf 90' lang='lat' dir='ltr'>in</span> <span class='ocrx_word' id='word_1_683' title='bbox 1215 2620 1344 2658; x_wconf 82' lang='lat' dir='ltr'><em>agendo</em></span> <span class='ocrx_word' id='word_1_684' title='bbox 1355 2625 1389 2649; x_wconf 83' lang='lat' dir='ltr'>ct</span> <span class='ocrx_word' id='word_1_685' title='bbox 1399 2619 1487 2648; x_wconf 74' lang='lat' dir='ltr'><em>celer</em></span> <span class='ocrx_word' id='word_1_686' title='bbox 1497 2619 1531 2648; x_wconf 87' lang='lat' dir='ltr'>in</span> <span class='ocrx_word' id='word_1_687' title='bbox 1544 2617 1747 2658; x_wconf 86' lang='lat' dir='ltr'><em>responden-</em></span> 
     </span>
     <span class='ocr_line' id='line_1_122' title="bbox 1014 2661 1745 2694; baseline 0 -2"><span class='ocrx_word' id='word_1_688' title='bbox 1014 2662 1066 2692; x_wconf 86' lang='lat' dir='ltr'>do.</span> <span class='ocrx_word' id='word_1_689' title='bbox 1091 2663 1130 2692; x_wconf 82' lang='lat' dir='ltr'>de</span> <span class='ocrx_word' id='word_1_690' title='bbox 1154 2662 1249 2694; x_wconf 82' lang='lat' dir='ltr'>offic.</span> <span class='ocrx_word' id='word_1_691' title='bbox 1273 2664 1316 2693; x_wconf 88' lang='lat' dir='ltr'>iii.</span> <span class='ocrx_word' id='word_1_692' title='bbox 1341 2665 1389 2693; x_wconf 80' lang='lat'>14.</span> <span class='ocrx_word' id='word_1_693' title='bbox 1419 2662 1514 2693; x_wconf 87' lang='lat' dir='ltr'>Tulit</span> <span class='ocrx_word' id='word_1_694' title='bbox 1527 2661 1689 2692; x_wconf 81' lang='lat' dir='ltr'>formulas</span> <span class='ocrx_word' id='word_1_695' title='bbox 1705 2661 1745 2692; x_wconf 75' lang='lat' dir='ltr'>de</span> 
     </span>
     <span class='ocr_line' id='line_1_123' title="bbox 1015 2705 1747 2746; baseline -0.003 -11"><span class='ocrx_word' id='word_1_696' title='bbox 1015 2705 1089 2736; x_wconf 89' lang='lat' dir='ltr'><em>dolo</em></span> <span class='ocrx_word' id='word_1_697' title='bbox 1106 2706 1205 2736; x_wconf 82' lang='lat' dir='ltr'>malo.</span> <span class='ocrx_word' id='word_1_698' title='bbox 1220 2706 1338 2746; x_wconf 69' lang='lat' dir='ltr'>Quint.</span> <span class='ocrx_word' id='word_1_699' title='bbox 1358 2710 1384 2737; x_wconf 91' lang='lat'>1.</span> <span class='ocrx_word' id='word_1_700' title='bbox 1410 2707 1468 2736; x_wconf 61' lang='grc' dir='ltr'>ἃς.</span> <span class='ocrx_word' id='word_1_701' title='bbox 1491 2715 1579 2745; x_wconf 78' lang='lat' dir='ltr'><em>saepe</em></span> <span class='ocrx_word' id='word_1_702' title='bbox 1594 2705 1747 2735; x_wconf 80' lang='lat' dir='ltr'>nomina-</span> 
     </span>
     <span class='ocr_line' id='line_1_124' title="bbox 1014 2748 1746 2788; baseline -0.001 -10"><span class='ocrx_word' id='word_1_703' title='bbox 1014 2756 1080 2779; x_wconf 85' lang='lat' dir='ltr'>tur.</span> <span class='ocrx_word' id='word_1_704' title='bbox 1099 2750 1141 2779; x_wconf 86' lang='lat' dir='ltr'>ad</span> <span class='ocrx_word' id='word_1_705' title='bbox 1155 2751 1224 2780; x_wconf 79' lang='lat' dir='ltr'>Att.</span> <span class='ocrx_word' id='word_1_706' title='bbox 1240 2751 1261 2780; x_wconf 93' lang='lat' dir='ltr'>i.</span> <span class='ocrx_word' id='word_1_707' title='bbox 1281 2753 1307 2780; x_wconf 91' lang='lat'>1.</span> <span class='ocrx_word' id='word_1_708' title='bbox 1337 2759 1404 2780; x_wconf 90' lang='lat' dir='ltr'>non</span> <span class='ocrx_word' id='word_1_709' title='bbox 1421 2748 1492 2780; x_wconf 86' lang='lat' dir='ltr'>vult</span> <span class='ocrx_word' id='word_1_710' title='bbox 1517 2749 1616 2779; x_wconf 72' lang='lat' dir='ltr'>cons.</span> <span class='ocrx_word' id='word_1_711' title='bbox 1632 2753 1746 2788; x_wconf 82' lang='lat' dir='ltr'><em>petere</em></span> 
     </span>
     <span class='ocr_line' id='line_1_125' title="bbox 1014 2791 1747 2832; baseline 0 -11"><span class='ocrx_word' id='word_1_712' title='bbox 1014 2798 1152 2832; x_wconf 78' lang='lat' dir='ltr'><em>propter</em></span> <span class='ocrx_word' id='word_1_713' title='bbox 1165 2792 1392 2824; x_wconf 81' lang='lat' dir='ltr'>valetudinem</span> <span class='ocrx_word' id='word_1_714' title='bbox 1416 2798 1450 2823; x_wconf 86' lang='lat' dir='ltr'>et</span> <span class='ocrx_word' id='word_1_715' title='bbox 1464 2802 1606 2832; x_wconf 85' lang='lat' dir='ltr'>regnum</span> <span class='ocrx_word' id='word_1_716' title='bbox 1623 2791 1747 2831; x_wconf 79' lang='lat' dir='ltr'>judici-</span> 
     </span>
     <span class='ocr_line' id='line_1_126' title="bbox 1016 2836 1691 2876; baseline -0.001 -11"><span class='ocrx_word' id='word_1_717' title='bbox 1016 2836 1078 2866; x_wconf 74' lang='lat' dir='ltr'>ale.</span> <span class='ocrx_word' id='word_1_718' title='bbox 1092 2836 1122 2866; x_wconf 92' lang='lat' dir='ltr'>T</span> <span class='ocrx_word' id='word_1_719' title='bbox 1123 2846 1175 2876; x_wconf 89' lang='lat' dir='ltr'>op.</span> <span class='ocrx_word' id='word_1_720' title='bbox 1191 2840 1222 2870; x_wconf 93' lang='lat'>7.</span> <span class='ocrx_word' id='word_1_721' title='bbox 1239 2837 1405 2876; x_wconf 87' lang='lat' dir='ltr'><em>quomodo</em></span> <span class='ocrx_word' id='word_1_722' title='bbox 1421 2839 1499 2867; x_wconf 83' lang='lat' dir='ltr'>litus</span> <span class='ocrx_word' id='word_1_723' title='bbox 1513 2836 1691 2866; x_wconf 79' lang='lat' dir='ltr'>definierit.</span> 
     </span>
    </p>

    <p class='ocr_par' dir='ltr' id='par_1_36' title="bbox 1059 2877 1751 2922">
     <span class='ocr_line' id='line_1_127' title="bbox 1059 2877 1751 2922; baseline 0 -13"><span class='ocrx_word' id='word_1_724' title='bbox 1059 2878 1196 2910; x_wconf 67' lang='lat' dir='ltr'>alonius</span> <span class='ocrx_word' id='word_1_725' title='bbox 1211 2880 1390 2922; x_wconf 73' lang='lat' dir='ltr'>Aquillius,</span> <span class='ocrx_word' id='word_1_726' title='bbox 1403 2881 1518 2921; x_wconf 62' lang='lat' dir='ltr'>Agrar.</span> <span class='ocrx_word' id='word_1_727' title='bbox 1531 2880 1567 2911; x_wconf 80' lang='lat' dir='ltr'>ii.</span> <span class='ocrx_word' id='word_1_728' title='bbox 1584 2882 1637 2912; x_wconf 78' lang='lat'>30.</span> <span class='ocrx_word' id='word_1_729' title='bbox 1660 2877 1751 2918; x_wconf 56' lang='lat' dir='ltr'><em>bello</em></span> 
     </span>
    </p>
   </div>
  </div>
 </body>
</html>
