1920 3196
674 145 819 173 INDEX
853 143 985 171 LATIN
995 142 1148 172 [TATIS.

126 233 170 264 iii.
197 236 247 263 10.
278 234 441 264 volutatus
465 235 497 264 in
523 234 690 266 veteribus
717 233 863 273 scriptis.

124 277 163 306 ml
187 280 226 317 Q.
246 277 285 307 Fr
313 278 344 307 ii.
365 281 413 307 13.
437 279 478 307 ad
503 277 742 308 Callisthenem
767 284 801 306 ct
823 276 865 306 ad

126 321 298 350 Philistum
315 321 424 358 redeo,
439 321 472 350 in
488 323 607 361 quibus
620 329 654 352 tc
668 321 761 351 video
775 322 863 351 volu-

122 370 242 395 tatum.
396 364 400 368 ⁴

168 408 341 438 Pblntatz'o.
382 408 446 438 Pis.
470 411 523 439 34.
562 409 688 439 scelera
710 414 770 438 tua
793 417 860 437 non

121 452 270 492 vestigiis
296 451 473 481 odorantes
496 453 664 492 ingressus
691 457 781 488 tuos,
804 451 862 481 sed

120 496 200 525 totis
228 496 475 526 volzzssatiom'bus
505 498 650 536 corporis
680 501 715 526 et
747 495 863 525 cubili-

122 539 181 569 bus
199 539 364 578 persecuti
382 548 508 569 sumus.

168 583 311 613 Vomere.
339 582 450 613 Deiot.
466 587 497 617 7.
523 587 557 612 te
572 593 696 613 ramere
712 587 785 623 post
800 592 864 612 coe-

122 636 198 656 nam
217 626 311 656 velle.
335 636 365 656 v.
383 626 455 657 Ind.
473 626 579 657 Graec.
597 628 628 656 in
647 626 775 665 ἔμετικῆ.

166 670 300 700 l'krare.
339 670 409 700 Att.
439 671 480 700 ἰν.
512 673 560 700 11.
601 679 659 700 nos
691 670 744 700 hic
770 680 863 700 vora-

121 724 194 743 mvs
211 713 322 743 literas
339 724 414 744 cuin
432 714 604 754 Dionysio.
628 714 669 743 cf.
687 714 839 744 helluari.

166 757 293 788 Vbtum.
331 757 372 787 ad
396 759 472 788 Div.
495 759 539 788 vi.
563 762 594 792 Τ.
623 759 768 788 victoriae
792 767 861 787 suae

119 806 191 831 vota
208 801 369 831 facere-nt.
399 802 500 832 Tusc.
517 812 546 831 ν.
560 805 593 831 ’1.
619 802 645 831 si
664 801 864 831 virtus—fa-

120 845 214 875 mula
243 845 387 875 fortuna·
418 851 482 883 est,
517 855 576 876 nec
611 851 785 875 tantarum
815 845 863 874 vi-

120 889 221 925 rium,
248 894 287 919 ut
317 899 351 919 se
381 889 452 928 ipsa
481 894 638 927 tueatur;
669 899 795 926 vereor,
821 897 862 918 ne

121 942 188 962 nnn
212 936 282 962 tam
307 933 440 963 virtutis
464 933 587 963 fiducia
604 933 779 963 nitendum
805 942 864 962 no-

119 976 168 1006 bis
193 976 233 1006 ad
257 986 350 1016 spem
373 976 470 1007 beate
494 976 637 1014 vivendi,
662 986 760 1015 quam
790 981 862 1006 vota

118 1019 283 1050 facienda.

166 1063 307 1093 Votivzcs.
337 1063 408 1094 Att.
432 1064 473 1094 iv.
499 1065 529 1094 2.
555 1073 604 1093 xv.
623 1066 653 1094 8.
676 1066 723 1093 ll.
755 1063 864 1093 votiva

121 1106 262 1146 legatio:
288 1117 361 1146 quae
377 1108 445 1137 voti
462 1108 606 1148 suscepti
626 1112 660 1137 et
675 1107 864 1147 persolven-

120 1151 153 1180 di
171 1160 271 1181 causa
287 1151 434 1191 petitur3
460 1161 564 1191 genus
588 1151 700 1181 liberae
724 1150 864 1190 legatio-

121 1195 183 1224 nis.
214 1205 243 1223 v.
265 1194 397 1233 legatio.
429 1195 504 1226 Act.
528 1196 549 1226 i.
573 1195 667 1225 Verr.
688 1199 736 1225 10.
767 1196 863 1224 votivi

121 1237 209 1268 ludi:
235 1239 292 1278 qui
312 1239 400 1268 flunt
424 1249 464 1269 ex
488 1244 578 1276 voto,
596 1239 636 1269 ab
659 1239 860 1279 imperatore

120 1281 232 1320 aliquo
248 1288 414 1322 suscepto.

166 1325 245 1357 Vos.
268 1325 351 1365 Leg.
364 1327 397 1356 ii.
410 1330 441 1361 7.
465 1325 555 1365 leges
570 1325 684 1366 leg-um
699 1336 772 1357 voce
789 1335 862 1365 pro-

119 1379 256 1410 ponam.
305 1370 445 1400 Ursinus
475 1370 732 1410 interpretatur,
756 1370 863 1400 verbis

117 1413 311 1444 solennibus
339 1418 372 1444 ct
405 1414 544 1454 propriis
572 1413 714 1453 legibus,
740 1417 777 1443 ut
802 1423 862 1443 vost:

119 1457 163 1487 sit
186 1467 245 1497 pro
268 1458 380 1494 verbo,
397 1458 555 1496 additque
579 1458 645 1488 duo
668 1456 821 1498 exempla
843 1467 861 1487 e

120 1501 299 1531 Cicerone:
332 1501 389 1532 sed
413 1505 571 1531 neutrum
594 1501 661 1532 huc
684 1502 779 1538 facit,
800 1511 861 1531 nec

118 1544 173 1574 hic
190 1545 282 1575 locus
298 1545 461 1584 ejusmodi
475 1550 539 1582 est,
556 1549 594 1576 ut
616 1546 703 1576 vocis
719 1545 862 1575 vocabu-

120 1588 190 1619 lum
212 1598 279 1619 non
304 1589 434 1629 proprie
458 1589 616 1629 explicari
642 1590 755 1629 possit.
802 1588 862 1619 Est

119 1633 210 1662 enirn
238 1634 477 1673 prosopopoeia,
505 1638 543 1663 ut
573 1634 606 1663 in
636 1633 712 1663 illo:
744 1632 860 1672 patriae

118 1685 189 1706 vore.
217 1676 316 1707 Catil.
333 1678 355 1706 i.
376 1680 426 1714 ll,
450 1679 498 1708 1⁶2.
525 1681 559 1707 et
575 1677 665 1707 alibi.
684 1687 792 1716 neque
811 1679 861 1706 ta-

118 1729 195 1750 men
213 1730 279 1759 qua
295 1730 429 1751 sensum
443 1720 527 1751 falsa
542 1728 591 1751 est
608 1720 853 1760 interpretatio.

169 1764 360 1802 Urbanum,
383 1766 488 1795 virtus
519 1765 647 1804 ingenii
677 1764 863 1803 animique,

119 1817 185 1846 qua
203 1807 375 1847 eleganter
389 1818 579 1848 possumus,
596 1813 634 1838 ut
651 1808 803 1838 homines
827 1808 861 1838 in

118 1852 200 1881 urbe
216 1851 396 1882 liberaliter
417 1852 563 1889 educati,
581 1852 621 1882 de
639 1852 794 1882 omnibus
811 1862 863 1882 re-

118 1895 180 1925 bus
204 1895 370 1934 judicare,
395 1906 503 1935 neque
533 1896 659 1935 aliquid
690 1896 796 1936 inepti
828 1900 863 1926 et

119 1939 251 1969 absurdi
276 1939 417 1970 dicimus
441 1946 475 1971 et
498 1940 654 1977 facimus,
670 1939 725 1969 sed
752 1940 861 1979 potius

119 1990 259 2013 venuste
275 1989 309 2013 et
325 1994 401 2013 cum
419 1984 528 2023 specie
545 1983 688 2022 quadam
714 1983 842 2013 liberali
856 1996 862 2013 :

117 2033 235 2065 estque
260 2026 323 2057 hoc
339 2037 444 2067 genus
462 2027 661 2058 urbanitatis
677 2037 736 2067 per
750 2032 859 2057 totam

118 2070 221 2100 vitam
248 2072 433 2101 orationem
459 2081 633 2110 moresque
660 2070 785 2101 fusum.
819 2071 861 2101 ad

116 2114 195 2144 Div.
222 2114 268 2144 iii.
297 2118 328 2148 7.
368 2115 514 2144 etiamne
543 2118 584 2144 tu
614 2114 673 2145 has
702 2114 859 2154 ineptias,

118 2156 218 2187 homo
240 2168 374 2188 summa
396 2158 707 2198 prudentia—addo
726 2159 862 2189 urbani-

119 2205 199 2237 tate,
225 2211 299 2240 quae
326 2206 376 2232 est
408 2202 524 2239 virtus,
549 2206 589 2232 ut
617 2202 719 2232 Stoici
746 2203 862 2232 rectis·

117 2244 200 2275 sime
224 2249 359 2285 putant.
403 2246 535 2286 Nempe
560 2246 664 2276 Stoici
687 2247 781 2279 anso·
802 2256 862 2286 op-

120 2293 251 2328 ponunt
270 2289 397 2328 ἀμαθεῖ,
414 2294 453 2320 ut
477 2289 518 2320 ad
540 2289 574 2320 h.
591 2289 612 2319 l.
628 2300 667 2320 ex
692 2290 860 2321 Plutarch.

118 2332 158 2362 de
189 2332 320 2372 legend.
351 2333 461 2364 Poetis
499 2333 647 2364 ostendit
679 2333 860 2364 victorius.

117 2376 195 2406 ibid.
219 2377 274 2407 vii.
298 2380 351 2408 31.
380 2377 469 2407 vides
492 2378 581 2408 enim
599 2378 766 2408 exaruisse
784 2378 857 2416 jam

118 2424 265 2450 veterem
282 2422 517 2459 urbanitatem,
531 2425 568 2452 ut
587 2421 788 2461 Pomponius
801 2431 861 2451 no-

116 2467 186 2493 ster·
196 2465 340 2503 suojure
351 2466 456 2505 possit
468 2465 578 2495 dicere
591 2477 596 2494 :
611 2465 674 2495 nisi
688 2474 746 2495 nos
761 2466 858 2505 pauci

119 2507 326 2538 retineamus
348 2508 488 2548 gloriam
506 2510 680 2548 antiquam
697 2508 858 2539 Atticam.

117 2550 182 2581 vid.
208 2550 340 2582 Vavass.
364 2552 481 2583 ludier.
505 2553 585 2583 dict.
609 2553 642 2582 S.
664 2552 710 2582 iii.
727 2562 755 2581 c.
771 2556 802 2586 7.
827 2562 860 2592 p.

119 2597 193 2625 333.
219 2594 299 2625 edit.
315 2596 405 2636 Lips.
422 2596 510 2627 conf.
532 2597 692 2626 urbanus.
724 2596 862 2626 *facul-

119 2640 168 2668 tas
201 2639 434 2677 jaciendorum
465 2640 645 2677 dictorum,
677 2639 862 2679 apophthe-

119 2688 287 2720 gmatum‚
314 2682 418 2723 lepos,
442 2689 482 2714 ut
504 2683 680 2714 Sallustius
708 2683 742 2713 in
766 2683 860 2713 Sem-

119 2726 236 2765 pronia
256 2726 414 2767 appellat.
446 2727 488 2758 ad
504 2727 633 2758 Divers.
649 2727 704 2756 vii.
720 2729 773 2758 3⁶2.
804 2737 864 2757 αν-

119 2769 274 2800 bonitatis
296 2771 551 2810 possessionem,
575 2770 707 2808 amabo,
727 2770 864 2809 quibus-

117 2812 164 2842 vis
189 2813 374 2845 interdictis
406 2814 635 2845 defendamus.
665 2814 762 2844 Rosc.
786 2814 861 2844 Am.

117 2858 172 2885 41.
213 2858 384 2889 urbanitas
419 2868 609 2889 servorum:
656 2867 861 2897 quamquam

119 2898 190 2929 liaec
219 2901 321 2931 etiam
348 2902 389 2933 ad
415 2903 563 2942 primum
590 2911 695 2940 genus
721 2900 863 2931 fortasse

118 2942 232 2974 referri
257 2948 377 2986 potest.
410 2946 513 2987 *ipsa
538 2945 688 2977 dicteria.
725 2944 807 2976 Coel.
831 2948 864 2977 3.

1578 133 1662 171 485

912 231 1117 262 contumelia
1136 231 1161 261 si
1185 231 1324 262 facetius
1341 232 1506 272 jactatur,
1522 232 1660 263 urbani·

911 280 963 306 tus
983 276 1190 306 nominatur.
1215 275 1285 306 Fin.
1312 276 1345 306 ii.
1370 278 1422 306 31.
1447 277 1480 307 in
1498 281 1658 315 quantam

913 318 1089 350 hominum
1104 320 1288 349 facetorum
1307 321 1529 350 urbanitatem
1546 320 1662 350 incur·

913 363 1005 393 ratis.
1035 363 1093 393 Or.
1111 364 1131 393 i.
1150 366 1180 394 5.
1211 363 1364 393 celeritas
1387 368 1422 393 et
1439 363 1582 393 brevitas
1609 373 1661 394 re-

913 406 1096 446 spondendi
1107 411 1141 437 et
1149 406 1345 444 lacessendi,
1356 407 1467 437 subtili
1480 411 1660 437 venustate

912 457 1013 489 atque
1036 451 1226 480 urbanitate
1250 451 1440 488 conjuncta.
1470 453 1658 481 *venustas

912 494 1064 533 quaedam
1090 495 1123 523 in
1147 503 1227 524 sono
1250 495 1351 532 vocis,
1369 501 1403 524 et
1426 494 1543 524 Romae
1568 495 1656 524 natis

912 543 947 567 et
963 537 1112 567 educatis
1130 537 1272 577 propria.
1296 538 1392 568 Brut.
1405 539 1458 568 46.
1482 538 1657 568 urbanita-

910 582 954 611 tis
977 581 1084 611 color:
1110 582 1166 621 qui
1191 581 1271 620 quid
1293 581 1337 611 sit
1360 582 1396 611 in
1420 591 1512 619 voce,
1531 581 1576 611 ibi
1600 591 1658 612 ex-

910 625 1066 664 plicatur.

960 668 1126 705 Urbanus,
1157 668 1291 708 elegans
1323 669 1357 698 in
1389 669 1481 698 omni
1512 667 1657 707 judicio,

910 712 1012 749 dicto,
1043 712 1154 749 facto;
1197 713 1445 752 opponiturque
1483 712 1656 752 imperito,

907 756 1031 786 absono
1049 757 1108 786 &ta
1137 755 1179 786 ad
1194 756 1270 787 Div.
1286 756 1334 786 iii.
1352 759 1383 787 8.
1411 760 1446 786 te
1465 755 1654 795 bominem,

910 809 977 830 non
992 799 1101 830 solum
1122 800 1324 840 sapientem,
1340 810 1456 830 verum
1480 801 1597 838 etiam,
1613 807 1655 831 ut

910 853 1001 873 nunc
1017 843 1199 883 loquimur,
1216 845 1391 874 urbanum.
1421 854 1450 874 v.
1468 844 1654 875 urbanitas.

910 896 943 917 n.
965 890 992 917 l.
1019 887 1193 924 Ceterum,
1208 888 1297 927 quod
1312 898 1351 918 ex
1369 887 1400 918 h.
1417 887 1439 918 l.
1456 893 1532 928 post
1546 887 1655 926 Quin-

908 931 959 960 til.
981 931 1064 961 Inst.
1088 931 1144 961 Or.
1168 932 1235 962 viii.
1249 935 1280 963 3.
1303 931 1482 971 colligunt,
1505 932 1655 962 urbanus

909 974 1010 1004 fuisse
1033 982 1107 1005 tuni
1133 985 1256 1005 novum
1282 975 1493 1013 vocabulum,
1512 974 1546 1005 id
1568 975 1654 1006 mihi

910 1027 976 1048 non
1001 1018 1120 1058 placet.
1166 1018 1254 1049 Nam
1278 1020 1325 1049 sie
1348 1019 1458 1050 multo
1480 1019 1587 1058 magis
1604 1022 1656 1050 et-

910 1062 975 1092 iam
1004 1062 1175 1093 urbanitas
1202 1072 1325 1094 novum
1358 1064 1495 1093 verbum
1523 1062 1663 1094 fuisset.-

910 1106 974 1136 Sed
993 1116 1108 1137 sensus
1125 1107 1192 1144 hic,
1209 1117 1226 1136 e
1251 1106 1460 1147 philosophia
1475 1107 1588 1137 Stoica
1603 1116 1657 1137 re-

910 1151 1049 1190 petitus,
1066 1155 1139 1181 erat
1156 1160 1272 1181 τιον-υς.
1318 1151 1465 1181 Verbum
1487 1151 1578 1181 enim
1595 1160 1656 1181 ur-

910 1195 1012 1224 banus
1039 1199 1089 1224 est
1114 1195 1187 1233 jam
1220 1205 1272 1235 ap.
1305 1194 1463 1225 Plautum
1489 1194 1530 1225 de
1561 1204 1656 1225 scur-

911 1238 954 1268 ris
980 1237 1134 1268 Trinum.
1166 1238 1187 1268 i.
1222 1241 1269 1269 11.
1301 1244 1335 1268 et
1362 1237 1451 1268 alibi.
1496 1238 1551 1269 Ita
1575 1248 1654 1269 vero

909 1282 1011 1312 etiam
1030 1281 1092 1312 hoc
1109 1282 1245 1313 verbum
1269 1283 1363 1323 capio
1380 1282 1474 1313 Verr.
1493 1282 1514 1312 i.
1531 1283 1562 1313 6.
1593 1282 1654 1312 ho-

911 1326 1018 1355 mines
1035 1325 1118 1356 lauti
1135 1330 1170 1356 et
1183 1327 1314 1356 urbani.
1352 1325 1406 1357 Ita
1420 1326 1511 1357 enim
1527 1326 1654 1356 ironice

909 1375 1005 1399 vocat
1036 1369 1189 1400 homines
1216 1370 1310 1400 Verri
1345 1370 1483 1407 amieos,
1511 1370 1566 1409 qui
1597 1379 1654 1400 ru-

912 1423 1018 1443 mores
1041 1413 1242 1454 dissiparant
1265 1413 1513 1454 improbabileS‚
1532 1413 1653 1453 quibus

910 1466 1009 1487 nemo
1026 1456 1127 1487 fidem
1144 1461 1279 1498 poterat
1297 1457 1430 1489 habere.
1459 1457 1479 1476 *
1491 1457 1565 1488 urbi
1587 1458 1656 1488 Ro·

910 1510 973 1531 moe
990 1501 1155 1541 proprius,
1174 1502 1355 1533 Romanus.
1380 1502 1475 1533 Brut.
1492 1502 1546 1532 46.
1572 1501 1659 1541 quid‘

908 1549 947 1575 tu
974 1545 1093 1575 tribuis
1118 1546 1190 1576 istis
1216 1546 1363 1576 externis
1393 1545 1486 1585 quasi
1512 1545 1654 1576 oratori-

909 1589 992 1619 bus?
1019 1588 1099 1628 quid
1115 1599 1243 1626 censes,
1261 1589 1323 1619 nisi
1341 1589 1429 1620 idem
1447 1589 1537 1628 quod
1552 1589 1654 1620 urba-

908 1633 971 1670 nis,
989 1635 1112 1672 praeter
1125 1642 1246 1671 unum,
1263 1633 1352 1672 quod
1376 1642 1443 1663 non
1459 1637 1511 1662 est
1534 1641 1651 1664 eorum

909 1676 1052 1715 quadam
1075 1677 1264 1708 urbanitate
1286 1677 1380 1716 quasi
1409 1676 1558 1707 colorata
1580 1687 1654 1707 ora-

908 1721 1036 1750 tio—in
1051 1721 1186 1751 vocibus
1207 1724 1397 1752 nostrorum
1414 1724 1584 1751 oratorum
1602 1730 1654 1751 rs:-

910 1764 994 1794 cinit
1007 1764 1165 1803 quiddam
1177 1768 1212 1794 et
1224 1770 1358 1796 resonat
1366 1765 1538 1795 urbanius.
1551 1764 1654 1805 *per-

908 1812 1012 1848 petuo
1036 1808 1151 1839 Rornae
1174 1809 1300 1846 vivens,
1315 1812 1351 1840 et
1374 1808 1508 1848 quidem
1533 1811 1593 1839 aut
1615 1818 1652 1838 o-

909 1852 1007 1889 tiose,
1023 1856 1083 1882 aut
1098 1862 1214 1882 causas
1230 1853 1265 1882 in
1282 1852 1353 1882 foro
1370 1861 1503 1893 gerens,
1518 1858 1577 1882 aut
1600 1861 1653 1882 se-

910 1896 1040 1925 natorio
1069 1906 1208 1926 munere
1239 1896 1398 1936 fungens.
1436 1896 1502 1927 Pis.
1531 1896 1585 1927 26.
1615 1896 1651 1926 in

909 1938 971 1969 hac
994 1940 1202 1978 quotidiana,
1219 1940 1365 1978 assidua,
1388 1941 1582 1980 urbanaque
1605 1940 1654 1970 vi-

907 1986 952 2013 ta.
984 1983 1055 2014 Att.
1070 1984 1092 2014 i.
1110 1987 1137 2014 1.
1169 1987 1282 2014 cetera
1302 1993 1400 2025 spero
1421 1983 1551 2024 prolixa
1565 1982 1651 2022 fore,

908 2026 958 2057 his
990 2027 1157 2058 duntaxat
1183 2028 1321 2058 urbanis
1350 2027 1648 2068 competitoribus:

908 2070 1000 2101 illam
1026 2081 1164 2101 manum
1181 2075 1219 2101 tu
1243 2071 1326 2102 mihi
1343 2081 1425 2102 cura
1438 2074 1476 2101 ut
1499 2074 1650 2112 praestes,

908 2115 1058 2155 Pompeii
1090 2116 1194 2145 nostri
1226 2115 1336 2146 amici.
1381 2115 1569 2146 Gronovius
1599 2115 1651 2145 in-

905 2162 1113 2198 terpretatur
1135 2159 1174 2189 de
1196 2159 1348 2197 assiduis,
1365 2160 1421 2199 qui
1440 2158 1575 2189 urbanis
1599 2168 1656 2189 ar-

905 2202 1009 2239 tibus,
1027 2208 1064 2232 nt
1084 2203 1214 2240 Cicem,
1230 2202 1410 2243 Sulpicius,
1427 2201 1652 2241 excellebant,

907 2255 974 2277 non
999 2246 1208 2277 militaribus.
1240 2247 1305 2277 vid.
1331 2247 1370 2277 de
1394 2247 1530 2277 Sestert.
1553 2246 1596 2277 iv.
1616 2251 1650 2281 9.

907 2300 926 2321 a
950 2300 1016 2330 qua
1038 2291 1317 2330 interpretatione
1341 2300 1409 2320 non
1426 2291 1507 2320 adeo
1522 2289 1652 2322 recedit

904 2334 1012 2364 altera
1034 2334 1236 2372 casauboni,
1262 2334 1410 2371 Cori-adi,
1428 2335 1485 2373 qui
1508 2334 1651 2365 urbanos

906 2378 1143 2418 competitores
1167 2381 1290 2418 putant
1311 2379 1435 2418 opponi
1460 2378 1499 2408 iis
1523 2378 1649 2408 Praeto-

906 2422 964 2452 riis
986 2422 1078 2459 viris,
1093 2422 1148 2461 qui
1173 2422 1207 2451 in
1231 2422 1422 2462 provinciis,-
1446 2421 1578 2452 militiae
1600 2432 1647 2452 sc.

905 2475 1018 2503 causa,
1045 2473 1170 2502 essent,
1197 2470 1232 2495 et
1258 2471 1337 2495 ante
1366 2467 1497 2496 trinum
1528 2465 1651 2496 nundi-

905 2518 988 2539 num
1005 2509 1110 2540 redire
1127 2509 1168 2539 ad
1184 2509 1366 2549 petendum
1391 2513 1540 2549 possent.
1585 2509 1651 2540 Sed

904 2552 1073 2583 Victorius
1096 2553 1174 2583 var.
1199 2553 1294 2583 Lect.
1314 2553 1355 2583 iv.
1374 2555 1423 2583 12.
1454 2557 1555 2593 putat
1577 2563 1650 2583 esse

905 2595 1007 2634 leves,
1036 2596 1216 2635 joculares.
1263 2597 1308 2628 Et
1343 2597 1494 2637 profecto
1531 2606 1649 2628 omnes

907 2641 1158 2680 competitores,
1186 2650 1268 2680 quos
1294 2641 1584 2677 commemoravit,
1607 2640 1650 2671 ab

908 2693 979 2725 ipso
1001 2684 1085 2714 tales
1109 2694 1179 2714 esse
1204 2684 1377 2722 dicuntur,
1400 2688 1439 2714 ut
1461 2685 1649 2722 rideantur,

907 2731 969 2757 aut
994 2728 1063 2758 risu
1089 2727 1181 2768 digni
1205 2728 1286 2764 sint,
1311 2732 1370 2758 aut
1392 2727 1475 2758 tales
1498 2728 1650 2758 fuerunt.

907 2771 974 2801 Sed
1018 2771 1232 2802 Gronoviana
1272 2772 1506 2812 interpretatio
1544 2772 1652 2811 magis

908 2814 991 2844 mihi
1024 2814 1146 2854 placet.
1191 2815 1366 2853 *facetus‚
1397 2815 1506 2852 dicax,
1537 2815 1653 2854 quales

910 2867 1030 2898 nempe
1048 2859 1119 2888 fieri
1140 2858 1250 2889 solent
1273 2859 1378 2889 otiose
1402 2859 1518 2890 Romae
1540 2860 1655 2889 viven-

909 2905 973 2938 tes,
1000 2901 1150 2941 nihilque
1178 2900 1329 2942 agentes,
1353 2903 1415 2932 nisi
1441 2908 1481 2932 ut
1507 2903 1541 2932 in
1567 2902 1654 2938 foro,

910 2945 972 2976 sub
987 2945 1132 2977 basilicis
1155 2949 1259 2985 stent,
1276 2946 1419 2978 circulos
1441 2946 1569 2977 faciant
1590 2947 1650 2977 &c-

989 2996 999 3019 ι
1017 2988 1027 3019 i
1051 2992 1071 3020 3
