1920 3196
610 108 755 137 INDEX
787 109 1085 138 LATlNrrA'rIS.

100 199 164 229 nisi
186 208 227 229 ea
248 199 367 236 virtus,
384 207 458 237 quae
482 202 616 228 constat
639 206 679 227 ex
704 195 849 227 homini-

100 242 161 273 bus
177 242 323 279 tuendis,
339 242 372 272 id
396 247 460 279 est,
476 252 515 271 ex
540 242 699 272 societate
717 241 847 279 generis

101 285 254 323 humani,
286 287 433 324 attingat
463 286 690 324 cognitionem
722 293 847 321 rerum,

98 331 243 369 solivaga
259 330 406 367 cognitio
423 332 457 358 et
466 330 585 367 jejuna
600 328 760 358 videatur.

146 373 284 408 Solium,
297 379 347 403 est
363 371 444 402 sella
460 379 632 408 excavata,
645 376 679 401 et
695 376 848 411 propter-

99 427 140 446 ea
177 417 395 452 commodior,
435 426 501 455 qua
548 421 658 456 patres
705 414 847 444 familias

100 470 216 490 01111165
241 462 434 497 utebantur,
459 464 493 489 et
519 459 653 489 fcuxinae
678 458 712 488 111
735 458 847 488 convi-

101 504 170 533 viis.
227 503 382 544 Inprimis
421 509 535 533 autem
574 502 651 532 acti
681 502 846 538 solebant,

99 557 175 577 cum
194 547 283 577 domi
301 547 341 577 de
359 547 436 585 jure
463 546 722 586 respondebant,
739 547 773 575 in
797 556 849 575 50-

102 590 145 621 110
169 591 295 621 sedere.
328 591 408 629 Leg.
434 591 455 620 i.
475 594 505 621 3.
538 600 629 619 111016
653 590 773 629 patrio,
798 599 848 618 se-

100 635 180 665 dens
213 636 243 664 111
276 636 349 665 solio
380 634 632 664 consulentibus
670 633 847 672 responde-

100 689 182 709 rem.
213 678 269 709 Or.
284 679 317 708 ii.
336 681 386 709 55.
415 688 454 707 ne
472 678 505 707 in
523 678 605 707 rutis
624 678 715 707 caesis
731 679 846 707 solium

99 729 279 762 paternum
311 723 487 762 recepisse,
515 731 635 761 nempe
664 720 759 750 Bruti
791 730 848 760 pa-

99 767 160 797 tris
190 766 280 797 «JCti.
321 766 377 796 Or.
408 767 442 795 ii.
472 769 524 796 33.
566 776 585 794 a
615 764 780 794 subselliis
812 765 846 793 in

98 811 204 840 otium
237 811 413 849 soliumque
445 819 480 838 se
515 808 714 839 contulerit:
755 808 786 837 h.
818 818 847 838 e.

98 854 233 884 desierit
252 863 366 883 causas
392 854 425 883 in
449 853 520 883 foro
543 862 654 891 agere,
673 856 706 881 et
729 856 847 881 contra

99 897 240 935 dejure
271 898 490 936 responderit.
536 897 639 926 *Diis
677 896 779 925 etiam
813 896 847 924 in

99 941 234 981 templis
251 941 341 971 sellae
360 941 476 980 positae
500 945 594 977 sunt,
613 949 687 979 quae
703 940 783 969 solia
799 938 847 968 di-

101 986 274 1015 cebamur.
307 984 388 1014 Har.
415 984 454 1014 R.
479 986 532 1017 27.
566 985 715 1014 Deorum
741 984 848 1021 ignes,

96 1030 188 1066 solia,
205 1038 337 1058 mensas
354 1030 413 1057 016.
429 1037 458 1056 v.
477 1028 583 1057 GraeV.
600 1027 641 1056 ad
657 1027 688 1057 11.
706 1027 727 1056 l.
752 1028 771 1044 ’ᾗ
783 1026 845 1056 Ρ15.

99 1075 151 1106 ⁸27.
183 1073 308 1102 bibitur
332 1081 435 1110 usquc
460 1081 511 1107 eo,
529 1071 608 1100 dum
635 1071 674 1099 de
697 1071 770 1100 solio
785 1071 847 1100 mi-

99 1117 270 1146 nistretur.
318 1116 467 1145 Graevius
497 1116 613 1144 solium
644 1114 677 1144 h.
701 1114 721 1144 l.
748 1119 847 1153 putat

97 1170 167 1190 esse
207 1160 347 1197 lectum,
379 1159 431 1189 vel
468 1158 600 1195 sellam,
631 1159 688 1188 ubi
726 1157 844 1197 hospes

98 1204 172 1233 Piso
199 1203 321 1233 sederit
352 1202 454 1239 solus,
481 1209 519 1231 ut
551 1203 594 1232 sit
624 1201 677 1232 hic
708 1211 843 1231 sensus:

97 1247 234 1284 bibitur,
261 1246 422 1286 quamdiu
448 1246 566 1285 hospes
599 1246 746 1276 convivis
770 1255 845 1284 pro-

98 1292 206 1331 pinat.
253 1291 318 1320 Sed
347 1300 455 1328 neque
489 1289 684 1319 commodus
717 1293 767 1319 est
792 1289 846 1318 hic

98 1345 228 1371 sensus,
260 1344 369 1373 neque
408 1335 507 1363 verba
545 1343 623 1363 eum
661 1334 848 1372 patiuntur.

98 1379 186 1410 Nam
203 1379 324 1418 primo,
343 1377 397 1408 hic
420 1386 537 1407 sensus
561 1377 587 1406 si
604 1382 704 1414 essct,
722 1377 846 1406 intem-

98 1423 252 1462 perantia
289 1423 322 1451 in
360 1420 503 1451 bibendo
543 1430 611 1451 nou
649 1426 844 1460 appareret:

96 1466 216 1497 deinde
234 1475 338 1505 usque
361 1475 400 1495 eo
424 1464 504 1494 dum
528 1474 604 1494 cum
631 1465 845 1501 conjunctivo

97 1520 163 1540 non
181 1514 292 1550 potest
315 1509 504 1548 significare
529 1508 701 1547 quamdiu.
749 1508 781 1538 Si
798 1518 844 1538 so-

95 1555 178 1584 lium
194 1559 245 1583 est
262 1564 281 1583 a
301 1553 471 1583 Ciceronis
495 1561 612 1590 manu,
628 1559 746 1592 putem
772 1562 842 1582 esse

95 1598 234 1628 dolium.
281 1596 369 1627 Nam
389 1597 505 1627 solium
529 1596 632 1626 etiam
657 1596 692 1626 in
716 1596 842 1626 balneis

95 1647 148 1672 cst
162 1651 218 1671 vas
235 1641 423 1680 aquarium,
440 1639 527 1679 quod
550 1644 584 1670 et
608 1639 738 1670 labrum
764 1639 844 1669 dici-

95 1690 163 1716 tur.
209 1684 274 1715 Sed
291 1683 372 1714 mihi
392 1683 504 1724 placet
525 1684 707 1723 Augustini
730 1693 846 1713 emen-

95 1728 200 1765 datio,
230 1729 287 1768 qui
316 1727 462 1767 legebat,
495 1727 535 1757 de
566 1726 666 1757 dolio.
710 1727 845 1758 Bibitur

94 1773 239 1810 tamdiu,
265 1772 371 1802 donec
399 1772 515 1801 vinum
544 1771 699 1801 defusum
726 1778 762 1801 et
788 1781 842 1800 ve-

95 1822 226 1847 tustum
253 1825 320 1846 11011
345 1820 506 1855 suppetat
529 1815 687 1854 amplius,
711 1814 769 1844 sed
793 1819 842 1844 et-

96 1861 162 1890 iam
194 1860 310 1890 vinum
342 1868 471 1896 recens,
503 1859 640 1896 doliare,
672 1859 842 1888 ministre-

94 1911 162 1934 tur.
208 1903 335 1935 Solium
365 1908 401 1932 et
431 1902 558 1933 dolium
585 1902 842 1932 confunduntur

94 1949 130 1978 in
158 1947 249 1978 libris
274 1947 418 1987 scriptis.
458 1946 524 1976 vid.
555 1946 678 1976 Pamel.
705 1947 746 1977 ad
778 1947 841 1986 cy-

94 1992 203 2032 priani
227 2001 279 2031 ep.
295 1992 347 2025 76.
371 2000 404 2020 n.
423 1992 476 2021 42.
504 1989 669 2020 Harduin.
687 1990 729 2020 ad
753 1989 839 2020 Plin.

95 2045 192 2065 xxxv.
216 2037 265 2065 12.
297 2035 349 2065 De
376 2033 464 2064 dolio
488 2034 598 2063 bibere
622 2038 735 2063 autem
760 2034 843 2063 dici-

96 2082 153 2109 tur
168 2079 203 2108 in
220 2083 445 2108 contemtum.
471 2087 501 2107 v.
520 2077 659 2108 dolium.

140 2121 351 2153 Soloem'smus.
391 2121 431 2151 ad
458 2121 583 2150 Heren.
610 2122 652 2151 iv.
685 2122 732 2152 12.
763 2121 843 2160 quid

96 2167 163 2197 sit?

141 2209 337 2246 solstitium,
368 2208 480 2239 media
509 2214 620 2245 aestas,
646 2207 843 2247 longissima

94 2253 178 2283 dies.
215 2252 296 2283 Nat.
327 2252 370 2282 D.
395 2253 429 2282 ii.
453 2256 484 2286 7.
523 2252 756 2292 posset—solis
789 2262 843 2282 ac—

96 2306 206 2328 cessus
231 2296 460 2335 discessusque
485 2297 627 2326 solstitz'z‘s
650 2295 844 2335 brumisque

94 2340 263 2380 cognosci.
281 2340 322 2370 cf.
337 2343 386 2374 19.
403 2341 456 2370 Sic
466 2341 773 2380 sempersolstitium
785 2350 846 2369 au-

92 2385 254 2424 tiquiores
271 2384 442 2422 dixerunt,
457 2390 495 2414 ut
518 2387 605 2414 essct
622 2393 728 2413 unum
743 2384 847 2414 solsti-

93 2430 192 2466 tium,
211 2432 248 2458 nt
272 2428 354 2457 bene
379 2432 493 2458 mouet
510 2427 677 2458 Victorius
694 2428 735 2458 ad
751 2427 845 2458 Varr.

96 2472 135 2502 R.
158 2472 198 2502 R.
225 2473 246 2502 i.
270 2473 323 2502 46.
356 2471 454 2511 Apud
478 2471 625 2501 Plinium
653 2475 768 2501 autem
793 2477 846 2501 est

94 2517 266 2546 solstitium
295 2517 442 2546 oestimcm
470 2516 504 2545 ii.
534 2518 603 2546 103.
635 2520 670 2545 et
693 2525 746 2555 ap.
771 2515 845 2544 Ma-

94 2560 184 2592 crob.
222 2559 291 2590 Sat.
316 2559 337 2589 i.
358 2562 410 2590 21.
449 2559 541 2589 Idem
567 2564 684 2589 tamen
715 2558 843 2589 Plinius

95 2603 176 2633 alias
200 2603 308 2633 utitur
332 2613 423 2633 more
448 2603 681 2639 Ciceroniano,
707 2607 745 2632 ut
770 2602 791 2632 1.
815 2612 844 2632 c.

94 2647 152 2676 ubi
175 2648 311 2677 solstitia
339 2647 480 2687 opponit
506 2647 652 2676 brumae:
686 2651 721 2676 et
744 2646 786 2677 iv.
811 2649 842 2677 5.

95 2695 147 2721 est
162 2691 272 2720 oriens
289 2690 449 2721 brumalis
466 2695 499 2720 et
516 2689 712 2721 solstitialis.

140 2734 268 2772 Solum,
286 2743 376 2771 area,
393 2735 427 2764 in
442 2744 509 2773 qua
524 2734 722 2764 aedificatur.
746 2733 842 2764 Brut.

93 2781 145 2812 74.
176 2780 279 2808 solum
295 2783 330 2808 ct
345 2779 437 2817 (111351
455 2777 716 2808 fundamentum
732 2782 843 2808 orato·

94 2822 137 2852 ris
154 2822 244 2852 vides
268 2821 474 2852 locutionem
498 2821 713 2851 emendatam
737 2826 772 2851 et
795 2821 842 2851 la-

93 2865 214 2896 tinam.
250 2865 293 2895 cf.
317 2865 374 2896 Or.
398 2866 445 2896 iii.
473 2868 526 2899 37.
564 2865 840 2905 *pavimenturm

94 2908 210 2940 Parad.
217 2910 260 2940 vi.
274 2912 304 2940 3.
329 2914 446 2940 aurata
461 2913 553 2940 tecta
569 2915 605 2939 et
615 2911 682 2939 sola
693 2918 839 2940 marmo—

1560 100 1640 137 431

890 207 948 226 rea
979 198 1011 227 in
1042 196 1128 227 villis
1160 196 1281 227 faeere.
1319 197 1427 228 *Nat-
1457 198 1502 229 D.
1535 200 1557 230 i.
1587 201 1641 231 23.

891 241 1128 280 quodcumque
1145 242 1179 270 in
1194 242 1298 271 solum
1315 243 1422 279 venit,
1440 247 1478 272 ut
1502 243 1641 282 dicitur,

892 285 1021 323 effingis
1050 290 1084 314 et
1111 285 1224 314 efficis.
1262 285 1304 314 ad
1332 285 1408 315 Div.
1435 286 1477 316 ix.
1503 288 1556 318 26.
1594 287 1642 317 lo-

892 338 986 366 quor,
1005 328 1092 367 quod
1110 329 1143 358 in
1159 330 1263 358 solnm
1275 341 1284 358 :
1308 329 1370 360 int.
1389 331 1491 359 venit.
1509 341 1642 370 prover—

891 372 982 401 bium
1000 372 1039 401 de
1058 373 1169 409 rebus,
1186 382 1267 410 quas
1282 378 1411 402 temere
1429 383 1466 402 ac
1483 373 1639 411 fortuito,

892 420 929 444 ut
941 425 1036 445 casus
1047 415 1126 452 fert,
1137 415 1300 445 arbitratu
1317 420 1441 453 nostro,
1454 426 1521 447 non
1538 419 1639 448 ratio-

890 459 1108 495 ne,facimus.
1126 469 1153 488 v.
1167 459 1300 489 Manat.
1317 460 1358 489 ad
1372 460 1430 490 l.c.
1447 460 1639 497 *Att.ix.9.

889 503 1033 532 sciebam
1052 503 1157 540 enim,
1174 508 1222 539 te,
1240 510 1342 542 quoto
1363 513 1464 541 anno,
1481 510 1516 534 et
1532 515 1638 544 quan-

889 550 965 576 tum
985 548 1019 576 in
1042 548 1116 584 solo,
1135 546 1240 576 solere
1266 557 1433 585 quaerere:
1460 549 1521 579 int.
1539 549 1640 579 habe-

890 595 976 620 rent.
1008 591 1041 620 in
1057 592 1120 620 solo
1144 590 1263 620 habere
1280 590 1417 627 dicitur,
1434 591 1474 621 de
1492 593 1639 632 praediis,

890 639 928 663 ut
944 634 977 663 in
997 634 1108 663 numis
1133 633 1267 671 habere,
1285 635 1324 664 de
1350 636 1503 674 pecunia.
1549 637 1639 667 Hinc

889 677 982 707 Balb.
1001 681 1030 708 5.
1059 680 1126 707 sola
1146 684 1313 708 terrarum
1339 679 1551 710 ultimarum.
1581 681 1639 711 ubi

892 731 920 750 v.
939 726 1010 751 not.

936 765 1061 795 Solum.
1086 765 1158 794 adv.
1190 765 1269 796 Post
1291 776 1353 796 non
1375 768 1477 797 solum
1502 778 1561 807 pro
1583 769 1642 799 sed

889 809 988 838 etiam
1003 809 1204 849 simpliciter
1222 811 1332 840 eliam.
1364 810 1427 841 Off.
1444 811 1465 841 i.
1483 813 1534 842 22.
1567 811 1639 842 haec

890 853 1024 890 quidem
1043 854 1093 882 res
1112 862 1177 882 11011
1201 855 1303 883 solum
1328 864 1368 884 ex
1389 854 1574 886 domestica
1586 861 1638 886 est

889 895 1081 936 disciplina:
1109 897 1248 936 attingit
1264 900 1363 927 etiam
1376 893 1544 929 bellicam.
1562 900 1638 931 add.

889 940 1063 970 Drakenb.
1081 939 1121 969 ad
1138 940 1209 971 Liv.
1228 942 1306 972 xxii.
1323 943 1375 973 25.

933 983 1036 1014 Salvo.
1068 984 1108 1013 ab
1132 983 1196 1013 alio
1219 985 1345 1015 solvere
1369 986 1552 1025 significat,
1568 997 1638 1017 non

888 1037 927 1056 ex
945 1037 1021 1057 arca
1042 1038 1102 1057 sua
1125 1027 1264 1065 solvere,
1281 1029 1339 1059 sed
1362 1040 1422 1069 per
1444 1031 1638 1061 attributio-

890 1081 979 1107 nem,
1016 1071 1276 1110 delegationem,
1314 1074 1537 1113 scripturam3
1578 1080 1637 1106 aut

888 1116 999 1144 numis
1016 1115 1166 1146 alterius.
1199 1116 1286 1146 Caec.
1303 1117 1333 1147 6.
1362 1119 1499 1148 solvitur
1523 1128 1542 1148 a
1565 1119 1637 1149 Cae-

888 1159 1016 1188 sennia.
1042 1160 1082 1189 cf.
1097 1159 1168 1189 Att.
1182 1160 1236 1189 vii.
1253 1161 1351 1190 laih.
1366 1163 1459 1192 v.21.
1484 1161 1636 1194 homines

888 1211 954 1232 non
972 1202 1070 1232 modo
1088 1213 1154 1233 11011
1178 1212 1344 1241 recusare,
1363 1205 1421 1235 sed
1445 1206 1547 1236 etiam
1573 1207 1636 1237 hoc

887 1246 1010 1283 dicere,
1028 1256 1062 1276 se
1079 1256 1098 1276 a
1115 1257 1168 1277 me
1183 1249 1312 1278 soluere.
1341 1249 1429 1288 quod
1444 1251 1534 1280 enim
1551 1261 1636 1291 prae-

886 1290 952 1320 tori
992 1290 1069 1320 dare
1109 1296 1340 1329 consuessent,
1377 1294 1536 1332 quoniam
1574 1304 1638 1334 ego

890 1343 957 1363 non
983 1344 1191 1373 acceperam,
1211 1344 1246 1364 se
1270 1346 1290 1366 3
1313 1346 1366 1366 1116
1390 1337 1637 1375 quodammodo

889 1376 978 1408 dare.
1018 1378 1166 1408 *solvere
1196 1379 1310 1416 fidem,
1343 1380 1385 1410 ad
1418 1381 1493 1411 Div.
1521 1393 1553 1418 x.
1581 1385 1636 1414 523.

887 1431 946 1460 pru
971 1421 1170 1461 persolvere,
1191 1429 1361 1462 praestare.
1393 1424 1459 1454 alia
1482 1427 1638 1467 exempla

888 1474 918 1494 v.
950 1475 1003 1505 ap.
1031 1466 1194 1496 Burman.
1223 1466 1264 1497 ad
1295 1467 1391 1498 Ovid.
1423 1468 1565 1500 Metam.
1592 1471 1638 1502 xi.

891 1511 960 1539 1:35.
994 1510 1098 1539 *solvi
1126 1520 1185 1550 pro
1210 1509 1340 1541 liberari
1369 1512 1410 1542 ab
1433 1513 1638 1553 obligatione

886 1552 1010 1592 aliqua,
1033 1553 1274 1593 Dispensatiou
1305 1555 1521 1588 bekommen.
1558 1558 1638 1598 Agr.

885 1596 919 1626 ii.
945 1598 998 1627 36.
1034 1599 1110 1627 solvi
1142 1597 1271 1637 legibus
1295 1600 1495 1639 opponitur:
1527 1603 1638 1633 teneri

885 1639 1027 1679 legibus.
1075 1640 1113 1671 In
1139 1652 1204 1680 quo
1225 1647 1276 1672 est
1301 1644 1405 1673 etiam
1430 1647 1637 1676 constructio

886 1694 962 1714 cum
987 1685 1136 1723 genitivo
1159 1686 1248 1725 apud
1274 1686 1471 1718 Ciceronem
1495 1689 1586 1719 Sext.
1603 1693 1635 1725 7.

883 1729 962 1758 solvi
986 1728 1119 1767 legum:
1157 1739 1216 1769 per
1242 1731 1475 1769 graecismum:
1507 1733 1548 1763 (16
1572 1744 1638 1773 (1110

884 1771 950 1802 ν1(1.
967 1771 1159 1802 Broukhus.
1176 1773 1218 1804 ad
1242 1774 1365 1806 Tibull.
1383 1776 1405 1806 i.
1424 1780 1454 1806 8.
1470 1779 1523 1807 40.
1555 1777 1638 1808 *re-

883 1815 1010 1845 fellere.
1042 1816 1112 1846 Fin.
1139 1817 1160 1846 i.
1178 1821 1209 1852 7.
1241 1827 1307 1857 qua
1331 1819 1383 1849 via
1406 1821 1556 1860 captiosa
1577 1823 1638 1852 sol-

884 1864 1020 1890 vantur.
1052 1862 1197 1891 *nautae
1222 1861 1384 1892 dicuntur
1404 1866 1537 1902 solvere,
1558 1875 1636 1896 cum

885 1912 1023 1933 ancoras
1039 1903 1177 1942 tollunt,
1195 1910 1230 1935 et
1254 1907 1424 1945 navigant.
1455 1907 1528 1938 Att.
1544 1909 1566 1938 i.
1587 1912 1637 1940 13.

883 1948 1002 1977 solvere
1022 1957 1170 1978 ancoras.
1201 1948 1335 1979 Muren.
1352 1953 1382 1981 2.
1412 1957 1512 1991 portu
1528 1954 1636 1984 solves.

885 1991 961 2022 Div.
979 1991 1001 2021 i.
1023 1992 1071 2022 16.
1101 1994 1221 2022 solvere
1237 1994 1393 2034 imperat.
1421 1995 1463 2026 ad
1478 1996 1556 2026 Div.
1572 1998 1638 2027 xvi.

884 2038 916 2068 9.
941 2045 1000 2065 nos
1018 2045 1057 2064 eo
1074 2035 1127 2065 die
1145 2037 1265 2066 coenati
1281 2039 1446 2069 solvimus.

930 2078 1052 2115 Solate,
1068 2079 1183 2118 libere,
1200 2090 1262 2111 sua
1277 2088 1409 2121 sponte.
1436 2083 1512 2113 Div.
1530 2084 1564 2114 ii.
1580 2087 1635 2115 48.

882 2125 983 2152 solute
1009 2130 1164 2154 movetur
1186 2125 1339 2156 animus:
1372 2126 1412 2156 de
1442 2126 1640 2158 dormienti-

885 2166 958 2204 bus,
977 2176 1119 2205 quorum
1143 2168 1277 2199 animus
1301 2179 1369 2199 non
1393 2171 1557 2209 sensibus,
1577 2172 1637 2203 sed

885 2219 946 2239 sua
970 2211 998 2239 vi
1022 2216 1189 2248 movetur,
1207 2212 1296 2242 unde
1320 2215 1463 2245 somnia.
1495 2214 1638 2254 ἰι136116,

886 2253 1088 2284 volubiliter.
1120 2255 1217 2286 Brut.
1238 2258 1290 2291 29.
1322 2258 1386 2288 nisi
1411 2259 1444 2288 id
1467 2269 1569 2298 queas
1592 2271 1640 2290 so-

885 2299 952 2328 late
976 2304 1010 2327 et
1033 2299 1182 2329 suaviter
1205 2300 1325 2330 dicere.
1357 2302 1436 2332 ibid.
1457 2305 1510 2333 81.
1540 2302 1639 2334 facile

884 2343 1046 2382 soluteque
1062 2343 1168 2373 verbis
1185 2343 1314 2374 volvere
1329 2346 1528 2376 sententias.
1559 2347 1639 2378 *re-

888 2386 1000 2422 1111556,
1027 2386 1066 2416 (16
1099 2388 1233 2417 actione
1261 2390 1418 2419 oratoria.
1457 2389 1554 2421 Brut.
1583 2395 1636 2423 80.

887 2429 975 2468 quod
1001 2429 1056 2460 ille
1080 2435 1152 2461 tam
1175 2433 1278 2462 solute
1300 2433 1434 2472 egisset,
1459 2438 1531 2464 tam
1555 2437 1640 2466 osci-

888 2477 1015 2503 tanter.

933 2515 1068 2548 Salutio.
1108 2517 1205 2549 offic.
1236 2519 1269 2549 ii.
1296 2521 1347 2550 524.
1379 2522 1495 2551 solutio
1525 2532 1638 2555 rerum

886 2559 1102 2591 creditarum.
1141 2562 1214 2592 Att.
1247 2563 1304 2593 xii.
1340 2567 1392 2595 51.
1428 2567 1544 2596 solutio
1577 2577 1637 2598 no-

887 2604 986 2634 minis
1002 2604 1183 2638 Valeriani.
1212 2606 1298 2638 *On
1314 2607 1336 2637 i.
1355 2609 1406 2638 25.
1436 2611 1550 2640 solutio
1573 2610 1638 2641 lin-

886 2657 974 2687 guae,
991 2647 1031 2678 de
1054 2648 1218 2680 facilitate
1242 2654 1276 2681 et
1299 2651 1509 2683 volubilitate
1530 2654 1565 2684 in
1588 2655 1637 2686 di-

887 2691 1006 2723 cendo.

928 2735 1075 2773 Solutus,
1099 2735 1195 2775 liber,
1220 2738 1274 2769 cui
1304 2739 1476 2779 integrum
1507 2745 1559 2771 est
1586 2741 1635 2772 fa-

884 2789 971 2816 cere,
990 2780 1078 2818 quod
1104 2781 1196 2812 velit.
1228 2782 1270 2812 ad
1286 2782 1362 2813 Div.
1379 2783 1400 2813 i.
1416 2787 1447 2817 9.
1478 2784 1505 2814 si
1525 2794 1638 2817 essent

885 2822 967 2852 mihi
984 2824 1099 2854 omnia
1112 2826 1320 2856 solutiaeima.
1353 2826 1446 2858 verr.
1462 2828 1495 2858 ii.
1512 2831 1565 2861 78.
1591 2840 1639 2860 so-

883 2867 947 2896 luti
971 2865 1013 2896 ad
1037 2877 1154 2898 causas
1178 2870 1371 2900 veniebant.
1409 2870 1450 2900 de
1473 2874 1638 2911 patronis,

883 2910 939 2948 qui
956 2909 1084 2941 nullam
1101 2912 1291 2944 mercedem
1307 2919 1512 2954 acceperunt
1527 2917 1568 2946 ab
1581 2917 1636 2955 iis,
