1920 3196
216 92 301 130 442
720 102 866 132 mmsx
897 103 1192 133 LATINITATIS.

222 190 270 220 tia
299 189 429 220 subnixi
459 187 644 219 ambulant.
692 190 744 220 Sic
782 194 834 221 est
872 191 960 231 apud

222 232 294 263 Liv.
310 233 395 262 xxvi.
412 235 460 262 13.
484 232 559 262 Non
576 232 691 262 videbo
703 233 848 274 Appium
863 234 962 264 Clau-

222 277 313 305 dium
347 280 381 305 et
412 276 477 315 Qu.
503 275 674 305 Fullonem
706 277 843 307 victoria
875 278 962 307 inso-

220 319 305 349 lenti
326 320 475 350 subnioeos
500 320 558 349 ἃς.
592 319 634 349 cf.
658 319 743 350 Gell.
769 320 866 351 Noct.
891 323 962 351 Att.

221 363 299 393 xvii.
316 365 348 393 ⁶2.

268 406 468 441 Subornctre,
485 414 614 443 ornare,
625 406 754 443 juvare.
783 407 824 437 ad
839 408 915 438 Div.
933 418 962 437 x.

222 451 276 481 23.
307 453 358 487 tu,
375 449 421 479 mi
449 449 578 485 Cicero,
595 449 683 488 quod
708 450 815 480 adhuc
839 450 962 488 fecisti,

223 493 312 523 idem
329 496 461 533 prmsta,
480 496 516 521 ut
540 502 597 521 nos
619 493 795 532 vigilanter
812 504 963 524 nervose-

223 547 287 576 que
319 538 480 566 subornas.
519 535 604 565 Phil.
632 537 700 566 xiii.
729 538 777 567 16.
818 537 962 567 Brutum

221 581 366 620 pecunia
387 580 593 609 subornastis,
625 579 706 618 Leg.
728 580 747 610 i.
764 583 816 612 29.
848 591 964 620 quem-

223 624 404 654 admodum
422 623 520 652 homo
543 624 733 653 subornatus
751 634 769 653 a
787 628 906 654 natura
930 625 963 654 in

222 668 326 697 vitam
352 667 459 696 venit:
489 667 544 695 ubi
569 667 682 696 Davis.
709 667 857 697 laudavit
879 668 962 698 Gro-

223 719 299 741 nov.
317 710 358 741 ad
374 710 489 740 Scnec.
506 720 557 749 cp.
573 712 626 740 94.

269 753 455 793 Subrogctre
465 766 474 783 :
499 754 692 791 Consulem,
706 759 764 784 aut
778 754 880 784 alium
895 765 964 784 ma-

224 798 417 837 gistratum,
431 797 464 827 in
481 796 590 826 locum
609 798 734 827 mortui
752 808 878 837 rogare.
904 798 964 828 Est

223 842 440 880 magistratus
464 841 617 870 habentis
641 842 794 871 comitia:
821 840 962 882 populus

225 891 342 915 autem
358 885 490 914 sufficit.
515 883 609 915 Brut.
622 894 674 924 ep.
692 887 722 915 5.
745 886 861 915 statim
880 885 963 914 Pan-

224 938 262 958 sa
289 928 449 967 collegam
480 928 541 957 sibi
572 930 783 966 subrogasset.
829 929 964 958 Dicitur

223 977 338 1002 tamen
378 974 480 1001 etiam
520 972 560 1001 dc
590 972 757 1001 creatione
789 972 963 1011 magistra-

223 1022 322 1046 tuum
341 1025 452 1045 annua
469 1025 520 1055 ap.
537 1016 608 1045 Liv.
625 1026 721 1045 xxXV.
737 1016 768 1047 6.

269 1059 492 1096 Subrostraui,
516 1058 667 1088 homines
696 1059 826 1097 urbani,
851 1059 961 1096 otiosi,

223 1104 281 1142 qui
297 1107 405 1133 totum
423 1112 516 1142 paene
534 1102 620 1132 diem
637 1103 697 1132 sub
714 1103 827 1133 rostris
845 1103 961 1132 ambu-

223 1146 308 1184 lant,
329 1146 468 1176 circulos
491 1146 621 1176 faciunt
645 1147 704 1176 &tu
737 1146 778 1176 ad
801 1146 877 1177 Div.
895 1146 962 1177 viii.

228 1193 256 1221 1.
281 1196 315 1220 te
330 1191 530 1220 subrostrani
547 1190 747 1230 dissiparant
762 1190 909 1230 periisse.

269 1233 484 1269 subscribere,
508 1234 639 1272 proprie
666 1239 717 1263 est
746 1233 817 1264 Att.
840 1234 883 1264 ix.
913 1236 961 1265 13.

223 1277 336 1308 Caesar
362 1277 443 1307 mihi
471 1277 583 1306 literas
609 1278 715 1314 misit,
739 1287 880 1316 quarum
906 1287 962 1307 ex-

222 1320 371 1361 emplum
394 1322 575 1360 subscripsi.
606 1320 674 1350 *de
697 1325 889 1351 accusatore
913 1321 962 1351 di-

223 1365 323 1402 citur,
340 1365 427 1404 quod
451 1365 484 1394 in
508 1364 685 1395 deferendo
705 1364 840 1395 nomine
857 1364 962 1395 alicu-

214 1409 273 1448 jus
289 1418 387 1438 suum
415 1418 544 1447 quoque
569 1417 691 1438 nomen
707 1413 741 1438 et
756 1418 891 1438 causam
908 1418 962 1438 ac-

221 1453 403 1482 cusationis
419 1452 640 1482 subscriberet.
668 1451 736 1482 lnv.
753 1452 786 1482 ii.
805 1455 853 1486 19.
883 1462 960 1482 cum

221 1496 374 1526 veneficii
400 1505 522 1525 nomen
546 1498 632 1525 esset
652 1495 813 1532 delatum,
830 1499 865 1524 et
888 1506 961 1536 par-

221 1540 330 1570 ricidii
360 1549 460 1568 eausa
497 1539 895 1579 subscripta—quoniam
929 1538 962 1568 id

222 1593 332 1613 causae
362 1583 579 1622 subscriptum
617 1586 714 1613 esset.
762 1593 790 1613 v.
822 1582 961 1613 Salmas.

222 1627 312 1657 mod.
337 1627 436 1656 Usur.
462 1637 488 1656 e.
514 1629 544 1657 3.
567 1637 600 1666 p.
628 1629 698 1657 108.
737 1625 816 1656 *est
841 1626 960 1656 deinde

222 1671 424 1700 accusatoris
453 1670 651 1700 secundarii.
690 1680 720 1699 v.
745 1670 960 1709 subscriptor.

221 1713 326 1744 Attic.
360 1714 394 1743 ii.
426 1715 477 1744 94.
517 1714 550 1742 in
583 1713 726 1752 aliquem
758 1715 961 1744 subscribere.

221 1758 287 1797 Qu.
312 1757 362 1787 Fr.
380 1757 425 1786 iii.
445 1760 475 1787 3.
505 1757 685 1786 Gabinium
709 1767 802 1787 reum
828 1757 867 1786 de
892 1767 962 1786 am-

222 1800 296 1831 bitu
322 1801 403 1830 fecit
429 1801 464 1830 P.
491 1799 596 1838 Sulla,
622 1801 836 1831 subscribente
863 1801 961 1841 privi-

221 1854 288 1885 gno
319 1844 494 1880 Memmio.
537 1844 728 1875 ²“Censores
759 1845 860 1874 etiam
891 1845 962 1874 sub-

220 1889 358 1918 scribere
375 1888 545 1925 dit-untur,
561 1898 637 1917 cum
659 1889 693 1918 in
709 1888 831 1918 tabulis
849 1897 962 1918 censo-

221 1932 278 1961 riis
301 1931 361 1962 sub
387 1932 521 1961 nomine
545 1931 684 1971 alicujus
709 1932 873 1968 scribunt,
897 1941 963 1970 qua

222 1975 263 2006 de
291 1984 391 2005 causa
416 1980 553 2005 notatus
577 1985 596 2005 a
618 1985 652 2005 se
677 1976 730 2005 sit.
761 1976 838 2006 Div.
864 1976 884 2005 i.
914 1976 961 2005 16.

222 2020 349 2049 Censor
372 2018 409 2049 C.
429 2019 565 2049 Ateium
589 2020 790 2049 ementitum
815 2018 964 2058 auspicia

220 2064 451 2102 subscripserit.
492 2062 626 2092 Cluent.
649 2065 702 2093 42.
733 2062 826 2092 video
849 2072 962 2092 censo-

222 2116 274 2135 res
299 2106 571 2136 animadvertisse
596 2106 630 2135 in
647 2106 779 2145 judices
803 2106 961 2144 quosdam

221 2150 311 2180 illius
329 2150 457 2180 consilii
471 2150 625 2186 dumam,
643 2160 719 2179 cum
739 2150 836 2179 istam
856 2149 961 2189 ipsam

222 2203 356 2223 causam
372 2195 613 2223 subscriberent.
640 2194 785 2224 ibid.45.
810 2193 844 2222 iu
861 2193 963 2231 Aqui-

221 2236 304 2267 lium
322 2237 417 2266 video
438 2247 508 2267 esse
525 2238 750 2277 subscriptum.
795 2237 848 2267 De
863 2237 962 2275 origi·

222 2290 266 2310 ne
290 2291 464 2310 causarum
497 2281 800 2311 subscribeudarum
826 2280 875 2310 ita
898 2280 962 2310 dis-

222 2320 346 2364 putant
370 2325 429 2354 viri
455 2324 556 2361 docti,
582 2330 620 2355 ut
646 2324 702 2353 alii
729 2324 770 2354 ad
799 2323 962 2353 Catonem

223 2368 422 2397 Censorium
446 2368 605 2404 referant,
622 2368 741 2406 quibus
764 2366 854 2396 favet
870 2367 962 2397 locus

222 2411 320 2441 Gellii
339 2411 380 2441 iv.
397 2414 448 2442 920.
478 2412 534 2441 ubi
552 2412 678 2440 Censor
696 2410 807 2452 (Cato)
827 2420 962 2440 causam

221 2455 452 2494 subscripsisse
469 2454 626 2491 traditur,
644 2454 698 2484 alii
724 2454 765 2484 ad
781 2455 963 2495 posteriora

220 2502 388 2538 tempora,
415 2499 531 2528 confisi
558 2498 630 2528 loco
661 2497 746 2528 Livii
773 2498 882 2527 xxxix.
909 2500 962 2528 42.

222 2542 279 2572 ubi
310 2552 340 2570 v.
370 2542 499 2572 Duker.
526 2548 560 2570 et
591 2541 763 2571 Drakenb.
787 2541 844 2580 qui
869 2541 963 2571 Livio

221 2585 295 2625 plus
318 2585 439 2615 tribuit
462 2594 561 2623 quam
586 2584 705 2614 Gellio.
739 2584 893 2614 *dicitur
914 2588 963 2613 et-

220 2630 288 2659 iam
313 2629 352 2659 de
373 2629 425 2665 iis,
443 2629 498 2667 qui
523 2638 646 2658 nomen
668 2638 766 2658 suum
792 2628 879 2667 apud
903 2627 962 2657 ali-

222 2682 321 2711 quem
350 2671 519 2709 deferunt,
548 2672 761 2711 profitentur,
787 2675 822 2701 et
848 2672 882 2701 in
912 2676 963 2701 ta-

222 2715 308 2746 bulis
336 2716 499 2745 scribunt.
530 2715 624 2745 Verr.
645 2715 691 2745 iii.
717 2718 769 2746 51.
803 2724 962 2744 numerus

221 2763 392 2790 aratorum
424 2759 602 2798 quotannis
632 2758 720 2798 apud
746 2759 963 2797 magistratus

219 2803 441 2833 subscribitur.
488 2802 540 2831 Sie
579 2804 716 2832 miissen
753 2802 824 2832 sich
862 2811 963 2841 ange-

220 2847 285 2876 ben
317 2846 387 2878 und
415 2845 486 2877 sich
522 2845 764 2876 einschreiben.
812 2845 854 2877 cf.
883 2846 964 2876 scri-

219 2894 330 2931 ptura.

1049 192 1257 231 Subscriptio.
1289 190 1329 221 de
1361 194 1551 222 accusatore
1581 190 1742 222 secunda-

1004 246 1077 266 rum
1096 236 1255 276 partium,
1272 234 1306 263 in
1326 234 1437 264 Caecil.
1457 238 1506 265 15.
1535 235 1590 274 qui
1605 235 1743 265 subscri-

1000 281 1140 319 ptionem
1158 278 1218 307 sibi
1238 277 1462 317 postularunt,
1481 280 1667 317 cuicunque
1683 287 1742 307 no-

1005 323 1103 352 minis
1127 321 1329 351 delationem
1354 321 1536 352 dedissetis.
1569 321 1638 351 *de
1663 329 1741 351 cen-

1004 366 1096 396 soriis
1128 365 1225 395 notis.
1261 364 1326 394 vid.
1352 365 1567 395 subscribere.
1607 364 1744 395 Cluent-

1005 412 1058 443 47.
1087 409 1313 448 subscriptione
1336 413 1462 438 notare.
1494 409 1572 438 ibid.
1589 411 1641 439 43.
1670 408 1742 438 sub-

1003 453 1188 492 scriptiones
1211 451 1376 481 censorias
1399 451 1519 482 delere.
1549 452 1617 481 *de
1634 456 1742 481 arato-

1006 495 1107 526 ribus.
1140 505 1168 524 ν.
1191 494 1404 525 subscribere.
1435 496 1528 526 Verr.
1545 495 1591 525 iii.
1608 498 1660 526 48.
1685 494 1743 533 ju·

1006 548 1122 578 gerum
1136 539 1322 578 subscriptio
1338 549 1375 568 ac
1390 539 1558 579 professio.

1051 582 1265 621 Subscriptor,
1303 587 1475 612 accusator
1513 582 1742 619 secundarius,

1005 626 1072 655 sive
1093 625 1294 655 accusatoris
1311 624 1454 664 adjutor,
1472 636 1490 655 a
1505 624 1742 656 subscribendo

1006 669 1128 706 dictus,
1146 671 1235 708 quia,
1253 678 1329 698 cum
1353 675 1526 699 accusator
1549 678 1670 698 nomen
1695 669 1742 698 rei

1006 712 1125 749 desert,
1142 722 1263 742 nomen
1287 722 1386 742 suum
1411 722 1540 751 quoque
1556 712 1742 743 subscribit.

1006 757 1040 786 in
1073 756 1184 786 Caecil.
1216 759 1263 786 15.
1291 758 1326 784 at
1365 756 1456 785 venit
1490 759 1636 795 paratus,
1664 764 1742 786 cum

1004 800 1265 840 subscriptoribus
1301 799 1489 828 exercitatis
1526 803 1560 829 et
1599 799 1743 829 disertis.

1006 844 1066 873 ἃς.
1090 843 1154 872 vid.
1177 843 1315 873 Hotom.
1346 842 1387 872 ad
1412 842 1444 871 h.
1466 841 1488 872 l.
1512 842 1551 872 ad
1575 842 1652 873 Div.
1675 842 1744 872 viii.

1007 890 1036 917 8.
1068 887 1179 924 itaque
1202 886 1274 915 sine
1299 885 1366 915 ullo
1381 887 1592 926 subscriptore
1608 885 1744 915 descen-

1006 930 1067 967 dit,
1084 936 1118 960 εἰ
1133 929 1294 959 Tuccium
1314 939 1407 959 reum
1423 929 1512 958 fecit.
1540 930 1559 948 *ἓ
1571 929 1626 968 qui
1643 928 1743 960 alicui

1005 974 1198 1010 assentitur,
1215 983 1342 1003 morem
1359 974 1455 1011 gerit.
1485 973 1586 1003 Dom.
1608 976 1656 1007 19.
1689 982 1745 1002 ve-

1006 1017 1090 1047 nalis
1128 1017 1313 1056 adscriptor
1351 1020 1386 1046 et
1422 1016 1617 1057 subscriptor
1652 1019 1742 1047 tuus.

1005 1061 1069 1091 vicl.
1086 1060 1219 1090 Manut.

1050 1103 1260 1134 Subsellium.
1291 1104 1325 1133 in
1342 1102 1479 1143 judiciis
1498 1105 1647 1135 subsellia
1663 1105 1745 1133 sunt

1003 1148 1097 1178 sedes
1121 1147 1277 1186 judicum
1309 1151 1343 1176 et
1374 1152 1591 1186 patronorum
1621 1147 1744 1176 utrius-

1004 1202 1068 1230 que
1092 1191 1206 1231 partis.
1238 1191 1335 1221 Rosc.
1351 1190 1426 1220 Am.
1453 1194 1500 1221 ll.
1531 1191 1678 1221 etiamne
1701 1189 1744 1220 ad.

1002 1236 1154 1265 subsellia
1177 1244 1254 1264 cum
1277 1234 1364 1264 ferro
1385 1239 1484 1273 atque
1500 1234 1576 1265 telis
1593 1233 1742 1272 venistis,

1003 1285 1043 1309 ut
1069 1278 1125 1308 hic
1152 1284 1211 1308 aut
1237 1278 1402 1317 juguletis
1429 1281 1488 1308 aut
1513 1277 1743 1308 condemnetis

1003 1322 1182 1353 Roscium?
1211 1321 1315 1351 Flacc.
1334 1325 1382 1352 10.
1410 1325 1513 1351 testes
1529 1331 1597 1351 una
1611 1321 1741 1358 sedent,

1003 1370 1236 1396 accusatorum
1250 1366 1406 1395 subselliis
1421 1369 1574 1404 surgunt.
1607 1364 1647 1394 ad
1666 1365 1744 1395 Div.

1003 1410 1071 1440 xiii.
1100 1412 1149 1439 10.
1181 1414 1330 1438 versatus
1357 1408 1392 1438 in
1419 1409 1568 1448 utrisque
1590 1409 1746 1438 subselliis

1003 1463 1080 1483 cum
1098 1462 1231 1483 summa
1246 1452 1337 1481 fania
1352 1456 1386 1482 et
1406 1452 1482 1482 side.
1530 1452 1692 1482 Corradus
1709 1455 1746 1482 et

1003 1497 1177 1526 Manutius
1194 1495 1279 1526 male
1296 1495 1564 1535 interpretantur
1580 1496 1618 1525 de
1634 1496 1742 1525 causis

1003 1540 1186 1570 minoribus
1219 1543 1255 1569 et
1283 1539 1473 1578 majoribus.
1519 1540 1641 1569 Sensus
1671 1544 1741 1570 est:

998 1584 1148 1622 judicem
1166 1587 1199 1612 et
1224 1586 1404 1623 patronum
1421 1584 1511 1622 egit;
1536 1583 1624 1621 quod
1640 1583 1743 1613 etiam

1003 1627 1177 1666 sequentia
1194 1626 1356 1656 indicant.
1403 1626 1489 1657 Nam
1507 1626 1588 1656 fides
1611 1630 1662 1656 est
1685 1636 1742 1666 pa-

1002 1672 1106 1708 troni,
1138 1671 1228 1700 fama
1258 1669 1382 1708 judicis
1421 1670 1543 1709 integri
1581 1674 1616 1700 et
1645 1670 1742 1709 justi.

1004 1715 1093 1745 Hinc
1123 1714 1272 1745 subsellia
1303 1723 1362 1753 pro
1385 1713 1515 1753 judicio
1545 1718 1579 1744 et
1610 1715 1741 1744 actione

1004 1768 1193 1795 causarum,
1232 1757 1384 1796 inprimis
1430 1756 1651 1797 publicarum.
1705 1757 1741 1787 in

1004 1801 1116 1832 Caecil.
1138 1805 1185 1832 15.
1217 1801 1256 1831 de
1273 1800 1459 1830 causidico:
1485 1801 1670 1831 asubsellz'z’s
1685 1800 1742 1830 Al-

1005 1845 1123 1876 lienus.
1162 1845 1250 1875 Nam
1267 1844 1427 1875 dicuntur
1443 1844 1600 1874 causidici
1618 1845 1650 1874 in
1666 1845 1742 1874 sub-

1003 1890 1098 1919 selliis
1120 1889 1284 1925 habitare,
1308 1888 1403 1918 Orat.
1423 1888 1443 1918 i.
1461 1889 1513 1919 62.
1544 1887 1620 1918 ibid.
1636 1889 1670 1918 ii.
1688 1891 1741 1919 33.

1005 1943 1082 1962 cum
1099 1943 1132 1962 se
1150 1943 1169 1962 a
1183 1932 1342 1962 subselliis
1363 1931 1397 1961 in
1417 1932 1523 1961 otium
1547 1931 1741 1962 contulerit.

1004 1977 1098 2007 Brut.
1128 1979 1179 2007 84.
1213 1976 1361 2006 subsellia
1389 1975 1598 2014 grandiorem
1629 1985 1742 2005 vocem

1005 2020 1206 2050 desiderant.
1267 2019 1322 2048 ubi
1362 2018 1400 2047 de
1432 2018 1561 2058 judicio
1597 2018 1743 2058 publico.

1005 2073 1083 2094 nam
1099 2065 1316 2103 opponuntur
1331 2062 1437 2102 judici
1461 2063 1564 2092 stanti
1588 2063 1622 2092 in
1641 2063 1744 2092 comi-

1004 2108 1064 2137 tio.
1097 2107 1136 2136 de
1154 2106 1269 2146 judice
1284 2110 1409 2143 stante,
1426 2116 1455 2135 v.
1474 2106 1605 2136 Manut.
1624 2106 1663 2136 ad
1682 2106 1742 2146 Ep.

1005 2151 1044 2180 ad
1072 2151 1148 2180 Div.
1175 2150 1244 2179 xiii.
1276 2152 1325 2179 10.
1363 2149 1522 2179 Ceterum
1548 2149 1582 2179 in
1607 2149 1743 2189 judiciis

1006 2194 1145 2234 publicis
1167 2193 1324 2223 videntur
1347 2193 1448 2222 etiam
1463 2193 1564 2223 fuisse
1588 2192 1746 2224 subsellia

1006 2237 1211 2273 auditorum,
1243 2237 1299 2275 qui
1327 2246 1434 2276 neque
1456 2236 1588 2277 judices
1618 2241 1744 2275 essent,

1005 2291 1113 2321 neque
1137 2281 1308 2319 advocati3
1341 2285 1431 2310 certe
1454 2279 1610 2310 subsellia
1632 2285 1744 2321 patro-

1006 2334 1124 2354 norum
1143 2329 1176 2354 et
1192 2323 1348 2362 judicum
1370 2324 1419 2354 ita
1433 2333 1568 2363 magua,
1585 2331 1623 2354 ut
1639 2325 1741 2355 etiam

1005 2368 1060 2397 alii
1087 2367 1293 2398 honestiores
1318 2367 1470 2397 homines
1501 2368 1536 2397 in
1563 2368 1601 2397 iis
1628 2367 1742 2399 locum

1005 2411 1177 2442 haberent.
1194 2411 1289 2442 Brut.
1304 2413 1355 2441 84.
1372 2411 1445 2440 volo
1456 2411 1518 2441 hoc
1529 2412 1652 2441 oratori
1666 2421 1745 2441 con-

1003 2456 1126 2494 tingat,
1143 2459 1195 2493 ut,
1212 2464 1290 2484 cum
1313 2454 1467 2484 auditum
1490 2455 1547 2493 sit,
1571 2465 1649 2486 eum
1672 2465 1744 2486 esse

1005 2498 1188 2535 dicturum,
1205 2497 1296 2527 locus
1321 2498 1356 2527 in
1378 2499 1532 2539 subselliis
1548 2503 1744 2539 occupetur,

1006 2541 1215 2581 compleatur
1251 2541 1412 2578 tribunal,
1450 2542 1585 2581 gratiosi
1628 2543 1744 2573 scriboe

1005 2585 1074 2614 sint
1099 2586 1133 2614 in
1161 2585 1269 2615 dando
1295 2591 1329 2614 et
1356 2585 1503 2616 cedendo
1530 2585 1612 2616 loco.
1653 2585 1746 2618 *Sed

1004 2630 1155 2659 subsellia
1182 2634 1264 2665 sunt
1291 2629 1393 2658 etiam
1419 2629 1511 2659 sedes
1538 2634 1745 2660 senatorum.

1007 2672 1106 2702 Catil.
1134 2673 1156 2702 i.
1179 2675 1211 2706 7.
1251 2671 1396 2702 adventu
1423 2679 1482 2702 tuo
1508 2673 1573 2703 ista
1597 2673 1747 2704 subsellia

1005 2725 1111 2745 vacua
1134 2716 1224 2746 facta
1249 2720 1340 2745 sunt.
1371 2715 1413 2745 cf.
1440 2716 1525 2746 Phil.
1547 2717 1582 2747 ii.
1606 2720 1636 2747 8.
1660 2727 1691 2746 v.
1714 2720 1746 2751 7.

1006 2759 1094 2789 Hinc
1122 2759 1206 2789 illud
1232 2759 1431 2798 capiendum
1464 2759 1505 2789 ad
1536 2760 1611 2790 Div.
1638 2760 1687 2796 iii.
1712 2764 1745 2794 9.

1005 2801 1097 2841 longi
1117 2804 1255 2833 subsellii
1271 2802 1437 2841 judicatio
1453 2807 1488 2833 et
1504 2813 1597 2834 mora
1619 2803 1750 2836 auferet

1004 2845 1065 2874 tibi
1082 2855 1189 2879 unum
1212 2846 1299 2876 diem
1324 2852 1358 2876 et
1381 2847 1463 2876 item
1486 2846 1641 2877 alterum.
1686 2846 1747 2877 ‹Ju-

1007 2889 1128 2923 dicatio
1150 2889 1241 2931 longi
1256 2889 1408 2929 subsellii,
1424 2894 1476 2921 est
1498 2890 1637 2922 tarditas
1653 2899 1749 2923 sena-

1910 2255 1920 2342 ..κ-,ς
1912 2204 1920 2238 ·..,.
1918 2171 1920 2184 ,Δ
1917 2156 1920 2158 .
1916 2134 1920 2142 .
1911 2115 1920 2123 ae
