1920 3196
698 116 845 145 mmtx
874 113 1170 143 LAT1N1TAT13.

181 208 272 239 Verr.
287 207 308 237 i.
320 209 349 237 1.
376 210 406 238 5.
421 205 589 236 advocatis
603 206 635 235 in
646 205 785 245 judicio.
801 203 918 243 Quint.

181 254 213 283 2.
237 259 375 280 summae
391 260 470 289 opes.
496 250 526 279 6.
545 250 696 288 potentia
710 248 918 287 singulorum

182 295 367 331 hominum,
385 302 458 332 quae
482 293 618 332 ponitur
643 293 676 322 in
699 291 917 321 multitudine

181 339 377 373 amicorum,
394 336 569 372 clientum,
594 336 700 374 gratia
725 337 783 365 &c.
812 336 916 375 (gros-

180 391 232 410 ecr
248 379 402 419 Anhang]
419 389 484 418 qua
499 380 601 419 possis
618 380 761 415 efficere,
775 388 847 417 quae
861 388 914 407 vc-

179 424 232 460 lis,
247 425 350 453 etiam
374 424 485 453 invitis
511 423 646 452 civibus
674 422 739 452 off.
763 423 784 452 i.
805 425 853 455 19.
878 429 916 451 ut

179 477 250 506 opes
275 477 375 505 quam
403 467 563 496 maximas
592 471 849 505 consequantur.
873 465 916 494 ad

180 511 256 541 Div.
282 512 324 540 iv.
347 514 378 544 9.
401 520 469 549 opes
485 515 519 539 et
536 509 734 548 dignitatem
753 516 916 539 tenerem.

180 554 296 583 ctoti.
309 555 330 583 i.
341 564 368 583 c.
381 556 433 584 21.
452 553 586 584 cluent.
600 556 651 583 224.
669 553 748 584 Lael.
763 553 866 583 6.0ff.
881 552 914 581 ii.

183 600 230 627 11.
253 597 348 627 Brut.
367 600 418 627 31.
439 601 468 630 Τ.
493 596 681 636 reipublicae
699 597 862 636 potentia,
879 597 913 625 in

178 640 312 677 divitiis,
329 641 541 677 exercitibus,
557 641 652 670 sociis
677 641 793 680 posita.
825 641 914 669 Sext.

182 688 208 715 1.
232 694 291 724 pro
307 685 409 714 tantis
426 686 534 723 opibus
550 684 688 723 reipubl.

226 728 347 767 Opima
372 728 692 761 adlici-eundum.
716 737 775 767 pro
787 727 913 767 optime

180 773 317 801 vestitus
335 771 548 808 citharoedus,
566 771 653 801 (ilar.
681 770 844 801 Christius
869 770 915 800 le-

178 816 323 854 gendum
352 816 509 845 censebat
527 815 650 855 opime.-
675 814 709 844 h.
731 826 760 844 e.
783 815 912 854 magni-

179 860 251 888 fice.
284 859 325 889 Et
351 860 398 888 ita
419 861 518 899 opime
541 865 604 895 est,
622 870 652 888 v.
676 869 703 888 c.
727 868 780 898 ap.
803 858 912 888 Plaut.

177 903 334 932 Bacchid.
362 903 407 932 iii.
439 907 464 933 1.
491 903 521 932 6.
550 904 602 932 Sic
629 902 787 932 dicuntur
809 903 910 931 etiam

177 946 282 985 spolia
297 948 401 986 opima
415 959 424 976 :
449 950 748 986 permutanturque
766 947 799 975 in
821 945 912 975 libris

177 991 279 1030 opime
301 995 335 1020 et
359 990 496 1030 optime.
523 1000 553 1020 V.
578 990 749 1020 Drakeub.
774 989 816 1019 ad
839 989 910 1019 Liv.

178 1033 304 1064 xxi.43.
319 1032 435 1072 ltaque
449 1033 541 1062 valde
554 1033 625 1062 haec
635 1033 824 1063 emendatio
832 1033 913 1063 arri-

178 1075 244 1106 det.
260 1077 376 1116 Neque
385 1084 497 1107 tamen
507 1077 746 1116 receptalectio
759 1076 910 1106 absurda.

225 1119 370 1159 Opimus,
400 1122 509 1150 minus
540 1121 648 1150 suavis
679 1124 738 1150 aut
766 1120 912 1158 elegans.

174 1163 232 1194 Or.
250 1167 303 1197 47.
336 1165 459 1194 eisdem
476 1172 547 1194 erat
563 1164 670 1194 verius
685 1175 694 1202 ;
720 1174 781 1193 nec
796 1167 910 1194 tamen

173 1207 297 1238 eisdem
323 1209 477 1247 opimius.-
507 1208 623 1237 iisdem
651 1207 737 1237 male
759 1208 908 1238 sonabat.

173 1250 251 1280 ibid.
277 1254 306 1282 8.
336 1252 479 1291 opimum
503 1260 607 1289 genus
631 1251 799 1282 orationis.
832 1251 912 1281 *est

173 1299 289 1324 tamen
307 1295 408 1324 etiam
435 1296 466 1324 in
492 1294 600 1325 laude.
626 1295 720 1325 Brut.
736 1299 788 1329 78.
812 1304 911 1325 orna-

174 1344 290 1368 menta
305 1348 370 1368 non
387 1339 466 1368 satis
481 1339 596 1378 opt‘ma.

223 1381 409 1421 opinabilis,
425 1383 583 1412 incertus.
599 1381 701 1412 Acad.
717 1382 738 1412 i.
757 1385 786 1413 8.
807 1379 908 1413 Tusc.

173 1425 219 1455 iii.
236 1429 288 1456 31.

222 1468 372 1508 Opinari,
387 1470 434 1500 rei
459 1470 596 1500 incertae
620 1471 786 1507 assentiri,
805 1469 906 1501 Acad.

175 1512 217 1542 iv.
234 1515 287 1543 20.
312 1513 393 1543 nihil
408 1515 546 1552 opinari.

221 1556 379 1596 Opinatio.
401 1557 502 1588 Tusc.
520 1558 560 1587 iv.
578 1561 608 1591 7.
631 1559 769 1596 opinatio
783 1563 834 1587 cst
847 1558 908 1587 1111-

176 1599 296 1630 becilla
307 1601 463 1631 assensio.
477 1601 563 1630 conf.
582 1601 681 1631 Acad.
695 1601 716 1631 i.
734 1604 781 1631 11.
798 1601 838 1631 iv.
852 1604 904 1632 34.

219 1643 388 1684 Offinator,
405 1646 461 1683 qui
478 1645 575 1674 rebus
592 1645 740 1683 quamvis
758 1645 906 1682 incertis,

171 1691 287 1717 tamen
304 1689 496 1725 assentitur,
512 1693 551 1718 ut
567 1689 665 1718 certis
681 1700 687 1716 :
712 1692 751 1718 ut
774 1688 904 1719 faciunt

171 1731 373 1761 Academici.
404 1731 505 1762 Acad.
522 1732 563 1761 iv.
581 1733 632 1762 20.
667 1742 728 1771 ego
745 1741 818 1761 suin
836 1742 905 1762 nia-

172 1784 257 1814 gnus
273 1776 429 1815 opinator.

219 1817 388 1858 Opinatas.
431 1819 532 1850 Tusc.
564 1819 612 1849 iii.
648 1822 696 1849 11.
735 1820 904 1858 opinatum

171 1862 310 1900 bonum,
327 1863 507 1902 opponitur
522 1871 598 1892 vero
613 1867 649 1892 et
665 1868 767 1892 certo.

217 1905 396 1946 Opiniosus,
411 1908 565 1946 opinator.
593 1906 694 1936 Acad.
709 1906 751 1936 iv.
767 1909 821 1940 47.
837 1907 905 1937 An-

170 1949 292 1988 tipater
314 1953 349 1980 et
370 1950 589 1980 Archidemus
613 1951 830 1991 opiniosissimi
847 1950 905 1980 ho-

170 2001 289 2023 mines.

218 2035 415 2077 Oppidanos.
450 2037 546 2068 Brut.
576 2038 627 2072 69.
666 2037 776 2067 multa
805 2048 905 2077 opera

162 2079 277 2117 ignoti
300 2080 450 2111 homines
474 2085 509 2111 et
532 2081 698 2120 repentini
722 2087 904 2120 quaestores

173 2122 255 2153 facti
266 2131 345 2154 sunt
359 2125 517 2164 oppidano
530 2125 672 2163 quodam
686 2128 720 2154 et
731 2125 905 2155 incondito

173 2175 293 2204 genere
310 2167 456 2198 dicendi.
473 2169 494 2198 i.
511 2179 539 2198 e.
565 2178 628 2207 quo
646 2169 680 2198 in
696 2168 826 2208 oppidis
842 2169 905 2198 mi-

171 2210 304 2240 noribns
315 2211 423 2241 solent
433 2212 481 2241 uti
494 2224 501 2242 z
516 2212 619 2242 nostri
634 2212 903 2242 kleinstadtisch.

216 2252 453 2293 Oppignerare,
471 2256 600 2295 pignori
618 2256 707 2286 dare.
733 2256 824 2285 Sext.
850 2259 903 2287 51.

167 2295 270 2326 libelli
293 2299 396 2329 etiam
418 2309 477 2339 pro
501 2300 577 2329 vino
600 2309 688 2340 saepe
712 2301 904 2339 oppignera-

168 2341 300 2372 bantur.

214 2383 390 2424 Opponere,
407 2385 426 2403 ²*
437 2386 674 2424 excusationis,
688 2391 746 2417 aut
759 2385 824 2416 alia
839 2397 905 2425 qua

166 2427 267 2458 simili
290 2429 330 2458 de
355 2439 454 2459 causa
476 2430 603 2460 afferre.
626 2431 695 2460 Att.
720 2431 741 2460 i.
768 2433 795 2460 1.
821 2430 903 2460 illud

164 2480 263 2501 suum
280 2482 420 2512 regnum
431 2473 591 2512 judiciale
608 2475 758 2514 opposuit.
782 2474 801 2493 ²*
812 2483 903 2503 com-

166 2524 350 2545 memorare
368 2517 401 2545 in
418 2518 620 2547 contrariam
637 2523 777 2557 partem.
811 2518 901 2547 Sext.

170 2561 219 2592 19.
243 2568 297 2589 eos
312 2561 423 2598 opponi
441 2566 604 2590 auctores.
635 2561 677 2591 ad
692 2562 769 2592 Div.
786 2561 852 2590 viii.
874 2564 900 2591 1.

167 2611 286 2632 manus
302 2603 343 2632 ad
359 2612 394 2632 os
409 2613 573 2643 opponere,
586 2610 637 2634 est
653 2605 786 2644 signum
803 2604 903 2634 silen-

167 2645 206 2674 tii
231 2646 394 2676 servandi.
428 2647 446 2665 ³*
459 2648 545 2677 Cum
581 2648 814 2688 praepositione
850 2648 902 2678 ad.

166 2687 255 2718 Mur.
279 2692 332 2719 40.
357 2690 397 2720 ad
419 2700 518 2721 omne
536 2691 721 2731 periculum
738 2694 837 2731 atque
860 2691 902 2721 ad

165 2741 300 2762 omnem
317 2733 473 2764 invidiam
489 2735 578 2764 solus
594 2736 772 2775 opponitur.
806 2735 900 2765 verr.

165 2775 212 2805 iii.
227 2778 279 2810 57.
297 2776 337 2806 ad
351 2778 520 2816 pactiones
536 2778 704 2808 faciendas
722 2788 788 2808 non
805 2788 901 2809 suam

164 2818 348 2856 vim‚-sed
362 2826 460 2851 tuum
478 2831 600 2851 nornen
615 2826 816 2862 opponerent.

211 2861 451 2902 Opportunitas.
476 2864 546 2896 lnv.
564 2866 585 2895 i.
601 2867 632 2895 2.
651 2867 901 2905 opportunitates

164 2905 335 2939 inanimis
351 2917 463 2941 rerum
485 2909 728 2941 maximarum:
754 2909 794 2940 de
816 2909 902 2947 doti·

1625 100 1706 147 ⁸7⁵

967 202 1027 232 bus
1043 202 1158 232 animi.

1014 245 1192 285 Oppressio,
1209 244 1363 274 servitus.
1388 243 1492 274 Attio.
1512 243 1545 274 ii.
1567 245 1614 274 18.
1642 242 1704 273 hac

965 294 1081 319 tamen
1093 290 1126 319 in
1139 290 1330 328 oppressione
1341 286 1629 318 sermo—liberior
1639 294 1703 325 est,

966 343 1065 371 quam
1083 333 1159 362 suit.
1175 333 1215 361 cf.
1233 332 1330 361 Offic.
1348 332 1393 360 iii.
1410 332 1462 361 221.

1012 376 1199 416 Oppressus,
1223 376 1257 405 in
1281 383 1431 404 sermone
1456 377 1507 403 cst
1530 373 1702 411 obscurus,

965 429 1030 449 non
1047 420 1127 450 satis
1145 419 1231 450 clare
1253 418 1506 458 pronunciatus»,
1523 422 1561 447 ut
1578 416 1703 446 intelli-

964 464 995 502 gi
1020 464 1134 503 possit.
1168 463 1262 493 Offic.
1280 463 1300 491 i.
1317 464 1368 495 37.
1402 461 1506 490 literae
1524 470 1631 498 neque
1648 470 1700 500 op-

958 517 1088 545 pressce,
1103 516 1210 546 neque
1222 514 1398 545 expressae,
1411 513 1451 534 ne
1469 509 1528 533 aut
1543 503 1697 542 putidum

962 551 1018 587 sit,
1045 554 1104 580 aut
1126 551 1316 580 obscurum.
1351 548 1448 578 *non
1472 548 1564 577 libcr.
1590 547 1700 579 Pison.

967 597 1014 624 13.
1050 603 1143 624 mens
1172 603 1319 634 oppressa
1350 591 1498 631 praemio.
1537 590 1614 620 ibid.
1648 594 1698 625 17.

961 638 1168 668 conscicntia
1204 637 1367 666 scelerum
1405 644 1581 674 oppressus,
1614 634 1699 665 nihil

962 691 1060 711 ausus
1077 686 1128 711 est
1143 680 1184 710 ad
1200 686 1355 710 senatum
1370 680 1522 709 scribere.
1545 678 1563 695 ’θ
1574 679 1698 708 0οΕΓοί-

961 729 1029 762 tus,
1046 725 1207 755 frenatus.
1233 723 1339 753 Flacc.
1367 723 1414 753 16.
1447 722 1585 751 audacia
1605 731 1696 751 com·

961 768 1124 808 prehensa
1154 773 1189 798 et
1217 777 1366 807 oppressa
1393 770 1540 795 tenetur.
1574 765 1696 795 *furto

960 811 1089 842 ablatus
1113 816 1148 841 et
1171 816 1334 842 retentus.
1355 810 1447 840 Verr.
1473 810 1505 839 ii.
1531 812 1579 843 19.
1603 809 1696 847 quic-

960 856 1038 895 quid
1054 855 1162 886 caelati
1178 855 1321 894 argenti,
1338 853 1585 883 Corinthiorum
1603 862 1695 882 vaso-

960 899 1151 930 rum—haec
1168 909 1266 928 nemo
1282 897 1468 933 dubitabat,
1485 897 1564 935 quin
1583 906 1621 926 ex
1639 896 1696 926 illa

960 943 1057 974 domo
1081 948 1180 982 capta
1202 949 1235 972 et
1259 950 1407 982 oppressa
1425 942 1483 970 &c.
1507 940 1577 969 *de
1595 941 1694 970 mori-

960 987 1073 1017 bundo
1088 992 1140 1016 est
1156 986 1235 1016 Coel.
1253 989 1306 1016 ⁶24.
1331 994 1423 1014 mens
1435 993 1592 1024 oppressa.
1610 984 1694 1014 *su-

961 1031 1032 1060 bito
1057 1034 1185 1070 ruptus.
1213 1029 1294 1060 Lael.
1319 1031 1371 1059 21.
1400 1032 1437 1058 ut
1461 1028 1609 1057 amicitia
1635 1038 1694 1067 po-

962 1075 1028 1104 tius
1059 1074 1226 1104 exstincta
1256 1083 1355 1112 quam
1388 1081 1535 1112 oppressa
1565 1071 1693 1101 videre·

958 1125 1015 1147 tur
1044 1119 1113 1158 (np.
1141 1118 1228 1147 sicut
1252 1116 1443 1147 incendium
1470 1114 1593 1152 ruina).
1620 1115 1692 1146 Cae-

958 1163 1023 1191 cin.
1052 1162 1100 1192 16.
1116 1162 1173 1201 jus
1198 1160 1292 1190 civile
1315 1169 1509 1200 oppressum,
1527 1164 1589 1196 est,
1615 1169 1691 1189 cum

958 1206 1122 1245 potentia,
1147 1205 1265 1244 gratia,
1297 1204 1439 1245 pecunia
1469 1203 1623 1241 efficitur,
1654 1208 1694 1233 ut

958 1255 1075 1279 contra
1084 1249 1141 1287 jus
1159 1254 1288 1288 agatur.

1005 1292 1204 1333 Opprimere,
1222 1295 1385 1328 coercere,
1404 1290 1595 1331 reprimere.
1621 1290 1692 1322 Pin.

958 1337 990 1366 ii.
1014 1340 1062 1367 io.
1077 1346 1151 1375 quae
1163 1337 1232 1376 jam
1247 1336 1352 1365 oratio
1368 1345 1434 1366 non
1450 1344 1469 1364 a
1483 1334 1693 1374 philosopho,

957 1380 1014 1409 sed
1029 1390 1047 1410 a
1064 1380 1207 1410 Censrre
1223 1379 1432 1420 opprimenda
1447 1383 1507 1408 est.
1531 1378 1549 1395 '⁴‘
1561 1378 1654 1408 Verr.
1671 1379 1694 1409 i.

957 1429 986 1458 9.
1012 1425 1147 1464 opprimi
1164 1434 1238 1454 reus
1255 1423 1389 1460 dicitur,
1402 1423 1458 1461 qui
1475 1421 1600 1451 indicta
1616 1432 1692 1452 cau-

956 1477 1004 1504 sa,
1045 1468 1207 1506 injusteve
1243 1467 1498 1497 condemnatur.
1532 1465 1692 1505 *cogere

956 1511 1048 1541 Verr.
1072 1511 1119 1541 iii.
1143 1514 1194 1542 55.
1219 1511 1354 1547 institit,
1370 1510 1532 1550 oppressit,
1550 1519 1616 1539 non
1642 1520 1692 1540 re-

955 1555 1057 1585 misit.
1083 1554 1222 1584 ductum
1249 1560 1300 1584 est
1324 1554 1364 1583 ab
1387 1553 1598 1594 oppressione
1618 1553 1691 1584 fau-

955 1599 1056 1628 cium.
1081 1599 1248 1639 *opprimi
1272 1598 1408 1634 dicitur,
1424 1598 1612 1635 cuicunque
1632 1597 1692 1627 ali-

954 1642 1032 1681 quid
1056 1643 1167 1672 subito
1191 1647 1226 1672 et
1248 1645 1369 1681 praeter
1391 1641 1581 1681 opinionem
1605 1641 1692 1671 acci-

954 1686 1013 1716 dit.
1037 1686 1130 1716 verr.
1154 1687 1196 1715 iv.
1219 1686 1271 1719 67.
1297 1695 1338 1715 ne
1355 1685 1466 1715 subito
1481 1695 1500 1714 a
1516 1694 1569 1714 me
1585 1686 1691 1725 oppri-

955 1734 1105 1768 mantur,
1129 1739 1174 1759 sc.
1205 1728 1451 1768 interrogando.
1484 1728 1527 1758 ib.
1560 1728 1606 1758 iii.
1636 1732 1690 1763 91.

953 1773 1139 1804 Antonium
1166 1783 1254 1803 mors
1280 1773 1442 1814 oppressit.
1467 1775 1558 1812 ¹¹‘pro
1580 1772 1692 1802 occul-

952 1821 1023 1847 tare
1041 1823 1091 1847 est
1106 1817 1203 1848 Rosc.
1219 1818 1293 1848 Am.
1311 1819 1364 1847 41.
1388 1817 1428 1846 ab
1445 1816 1483 1846 iis
1495 1817 1691 1857 opprimitur

952 1864 988 1891 et
1001 1861 1227 1891 absconditur.

1001 1904 1169 1945 Optabilis.
1192 1905 1250 1935 Or.
1274 1904 1307 1934 ii.
1326 1905 1378 1934 852.
1402 1904 1436 1933 in
1452 1903 1623 1933 suadendo
1640 1904 1690 1934 ni-

953 1949 1000 1979 hil
1017 1954 1067 1978 est
1091 1949 1273 1989 optabilius,
1290 1948 1311 1977 1.
1329 1958 1358 1976 e.
1376 1947 1480 1985 magis
1498 1947 1691 1986 legendum,

953 1994 986 2023 in
1003 1992 1135 2022 delectu
1153 1994 1428 2031 argumentorum
1443 1991 1661 2030 sequendum.

1001 2036 1136 2076 Optare,
1165 2035 1343 2075 requirere.
1377 2034 1501 2064 Caecin.
1531 2037 1578 2065 10.
1611 2034 1691 2073 quid

954 2090 1053 2110 eausa
1075 2084 1212 2120 optaret.
1235 2078 1408 2117 *deligere
1433 2087 1538 2108 unum
1553 2088 1570 2108 e
1588 2078 1692 2118 pluri-

953 2123 1025 2154 bus.
1056 2123 1152 2154 Rosc.
1169 2123 1207 2153 A.
1229 2126 1277 2152 ll.
1305 2127 1388 2162 optet
1404 2126 1518 2151 utrum
1536 2121 1643 2152 malit.
1659 2132 1689 2152 v·

953 2168 1060 2197 Graev.
1077 2167 1118 2197 ad
1134 2167 1251 2206 Quint.
1267 2171 1298 2200 9.
1328 2170 1439 2205 optare
1454 2165 1626 2204 eleganter
1642 2166 1691 2196 di-

953 2215 1077 2241 cuntur
1097 2210 1299 2251 philosophi,
1323 2210 1379 2248 qui
1402 2209 1528 2247 aliquid
1551 2213 1691 2239 conten-

952 2255 1038 2285 dunt
1068 2264 1183 2285 verum
1215 2264 1299 2289 esse,
1329 2258 1364 2282 et
1394 2253 1537 2292 cupiunt
1567 2263 1691 2293 propu-

953 2308 1055 2338 gnare
1082 2303 1117 2328 et
1140 2298 1352 2333 confirmare,
1376 2296 1433 2326 sed
1458 2305 1524 2326 non
1548 2300 1691 2336 possunt

953 2342 1072 2372 idonea
1088 2346 1290 2381 argumenta
1306 2340 1433 2370 afferre.
1468 2340 1570 2370 Tusc.
1586 2340 1620 2370 ii.
1642 2344 1690 2372 13.

951 2390 1061 2425 optare
1076 2385 1138 2416 hoc
1154 2389 1217 2421 est,
1235 2394 1301 2414 non
1319 2384 1446 2413 docere.
1464 2383 1506 2413 cf.
1529 2383 1631 2414 Acad.
1647 2385 1690 2415 iv.

951 2433 1004 2460 38.
1035 2430 1115 2460 Nat.
1140 2429 1183 2460 D.
1207 2429 1228 2458 i.
1254 2432 1284 2459 8.
1312 2432 1421 2468 optata
1445 2427 1564 2466 magis,
1589 2438 1689 2467 quam

951 2474 1087 2503 inventa
1101 2473 1266 2503 videntur.

999 2516 1188 2557 optimates,
1201 2517 1257 2555 qui
1275 2515 1406 2555 proprie
1422 2515 1502 2552 sint,
1517 2525 1636 2555 nempe
1652 2516 1691 2554 ii,

950 2560 1007 2599 qui
1031 2561 1167 2600 optimas
1194 2566 1304 2599 partes
1336 2559 1371 2588 in
1395 2558 1521 2598 republ.
1545 2569 1691 2598 sequun-

949 2610 1020 2640 tur,
1058 2609 1340 2643 opponunturque
1384 2602 1610 2641 popularibuS,
1649 2603 1691 2633 de

951 2647 1070 2687 quibus
1095 2657 1185 2683 mox,
1204 2646 1343 2676 docetur
1366 2646 1454 2675 Sext.
1479 2649 1534 2683 45,
1552 2646 1603 2676 66.
1632 2647 1689 2685 qui

949 2695 1031 2721 sunt
1056 2690 1119 2722 loci
1150 2689 1291 2727 classici,
1315 2695 1350 2719 et
1377 2689 1532 2728 quoniam
1560 2689 1593 2719 hi
1621 2690 1690 2720 fere

949 2739 1031 2764 sunt
1068 2733 1219 2763 homines
1265 2733 1474 2773 superiorum
1521 2733 1689 2771 ordinum,

949 2778 1047 2818 pauci
1070 2777 1110 2806 de
1134 2777 1242 2817 plebe,
1259 2777 1322 2806 nisi
1337 2776 1421 2806 forte
1443 2776 1692 2816 locupletiores,

949 2825 1127 2862 propterea
1140 2822 1308 2860 optimates
1326 2820 1428 2849 etiam
1443 2820 1614 2850 interdum
1632 2831 1691 2861 op—

950 2870 1124 2906 ponuntur
1138 2864 1237 2904 plebi.
1255 2863 1320 2894 vid.
1336 2863 1473 2893 Tuscul.
1487 2864 1509 2893 i.
1524 2866 1578 2894 45.

985 2907 1100 2948 Optio.
1125 2908 1159 2938 in
1177 2907 1290 2939 Caecil.
1312 2909 1360 2939 14.
1388 2908 1541 2948 optionem
1559 2907 1687 2938 facere:

1037 2960 1055 2982 ⁸
1073 2952 1092 2983 b
1120 2954 1140 2982 4
