1985 3206
741 91 890 121 {NDEx
912 91 1046 120 LATIN
1054 93 1210 121 ITATIS.

217 185 365 218 dicionem
389 182 429 214 tle
452 192 493 213 ea
517 192 551 213 re
571 182 696 223 accepi.
720 181 844 212 *Vera
862 181 883 211 i.
900 181 954 212 46.

217 230 380 261 auditione
395 232 550 267 expetere
571 228 672 266 coepit
688 226 861 261 feminam,
880 225 902 254 i.
923 234 952 254 e.

219 283 296 303 cuin
319 276 456 302 tantum
487 270 646 308 audisset,
674 279 748 300 eam
774 268 955 298 formosam

223 326 304 347 esse.
329 325 358 344 v.
374 314 467 344 Verr.
484 314 525 343 iv.
542 314 595 344 46.

262 359 413 390 Auditor.
447 359 546 388 Doin.
579 359 632 388 24.
668 355 723 386 ille
755 365 796 385 ne
825 354 958 385 meditor

220 403 355 442 quidem
386 411 454 431 suae
486 401 614 440 gloriae,
646 409 708 438 ego
742 400 844 429 etiam
883 408 957 438 spe-

221 452 329 477 ctator
346 455 427 475 ineae
446 444 550 474 laudis
567 453 638 473 esse
653 443 848 483 potuissem.

264 491 386 520 A.··cllo.
408 488 509 519 Tusc.
526 489 567 518 iv.
589 490 638 517 11.
664 487 837 526 aegrotatio
861 486 958 515 avelli

225 543 291 564 non
311 537 432 573 potest.

263 578 423 608 Auem-ere
438 575 615 615 pecuniam
633 584 652 603 a
667 574 774 604 sociis.
799 572 892 603 Verr.
912 572 957 603 iii.

223 624 275 655 75.
293 622 345 655 96.
370 620 508 659 eripere.
531 618 595 647 Sed
612 617 712 647 lectio
728 617 830 646 dubia
846 620 906 647 est.

265 665 412 695 Aversor.
434 663 526 692 Verr.
542 672 572 691 v·
591 664 641 692 53.
663 671 794 691 (mersor
810 661 960 700 pecuniae

223 708 380 749 publicae.

265 752 414 782 Avernas.
440 749 497 780 Or.
515 749 547 778 ii.
566 749 617 779 63.
642 747 796 778 adversus
814 751 848 777 et
868 757 961 778 urer-

222 806 276 827 sns
293 795 481 835 impudicus
501 803 546 823 es.
569 793 667 822 Tusc.
688 792 729 821 iv.
759 793 806 821 15.
831 801 962 822 aversus

225 851 244 870 a
259 839 398 870 ratione.
417 846 607 877 repugnans
626 836 757 865 rationi.

267 884 433 913 Avertere.
458 881 574 918 furari,
599 880 632 909 in
662 889 731 909 rein
762 888 857 908 suam
884 888 961 907 con-

225 934 364 956 vertere.
403 925 496 955 verr.
524 924 570 953 iii.
601 927 649 957 19.
688 927 834 952 avertere
862 932 963 962 pecu—

228 971 316 1000 niam
335 970 483 999 domuin.
510 967 595 997 conf.
617 968 637 997 i.
654 969 685 996 4.
710 967 742 995 ii.
769 969 820 996 58.
846 966 892 996 iii.
910 966 962 999 69.

224 1014 324 1044 *Ate
354 1014 417 1043 xvi.
443 1016 474 1045 7.
506 1012 561 1051 qui
585 1021 637 1040 me
662 1020 681 1040 a
706 1014 799 1040 tanta
826 1009 964 1039 infamia

225 1059 357 1088 avertit.
382 1057 402 1086 i.
425 1065 454 1085 e.
472 1055 652 1095 prohibuit.
676 1053 745 1083 *ad
763 1054 841 1083 Div.
859 1053 915 1082 xii.
933 1053 962 1083 6.

225 1111 326 1131 omen
353 1103 506 1130 avertunt
532 1099 601 1128 Dii.
624 1097 781 1134 formula,
800 1107 866 1135 qua
889 1104 964 1126 ute-

225 1145 359 1181 bantur,
378 1153 455 1173 cum
479 1141 604 1181 aliquid
628 1141 813 1178 accidisset,
833 1144 892 1170 aut
915 1140 963 1170 di-

226 1195 318 1218 ctum
351 1191 451 1223 esset,
484 1186 571 1225 quod
603 1185 681 1215 mali
713 1185 833 1214 ominis
866 1188 963 1214 esset.

225 1233 367 1272 Quare?
408 1241 437 1260 v.
468 1240 520 1269 ap.
553 1229 693 1259 Casaub.
724 1228 765 1258 ad
795 1227 963 1268 Theophr.

227 1276 299 1318 vigi
313 1272 458 1313 δειηῧαιμ.
476 1284 506 1313 p.
525 1283 568 1303 m.
586 1274 660 1303 2212.

271 1318 426 1359 Auferre.
455 1318 615 1357 accipere.
640 1317 736 1346 Rosc.
764 1318 795 1346 ⁴.
820 1315 876 1354 qui
903 1325 965 1345 un-

228 1373 328 1402 quam
344 1363 384 1392 ad
401 1362 576 1398 arbitrum,
587 1364 749 1399 quantum
768 1360 878 1399 petiit,
891 1364 965 1389 tan-

227 1411 301 1437 tum
327 1406 473 1436 abstulit.
507 1405 656 1444 ⁷’‘Quint.
683 1408 712 1435 5.
746 1413 868 1443 paucos
895 1403 964 1433 dies

227 1449 342 1491 aufert
367 1460 385 1479 a
404 1448 564 1489 Scapulis.
582 1449 603 1478 i.
621 1457 649 1477 e.
667 1448 825 1487 impetrat
843 1457 965 1487 pauco-

229 1505 304 1524 rum
321 1494 449 1523 dierum
466 1492 671 1523 dilationem.
688 1502 716 1520 v.
742 1491 904 1520 Passerat.
924 1491 966 1521 ad

229 1538 261 1568 h.
277 1537 297 1568 l.
313 1542 346 1567 et
358 1537 464 1567 Graev.
482 1536 523 1566 ad
538 1536 579 1566 vi.
594 1535 718 1565 adDiv.
735 1537 783 1566 12.
801 1536 821 1555 ¹*
832 1534 874 1564 ad
889 1535 965 1565 Div.

229 1582 263 1611 ii.
288 1585 319 1615 7.
344 1591 385 1610 ne
409 1584 442 1610 te
466 1579 626 1619 [mserum
650 1579 791 1609 aliorum
816 1579 964 1609 consilia.

229 1625 271 1655 ad
295 1625 370 1654 Div.
395 1624 461 1654 viii.
490 1628 537 1658 17.
563 1624 649 1653 bona
673 1632 766 1652 niens
793 1623 967 1652 iracundia

229 1668 264 1698 et
284 1678 395 1699 amore
419 1668 539 1698 ablata.
567 1677 613 1697 sc.
638 1666 770 1706 (auferri
793 1665 965 1704 dicuntur,

230 1713 285 1752 qui
319 1712 490 1742 affectibus
522 1714 581 1741 aut
610 1720 808 1750 quacunque
839 1710 965 1740 ratione

228 1756 408 1787 transversi
440 1756 629 1795 rapiuntur,
662 1764 769 1793 neque
801 1754 965 1784 rationem

231 1800 384 1837 audiunt,
401 1803 500 1838 atque
518 1799 565 1829 ita
581 1798 666 1828 male
685 1801 802 1837 agunt.
820 1807 850 1828 v.
863 1797 965 1828 Gron.

231 1844 272 1873 ad
292 1844 358 1873 Liv.
376 1853 471 1873 xxxv,
493 1845 541 1873 1⁶2.
565 1842 744 1873 Dukcrum
768 1840 809 1870 ad
830 1841 914 1872 Flor.
932 1842 964 1871 ii.

230 1888 261 1918 6.
286 1887 401 1917 Burm.
419 1886 460 1916 ad
476 1886 572 1917 Ovid.
590 1885 670 1915 Her.
689 1886 719 1916 6.
740 1888 791 1916 31.

272 1932 395 1971 Aug-eo.
420 1931 515 1961 Offic.
534 1931 566 1960 ii.
584 1930 614 1959 6.
638 1939 761 1968 augere
785 1928 966 1960 hominem.

231 1975 252 2005 i.
285 1986 314 2005 e.
356 1976 426 2014 ejus
458 1973 641 2004 commodis
672 1973 842 2003 inservire.
882 1973 900 1991 ²*
916 1979 968 2004 est

230 2020 332 2048 etiam
357 2018 509 2055 oratoris,
533 2027 610 2047 cum
637 2017 830 2056 amplificat.
862 2017 920 2047 Or.
946 2018 966 2047 i.

231 2064 284 2093 2³1.
310 2072 339 2092 ν.
357 2061 586 2101 amplificatio.
609 2061 705 2090 *Offi
732 2061 764 2090 ii.
782 2062 834 2090 ⁶20.
859 2069 967 2100 neque

232 2105 338 2135 verbis
355 2110 453 2144 auget
471 2114 592 2135 munus
610 2114 720 2134 Suum.

275 2150 407 2187 Augur.
433 2149 594 2188 interpres
609 2149 717 2178 omnis
734 2148 966 2186 auguriorum.

232 2192 273 2222 ad
291 2193 366 2223 Div.
385 2193 426 2222 vi.
443 2193 473 2222 6.
498 2202 598 2231 quare
612 2202 702 2229 cum,
720 2195 758 2221 ut
773 2201 919 2230 augures·
934 2195 969 2221 et

233 2236 390 2276 astrologi
402 2235 511 2266 solent
523 2236 581 2266 ἃς.
605 2235 623 2252 ²*
633 2235 849 2265 Sam-dotum
862 2245 967 2274 genus

232 2279 360 2317 Roman,
392 2280 446 2310 cui
481 2280 714 2319 interpretatio
749 2281 968 2317 auguriorum

232 2327 304 2353 erat
334 2324 464 2363 publice
496 2323 665 2353 mandata.
697 2322 737 2352 ad
764 2323 840 2353 Div.
869 2324 910 2353 vi.
937 2324 968 2353 6.

232 2377 293 2406 ego
310 2378 423 2407 augur
438 2368 602 2407 pubiicuS.
618 2367 696 2397 ibid.
714 2367 760 2396 iii.
785 2368 834 2396 10.
858 2377 969 2406 augu-

232 2420 303 2441 rem
329 2412 408 2441 oliui
433 2411 547 2441 Romae
572 2411 719 2451 cooptari
744 2419 809 2440 non
834 2409 969 2447 licebat,

233 2456 292 2484 ἂρ.
310 2455 374 2485 vid.
394 2455 545 2494 inprimis
563 2454 644 2493 Leg.
661 2456 695 2484 ii.
713 2456 743 2484 8.

275 2500 470 2538 Auguralis.
504 2498 598 2528 Brut.
626 2502 678 2532 77.
711 2498 764 2537 jus
790 2500 967 2536 augurale.

233 2541 276 2571 ad
291 2543 367 2573 Div.
385 2543 431 2572 iii.
450 2545 499 2572 11.
524 2542 597 2572 libri
621 2543 814 2580 augurales,
834 2542 854 2571 i.
875 2552 904 2571 c.
929 2542 970 2572 de

227 2585 304 2624 jure
331 2587 505 2624 augurali,
523 2596 604 2625 quos
631 2585 757 2625 Appius
781 2586 969 2624 scripserat.

233 2630 346 2660 Divin.
360 2630 380 2660 i.
394 2633 445 2660 33.
461 2631 644 2668 augurales
655 2630 728 2659 libri
742 2629 970 2659 Etruscorum.

235 2673 276 2703 ad
294 2673 369 2703 Div.
385 2673 439 2703 vii.
457 2674 508 2704 ⁴26.
533 2674 711 2711 auguralis
729 2682 822 2702 coena
837 2685 843 2701 ι
869 2683 969 2712 quam

234 2717 359 2747 dabant
374 2718 449 2747 novi
466 2726 622 2755 augures.
642 2717 734 2747 Varr.
752 2716 791 2746 R.
811 2716 852 2746 R.
871 2717 918 2746 iii.
939 2717 970 2747 6.

275 2761 467 2799 Augurare,
478 2761 618 2799 augurio
636 2760 805 2800 explorare
818 2759 971 2790 volunta-

232 2807 302 2834 tem
318 2805 477 2835 Deorum.
493 2804 597 2843 Legg.
608 2805 642 2834 ii.
656 2807 686 2835 8.
707 2803 849 2837 salutem
862 2814 972 2844 augu-

234 2853 323 2878 rant.

276 2892 476 2933 Auguratc'o,
490 2892 692 2933 auspicium,
705 2890 876 2922 divinatio.
894 2891 971 2924 Div.

1656 79 1738 117 203

999 181 1032 211 ii.
1058 184 1109 211 30.
1133 191 1207 221 quae
1230 179 1370 211 tandem
1397 179 1462 210 ista
1483 178 1664 218 auguratio
1687 182 1740 209 est

997 234 1037 254 ex
1055 225 1251 264 passeribus.

1040 269 1252 307 Aug-aratus,
1277 278 1308 305 a,
1334 277 1406 304 um,
1431 268 1668 303 consecratus;
1694 265 1736 295 de

998 312 1093 349 lucis,
1109 322 1183 350 quae
1201 312 1321 342 ceteris
1338 311 1528 341 cerimoniis
1543 318 1740 338 consecran-

999 361 1068 392 tur,
1092 355 1278 395 cujusmodi
1304 355 1376 385 loca
1399 355 1513 385 omnia
1537 352 1665 392 templa
1687 363 1744 382 vo-

1000 406 1132 430 cantur.
1157 410 1187 429 v.
1210 399 1389 438 templum.
1411 398 1526 428 vatin.
1554 400 1603 427 10.
1628 397 1662 426 in
1685 396 1743 426 illo

1000 448 1167 481 augurato
1189 443 1318 483 templo
1344 453 1381 473 ac
1406 441 1490 471 loco.
1517 441 1537 471 i.
1562 450 1590 470 e.
1616 449 1675 480 pro
1692 450 1745 470 ro-

1001 488 1091 517 stris.

1045 531 1257 569 Augurutus,
1291 528 1516 559 sacerdotium
1554 537 1740 566 augurum.

1001 573 1114 604 Vatin.
1130 578 1160 607 9.
1186 584 1226 603 ne
1244 573 1372 603 diutius
1395 572 1512 611 loquar
1535 572 1573 601 de
1595 581 1745 611 anguru-

1003 622 1039 647 tu
1055 622 1124 647 tuo.
1150 618 1226 647 Div.
1247 618 1267 647 i.
1290 620 1339 650 17.
1366 616 1469 646 lituus
1487 616 1617 654 insigne
1635 625 1745 654 augu-

1003 666 1106 692 rulus.
1124 661 1142 679 ⁵*
1154 661 1294 691 scientia
1309 670 1494 700 augurum.
1510 659 1589 689 ibid.
1603 659 1746 689 seientia

1005 710 1204 744 uuguraius.

1048 750 1251 787 Augurium.
1299 748 1371 788 ipsa
1411 747 1498 777 actio
1537 746 1746 786 auspicandi.

1004 793 1082 823 hinc
1101 805 1106 822 :
1147 793 1329 831 augurium
1370 801 1480 830 agere,
1520 800 1650 830 capere.
1686 791 1746 821 &c.

1004 838 1081 867 Div.
1110 837 1131 867 i.
1162 840 1209 870 17.
1239 836 1335 866 Offic.
1362 835 1409 865 iii.
1442 835 1490 864 16.
1521 834 1580 864 ἃς.
1622 835 1698 864 Div.
1723 834 1745 864 i.

1004 883 1057 914 47.
1087 874 1203 910 salutis
1231 880 1412 918 augurium
1445 877 1592 920 (οἰώνισμα
1619 876 1743 916 ὑγιείας)

1005 925 1071 956 Dio
1103 924 1236 954 Cassius
1277 924 1299 953 l.
1333 923 1452 952 xxxvii.
1486 932 1517 961 p.
1549 925 1602 952 40.
1642 922 1752 961 expli-

1006 974 1061 997 cat
1086 968 1165 1006 quid
1190 969 1251 997 sit:
1286 967 1371 996 τοῦτο
1394 965 1420 995 δὲ
1444 964 1586 1004 μαντείας
1613 978 1656 999 τις
1684 965 1747 1007 7ρὸ-

1008 1023 1060 1044 οτος
1085 1012 1125 1043 ie>
1148 1010 1232 1043 arf-rur
1256 1010 1320 1040 τινὰ
1349 1010 1438 1049 ἔχων,
1464 1009 1488 1038 u'
1513 1009 1657 1051 ἐπιτρέπει
1681 1008 1749 1048 σφί-

1007 1055 1074 1085 ano‘
1092 1055 1161 1088 Θεδς
1179 1054 1299 1093 ὑγιείαν,
1315 1055 1357 1093 τῷ
1380 1051 1460 1092 δ’ἳμῳ
1481 1053 1613 1089 αἶα-ἧσαι,
1630 1053 1665 1085 ὡς
1689 1052 1749 1093 οὐχ

1008 1097 1089 1134 ἴσων,
1107 1097 1172 1128 οὔτε
1195 1098 1308 1130 αἴτησιν
1329 1097 1438 1131 αὐτοῖς,
1455 1096 1527 1138 πρὶν
1547 1096 1748 1138 συγχωρηθῆ-

1008 1155 1060 1176 vau,
1077 1141 1225 1181 γενέσθαι,
1245 1146 1303 1171 ἃς.
1330 1141 1370 1171 cf.
1390 1140 1533 1180 Interpr.
1551 1142 1591 1169 ad
1606 1141 1744 1171 Sueton.

1006 1186 1148 1223 August.
1177 1189 1228 1216 31.
1256 1186 1345 1224 Lips.
1375 1184 1417 1214 ad
1442 1183 1523 1213 Tac.
1548 1183 1586 1213 A.
1612 1184 1666 1213 xii.
1692 1185 1744 1215 22.

1006 1229 1200 1267 Augurium
1222 1239 1340 1269 capere
1366 1228 1470 1257 etiam
1487 1227 1526 1257 de
1543 1228 1679 1266 privatis
1697 1227 1746 1257 di-

1008 1273 1050 1311 ci,
1068 1279 1101 1302 et
1117 1275 1300 1311 augurium
1318 1273 1421 1302 etiam
1446 1281 1505 1312 pro
1529 1272 1642 1301 omine
1666 1282 1746 1310 quo-

1008 1326 1152 1355 cunque,
1171 1323 1271 1356 atque
1292 1316 1373 1346 adeo
1392 1315 1528 1345 oraculo
1552 1315 1630 1352 dici,
1648 1315 1748 1346 docet

1009 1360 1079 1390 Cel.
1096 1361 1256 1391 Burman.
1275 1360 1315 1390 ad
1333 1361 1470 1389 Sueton.
1488 1359 1573 1397 Aug.
1588 1363 1640 1393 95.
1665 1359 1683 1377 ³*
1696 1359 1747 1389 in·

1007 1405 1206 1444 terpretatio
1229 1404 1466 1444 auspiciorum,
1484 1408 1518 1432 et
1539 1403 1644 1433 futuri
1669 1403 1746 1432 iude

1008 1448 1193 1488 praedictio.
1219 1448 1258 1478 ad
1272 1448 1347 1478 Div.
1362 1448 1403 1477 vi.
1417 1448 1447 1477 (ἶ.
1474 1447 1643 1477 Constitui
1658 1447 1747 1486 apud

1007 1496 1041 1521 te
1068 1492 1307 1522 auctoritatem
1331 1492 1467 1530 aug-urii
1481 1496 1516 1520 ct
1533 1491 1748 1520 divinationis

1009 1545 1102 1566 nieae.
1121 1536 1180 1566 &a
1205 1535 1318 1565 *Cato
1335 1539 1365 1566 4.
1389 1535 1627 1573 scientiajuris
1640 1545 1749 1574 augu-

1008 1581 1060 1610 rii.
1079 1579 1120 1609 cf.
1140 1579 1181 1609 ad
1197 1580 1274 1610 Div.
1287 1580 1331 1609 iii.
1345 1584 1375 1614 9.
1400 1579 1440 1608 de
1454 1579 1573 1617 quibus
1587 1577 1666 1608 locis
1681 1578 1748 1609 vid.

1008 1624 1152 1653 Gronov.
1171 1623 1212 1653 ad
1229 1623 1314 1653 Gen.
1332 1624 1352 1653 i.
1370 1623 1463 1663 praef.

1052 1668 1238 1697 Aviarz'um.
1261 1667 1326 1707 Qu.
1343 1667 1394 1697 Fr.
1414 1667 1459 1697 iii.
1479 1669 1505 1696 1.
1524 1669 1550 1696 1.
1569 1665 1673 1702 locus,
1689 1666 1750 1696 ubi

1009 1721 1083 1741 aves
1100 1711 1251 1748 aluntur,
1267 1711 1319 1741 vel
1336 1710 1542 1741 necessitatis
1564 1713 1598 1739 et
1620 1709 1749 1740 utilita-

1008 1756 1065 1792 tis,
1090 1755 1141 1784 vel
1167 1755 1347 1794 voluptatis
1373 1759 1408 1784 et
1434 1754 1609 1784 suavitatis
1636 1763 1748 1784 causa.

1010 1799 1058 1829 Ex
1083 1800 1256 1839 posteriori
1281 1809 1402 1838 genere
1425 1798 1491 1829 fuit
1509 1799 1690 1834 aviarium,
1707 1797 1748 1827 de

1009 1852 1074 1881 quo
1102 1853 1210 1873 sermo
1237 1853 1289 1882 ap.
1317 1842 1523 1872 Ciceronem.
1547 1841 1586 1871 de
1611 1842 1750 1872 aviariis

1010 1886 1074 1916 vid.
1091 1886 1186 1917 Varr.
1202 1887 1241 1916 R.
1256 1887 1295 1916 R.
1314 1887 1361 1916 iii.
1380 1889 1409 1917 3.
1429 1891 1463 1916 et
1477 1889 1507 1916 4.

1052 1930 1141 1960 Avis.
1167 1930 1208 1960 ad
1232 1931 1309 1960 Div.
1335 1930 1390 1960 vii.
1407 1932 1458 1961 23.
1483 1929 1683 1969 quasiavem
1702 1929 1750 1958 al-

1009 1973 1085 2003 bam
1117 1974 1274 2004 videntur
1300 1974 1384 2004 bene
1410 1974 1613 2003 sentientem
1643 1973 1749 2002 civem

1010 2017 1138 2047 videre:
1165 2017 1415 2057 proverbialiter
1441 2017 1480 2048 de
1506 2027 1539 2047 re
1565 2026 1649 2046 rara.
1672 2016 1749 2047 Div.

1010 2062 1031 2091 i.
1053 2062 1102 2091 16.
1127 2071 1241 2092 aversa
1256 2063 1320 2092 avi.
1339 2062 1360 2091 i.
1377 2072 1406 2091 e.
1423 2066 1540 2091 contra
1559 2060 1719 2100 auspicia.

1053 2105 1216 2136 Auloeum..
1244 2105 1357 2136 velum
1385 2106 1529 2145 pictum,
1557 2104 1652 2143 cujus
1681 2113 1748 2134 non

1009 2148 1119 2178 solum
1151 2150 1186 2179 in
1218 2149 1344 2179 aedibus
1378 2149 1524 2188 (Cortius
1557 2148 1598 2177 ad
1627 2147 1749 2187 fragm.

1010 2192 1087 2222 hist.
1116 2203 1148 2232 p.
1179 2191 1267 2231 960.)
1300 2193 1496 2233 porticibus,
1525 2192 1687 2233 (Propert.
1716 2192 1752 2222 ii.

1011 2238 1063 2267 23.
1094 2234 1161 2274 46.)
1200 2247 1278 2266 usus
1310 2237 1368 2266 sed
1399 2237 1501 2266 etiam
1532 2237 1566 2266 in
1597 2235 1750 2266 theatris.

1011 2279 1091 2310 Coel.
1122 2282 1174 2314 ⁶27.
1212 2280 1332 2310 deinde
1365 2280 1502 2310 scabilla
1532 2282 1750 2319 concrepant,

1011 2325 1154 2354 aulaeum
1193 2324 1333 2354 tollitur.
1371 2324 1410 2353 (le
1442 2324 1480 2353 iis
1513 2327 1563 2355 est
1598 2323 1752 2363 inprimis

1012 2368 1151 2407 insignis
1168 2367 1259 2398 locus
1274 2368 1370 2398 Ovid.
1390 2367 1471 2398 Met.
1489 2367 1536 2398 iii.
1555 2370 1626 2398 111.
1644 2377 1693 2406 sq.
1706 2367 1750 2398 cf.

1017 2411 1117 2441 Lucr.
1133 2412 1173 2441 iv.
1189 2415 1240 2446 73.
1265 2422 1313 2450 sq.

1055 2455 1221 2486 Auloedus.
1246 2455 1379 2485 Muren.
1400 2458 1448 2485 13.
1475 2453 1522 2483 Ut
1540 2453 1636 2484 aiunt
1652 2455 1687 2484 in
1703 2465 1754 2485 ar-

1011 2499 1157 2529 tificibus
1182 2498 1319 2536 Graecis,
1346 2508 1400 2528 eos
1425 2498 1565 2529 auloedos
1588 2508 1672 2537 esse,
1695 2499 1753 2538 qui
1776 2526 1779 2528 ,

1013 2542 1184 2573 citharoedi
1201 2543 1273 2572 fieri
1292 2552 1358 2572 non
1374 2542 1556 2582 potuerint.

1055 2588 1162 2616 Auru.
1187 2587 1227 2616 ab
1244 2591 1346 2616 vento
1362 2585 1481 2616 leniori
1496 2584 1689 2615 traducitur
1710 2585 1754 2616 ad

1013 2640 1248 2669 quamcunque
1273 2640 1356 2667 rem,
1374 2639 1447 2669 quae
1474 2639 1532 2658 nos
1549 2628 1661 2667 aliquo
1676 2639 1753 2668 pro-

1013 2673 1122 2714 pellit,
1136 2684 1181 2704 sc.
1200 2679 1238 2704 ut
1254 2684 1392 2713 agamus
1409 2672 1547 2712 aliquid,
1561 2677 1620 2702 aut
1637 2682 1753 2702 conse-

1014 2728 1177 2756 quainur3
1203 2728 1285 2755 non,
1310 2717 1399 2757 quod
1422 2717 1522 2755 vulgo
1545 2716 1755 2754 existimant,

1015 2761 1056 2790 ad
1073 2761 1220 2791 favorem
1237 2766 1371 2792 tantum
1389 2760 1495 2790 levem
1513 2759 1640 2800 populi.
1665 2760 1754 2790 Nam

1015 2805 1085 2844 ipse
1110 2805 1202 2835 favor
1228 2805 1283 2835 ille
1307 2815 1394 2835 aura
1417 2808 1595 2844 propterea
1618 2803 1755 2841 dicitur,

1016 2849 1095 2887 quia
1112 2849 1265 2879 homines
1282 2849 1323 2879 ad
1340 2859 1395 2879 eas
1412 2858 1461 2878 res
1480 2847 1625 2886 agendas
1639 2847 1757 2888 impel-

1017 2891 1071 2932 lit,
1088 2903 1169 2933 quas
1187 2902 1285 2933 agere
1301 2902 1368 2924 non
1385 2891 1618 2930 conveniebat,
1633 2895 1696 2922 aut.
1715 2900 1758 2922 ne
