1920 3196
291 98 378 138 380

336 196 470 227 Passer.
503 195 571 226 Fin.
597 195 632 226 ii.
659 197 711 227 23.
743 206 817 236 quae
838 198 1023 237 passeribus

291 245 375 272 nota
389 244 440 270 est
454 240 619 270 omnibus.

336 283 546 324 purgarem,
563 283 726 322 exquisite
743 282 867 312 dicitur
889 283 930 313 ad
946 284 1022 314 Div.

294 328 337 358 vi.
358 332 406 358 10.
433 329 470 357 iis
494 332 604 357 totum
634 336 686 356 me
703 326 867 366 patefeci:
894 327 914 357 i.
931 338 959 358 e.
983 328 1021 357 iis

291 372 406 401 omnia
433 380 507 400 mea
530 371 650 407 obtuli,
677 370 791 400 omnia
806 380 881 401 mea
906 375 1020 411 patere

291 415 458 447 Trebiano
476 414 555 444 dixi.

335 457 545 497 Patefactus,
560 458 728 487 inventus.
744 457 821 487 Div.
838 458 859 487 i.
875 461 927 492 39.
945 468 1018 494 nec,

289 507 367 532 ante
385 502 628 541 philosophiam
648 500 961 540 patefactam—hac
978 502 1017 531 de

290 555 325 576 re
343 545 531 575 communis
549 545 616 574 vita
632 545 808 574 dubitavit.

334 588 483 625 Patella,
502 588 563 618 diis
589 589 734 628 propria,
752 588 785 617 in
810 598 876 627 qua
892 588 930 617 iis
955 588 1017 617 eibi

289 638 473 673 ponuntur.
508 632 578 662 Fin.
595 632 629 662 ii.
648 636 678 665 7.
705 632 751 661 ita
776 642 842 661 non
861 631 1018 669 religiosi,

288 681 329 706 ut
344 677 442 706 edant
458 676 497 705 dc
511 678 648 715 patella.
663 684 693 705 V.
704 675 860 706 Torreut.
874 675 915 704 ad
937 675 1018 705 Sue-

287 724 360 750 ton.
392 719 504 750 Vitell.
536 723 585 749 155.
617 719 709 749 Verr.
737 719 779 749 iv.
803 721 856 748 91.
889 721 1018 757 patella

289 763 438 803 grandis,
455 773 531 793 cum
554 762 673 801 sigillis
688 767 723 792 et
738 762 923 793 simulacris
941 762 1018 793 deo-

270 812 376 838 rum.

334 851 451 881 Pater.
487 851 551 880 Pis.
585 854 638 881 33.
682 850 742 880 διο.
781 850 894 880 Patres
931 850 1018 880 Con·

289 895 417 935 scripti.
449 894 537 924 unde
565 895 707 924 Senatus
737 894 784 923 sic
817 894 961 931 dicatur,
986 904 1016 923 v.

289 937 360 969 Liv.
377 939 410 968 ii.
432 942 459 968 l.
498 938 516 955 *’
532 938 565 967 in
585 937 695 967 Caecil.
712 939 763 968 21.
784 941 897 976 patres
914 938 1016 977 majo-

288 992 407 1020 resque
423 987 553 1011 nostros
571 991 635 1011 non
654 981 847 1021 poeuitebat.
886 982 934 1011 Ex
953 991 1017 1020 quo

287 1024 361 1056 loco
395 1026 525 1055 discant
552 1026 690 1062 tirones,
724 1025 758 1054 in
784 1035 882 1064 prosa
902 1031 1016 1065 patres

286 1070 419 1110 proprie
436 1069 513 1105 (lici,
527 1079 593 1098 non
610 1069 649 1098 de
673 1069 866 1105 majoribus,
886 1074 924 1098 ut
944 1069 1015 1099 vul-

288 1123 330 1152 go
355 1118 488 1153 putant.
515 1111 676 1152 Exempla
690 1112 866 1142 Menkenii
882 1113 916 1142 in
932 1113 1010 1143 Obs.

285 1157 325 1188 L.
350 1156 389 1187 L.
414 1157 527 1186 onmia
544 1163 623 1185 sunt
640 1156 759 1186 aliena.
786 1156 896 1186 Poctae
914 1157 1013 1186 modo

284 1201 334 1230 ita
350 1200 478 1230 dicunt.
511 1202 529 1218 ³*
544 1200 665 1230 Panes
681 1210 740 1239 pro
757 1200 829 1230 Diis
857 1200 1014 1230 videntur

284 1254 355 1275 esse
371 1244 474 1283 Legg.
492 1244 526 1273 ii.
547 1247 595 1273 10.
620 1244 676 1273 ubi
694 1254 722 1273 v.
740 1248 810 1273 not.

328 1288 462 1318 Patere.
492 1288 532 1317 ad
554 1288 630 1317 Div.
655 1288 694 1317 vi.
715 1290 764 1317 10.
788 1287 901 1316 onmia
919 1288 1013 1318 Cice-

283 1333 373 1362 ronis
390 1336 505 1372 patere
526 1331 711 1361 Trebiano:
739 1331 770 1360 h.
788 1341 816 1360 e.
842 1331 880 1360 iis
897 1331 1012 1361 Trebi-

284 1385 368 1405 anus
385 1376 435 1405 uti
452 1381 574 1414 potest,
594 1380 630 1404 ut
642 1375 720 1405 suis.
736 1374 831 1405 Rosc.
849 1375 885 1404 C.
902 1377 931 1405 ΕΖ.
953 1385 1011 1404 no-

283 1429 362 1449 men
388 1421 422 1449 in
449 1419 642 1448 adversariis
662 1422 766 1458 patet.
792 1418 834 1448 cf.
862 1418 945 1448 Phil.
975 1419 1009 1449 ii.

282 1466 336 1497 37.
361 1463 437 1494 Div.
460 1463 493 1492 ii.
512 1464 542 1493 ΕΞ.
567 1466 605 1492 ut
633 1462 764 1492 nullum
791 1461 1009 1502 philosophiae

280 1506 394 1537 locum
411 1516 481 1536 esse
498 1511 703 1545 pateremur,
728 1506 784 1544 qui
808 1515 873 1535 non
899 1506 1009 1536 latinis

280 1550 386 1580 literis
401 1550 588 1580 illustratus
599 1554 738 1589 pateret.
757 1549 820 1579 Off.
838 1550 859 1579 i.
873 1551 924 1580 21.
950 1551 1010 1580 mi-

283 1604 346 1624 nus
371 1594 480 1624 multa
496 1598 613 1633 patent
636 1594 671 1623 in
695 1603 810 1623 eorum
837 1594 916 1630 vita,
936 1604 1009 1633 quae

279 1638 417 1668 fortuna
447 1638 555 1668 feriat.
589 1636 672 1667 Phil.
704 1647 733 1667 v.
765 1637 813 1666 16.
837 1638 951 1667 omnia
980 1638 1010 1667 ei

275 1686 429 1723 paterent
452 1681 491 1711 ad
504 1681 699 1721 perniciem.
723 1679 766 1710 ad
780 1680 856 1711 Div.
873 1681 940 1712 viii.
962 1685 1010 1716 17.

283 1736 383 1765 quam
402 1735 460 1755 nos
478 1730 678 1765 pateremus.

326 1768 595 1808 Paterfamilias,
623 1779 681 1809 pro
704 1768 838 1798 homine
862 1768 1011 1806 indocto,

281 1817 316 1843 et
340 1814 387 1842 rei
411 1813 583 1842 familiaris
610 1818 743 1843 tantum
769 1812 929 1842 studioso.
952 1814 1009 1843 Or.

282 1857 304 1886 i.
322 1858 373 1891 29.
398 1857 468 1895 qui,
481 1857 570 1886 sicut
585 1867 672 1887 unus
684 1855 940 1897 patetjhmilias,
957 1856 1008 1887 his

281 1900 322 1930 ‹le
335 1901 432 1930 rebus
447 1900 573 1940 loquor.

323 1944 595 1983 Paterpatratas.
613 1945 706 1974 Orat.
719 1944 739 1973 i.
751 1946 803 1974 40.
820 1944 943 1974 Caecin.
952 1946 1006 1975 34.

281 1989 337 2027 qui
355 1989 412 2025 sit,
429 1988 527 2018 docet
540 1988 613 2018 Liv.
630 1988 652 2017 i.
666 1990 719 2017 ⁶24.

325 2031 493 2069 Palmatis,
525 2031 719 2062 tolerabilis.
741 2031 842 2061 Tusc.
880 2031 921 2061 iv.
953 2033 1007 2062 23.

273 2076 420 2115 patibilis
455 2075 548 2105 dolor
588 2074 769 2114 putandus.
807 2074 825 2092 ²*
841 2074 874 2104 in
906 2086 1005 2114 quem

277 2119 445 2159 perpessio
462 2120 580 2149 cadere
596 2122 715 2158 potest.
738 2119 816 2149 Nat.
834 2119 876 2149 D.
893 2119 938 2148 iii.
959 2121 1006 2149 1⁶2.

278 2173 379 2193 omne
410 2163 535 2193 animal
555 2163 726 2204 patibilem
758 2166 914 2192 naturam
950 2163 1008 2192 ha·

279 2207 368 2237 bere.

324 2249 480 2281 Patrare
518 2250 682 2291 promissa
720 2249 761 2280 ad
798 2249 869 2280 Att.
895 2249 916 2279 i.

276 2299 362 2324 extr.

320 2338 505 2374 Patricius,
537 2338 593 2376 qui
620 2347 638 2367 e
668 2336 795 2367 familia
817 2336 929 2376 aliqua
952 2346 1007 2366 eo-

274 2391 351 2412 rum
367 2384 560 2411 senatorum
578 2385 670 2411 ortus
696 2386 760 2417 est,
785 2390 865 2419 quos
881 2380 1006 2410 Romu-

276 2425 326 2455 lus
343 2429 377 2455 et
392 2425 594 2464 Tarquinius
621 2425 752 2455 Priscus
770 2424 946 2463 legerunt3
973 2428 1007 2453 et

274 2469 331 2508 qui
349 2470 390 2499 ab
406 2469 470 2499 illis
488 2468 621 2508 quidem
645 2468 709 2498 orti
730 2472 822 2504 sunt,
841 2468 1005 2507 majorum

275 2514 444 2552 gentium,
476 2513 531 2551 qui
561 2513 601 2542 ab
634 2512 697 2548 his,
724 2512 894 2541 minorum
925 2521 1006 2549 gen-

272 2558 361 2586 tium
386 2557 556 2586 dicuntur.
601 2555 761 2586 Patrieiis
786 2559 1006 2595 opponuntur

272 2600 407 2640 plebeii.
432 2600 473 2630 ad
503 2600 580 2630 Div.
616 2600 660 2629 ix.
693 2601 746 2629 ⁶21.
780 2598 820 2628 de
852 2599 1006 2637 patriciis

273 2644 354 2673 satis
385 2644 512 2673 dictum
539 2644 573 2673 in
598 2643 712 2673 chic.
738 2642 845 2678 Fabri,
865 2647 899 2671 et
925 2643 1004 2672 scri-

272 2692 385 2727 ptores
402 2687 541 2717 laudati.
567 2687 586 2704 ‘s‘
603 2687 643 2716 ad
658 2686 755 2716 Brut.
769 2689 798 2716 5.
818 2685 896 2714 dum
916 2695 1003 2715 unus

271 2731 336 2761 erit
355 2733 520 2771 patricius
547 2730 778 2769 magistratus,
796 2730 946 2768 auspicia
963 2729 1005 2759 ad

269 2778 380 2815 patres
394 2775 499 2805 redire
519 2784 585 2804 non
605 2778 753 2813 possunt.
771 2773 916 2803 Patriciz'
934 2783 1003 2802 ma-

272 2819 435 2857 gistratus
470 2822 552 2848 sunt
587 2817 805 2853 Consulatus,
840 2816 1000 2854 Praetura,

269 2862 424 2892 AEdilitas
442 2863 501 2892 διο.
526 2862 604 2901 quia
618 2861 697 2891 olim
709 2861 862 2900 patriciis
878 2861 1001 2900 proprii

269 2906 374 2945 fuere,
392 2914 427 2937 et
443 2916 463 2936 a
471 2906 626 2948 patriciis
652 2905 725 2945 capi
742 2908 892 2944 potuere.
918 2903 999 2943 Leg.

961 2253 1009 2281 14.

798 108 943 136 INDEX
961 109 1271 138 ›LATINITAT1s.

1064 197 1098 227 ii.
1123 201 1154 228 3.
1179 197 1338 229 Fibrenus
1356 199 1551 240 praecipitat
1572 201 1608 232 in
1624 201 1742 242 Lirim,
1759 208 1795 237 et

1062 246 1235 279 tamquam
1253 242 1288 272 in
1308 245 1488 282 patriciam
1510 244 1673 277 familiam
1693 257 1793 278 vene-

1065 285 1121 321 rit,
1141 285 1269 315 amittit
1287 295 1409 317 nomen
1426 287 1608 319 obscurius.

1106 327 1260 366 Patrius,
1275 339 1294 359 a
1306 331 1484 369 majoribus
1501 332 1636 364 relictus
1650 336 1684 363 et
1691 334 1796 364 tradi-

1062 375 1130 409 tus,
1149 372 1317 411 antiquus.
1342 374 1436 404 Orat.
1454 375 1476 405 i.
1496 378 1544 406 18.
1569 387 1639 407 mos
1658 379 1793 417 patrius

1062 415 1261 445 Academiae.
1287 417 1373 447 Mur.
1400 421 1452 448 41.
1475 427 1570 449 sacra
1586 422 1714 460 patria.
1737 422 1793 451 Sic

1063 459 1165 488 etiam
1179 459 1271 489 Verr.
1296 460 1316 490 i.
1342 464 1372 491 3.
1396 462 1451 491 Dii
1466 464 1584 501 pat-rii,
1602 467 1692 501 sunt,
1710 474 1792 503 quo-

1062 511 1136 531 rum
1154 501 1264 532 cultus
1282 513 1301 533 a
1319 505 1496 543 majoribus
1514 509 1615 537 venit.
1638 508 1735 538 Rosc.
1750 508 1790 538 A.

1061 549 1091 578 9.
1131 546 1326 585 Sepulcrum
1362 550 1516 587 patriam
1554 550 1577 579 i.
1615 552 1792 590 majorum.

1060 588 1078 606 *Ψ
1096 597 1266 628 paternus.
1290 591 1386 621 Rosc.
1414 592 1452 622 A.
1484 593 1534 623 16.
1568 594 1700 624 animus
1725 604 1792 634 pa-

1059 633 1146 662 {rius
1162 632 1196 662 in
1225 633 1355 663 liberos.
1381 634 1443 664 hoc
1470 640 1646 676 propterea
1669 637 1790 677 adjeci,

1060 675 1139 714 quia
1156 676 1233 713 vidi,
1250 678 1305 716 qui
1333 678 1540 716 dubitarent,
1558 681 1605 710 sic
1623 681 1688 712 dici
1716 681 1793 712 lati-

1059 728 1113 756 ne,
1131 724 1165 749 et
1180 719 1256 750 inde
1283 720 1446 752 haererent
1467 723 1501 752 in
1519 723 1590 753 loco
1608 724 1692 755 Livii
1707 725 1740 754 ii.
1757 728 1789 756 5.

1058 763 1228 793 eminente
1257 765 1369 794 animo
1387 768 1498 805 patrio
1528 767 1616 798 inter
1645 768 1788 808 publicae

1059 816 1164 846 poenae
1180 808 1403 839 ministerium
1420 821 1426 839 ε
1452 810 1508 839 ubi
1526 810 1705 841 dicendum
1718 817 1791 842 erat

1058 851 1170 880 animo
1198 856 1362 890 paterno3
1387 859 1427 883 ut
1450 863 1502 893 ap.
1528 853 1647 885 Horat.
1674 856 1787 886 Carm.

1058 893 1091 923 ii.
1111 895 1140 924 2.
1166 894 1260 925 Prov.
1282 895 1380 925 Cous.
1398 900 1428 927 8.
1453 898 1598 935 gravitas
1618 901 1749 938 patria,
1766 900 1788 930 i.

1057 947 1085 967 e.
1102 938 1218 977 patris,
1234 939 1290 968 ubi
1308 946 1423 969 tamen
1435 940 1510 970 edd.
1524 951 1574 980 pr.
1589 942 1714 972 habent
1726 952 1784 981 pa-

1055 984 1165 1011 terna.
1188 981 1207 999 ²*
1222 982 1318 1012 Rosc.
1346 983 1384 1012 A.
1404 987 1434 1014 8.
1457 983 1521 1014 foci
1542 987 1649 1024 patrii
1666 986 1788 1025 aliique

1055 1028 1204 1064 penates.
1231 1026 1286 1055 ubi
1311 1030 1427 1056 tamen
1449 1034 1644 1067 suspectum
1662 1034 1788 1070 estpa-

1055 1070 1123 1098 trz‘z‘.
1148 1078 1227 1098 nam
1244 1069 1454 1109 intelligendi
1473 1076 1554 1101 sunt
1579 1083 1599 1102 a
1625 1078 1719 1113 patre
1737 1084 1788 1104 re-

1055 1111 1140 1148 licti,
1166 1117 1205 1142 ut
1232 1112 1319 1142 bona
1348 1119 1488 1153 paterna
1515 1115 1689 1154 dicuntur,
1719 1127 1786 1148 non

1054 1156 1178 1195 patria.

1097 1199 1284 1237 Fati-imus,
1314 1201 1366 1230 cui
1398 1205 1494 1241 pater
1524 1208 1692 1243 superstes
1724 1207 1787 1235 est.

1054 1242 1134 1273 Har.
1154 1243 1192 1273 R.
1216 1247 1263 1274 ll.
1281 1254 1310 1274 ν.
1327 1245 1487 1275 Heinecc.
1503 1245 1621 1286 Antiq.
1634 1246 1666 1278 J.
1682 1248 1721 1278 R.
1738 1247 1781 1279 ad

1054 1286 1137 1316 [nst.
1152 1287 1278 1317 ausui.
1300 1291 1348 1318 10.
1368 1291 1399 1319 5.

1096 1330 1264 1367 Patruus,
1287 1334 1429 1371 patrias.
1454 1332 1555 1363 Tusc.
1588 1334 1608 1364 i.
1640 1337 1686 1368 19.
1720 1344 1787 1374 pae

1050 1375 1165 1404 tritam
1197 1374 1289 1405 illam
1320 1380 1354 1405 et
1382 1377 1504 1406 avitam
1526 1377 1781 1418 philosophiam.

1050 1417 1114 1447 Sed
1137 1417 1313 1448 lectionem
1341 1424 1487 1450 veterem
1513 1423 1664 1461 patriam
1689 1424 1787 1453 resti-

1048 1462 1111 1491 tui.

1095 1505 1271 1535 Patronus.
1296 1506 1359 1536 Off.
1384 1507 1431 1536 iii.
1463 1510 1511 1538 18.
1539 1512 1720 1547 patronam
1750 1520 1787 1540 a·

1051 1549 1100 1588 gri
1118 1549 1243 1587 Sabini,
1259 1549 1430 1590 explicant
1453 1550 1552 1591 vulgo
1575 1552 1750 1584 dominum
1767 1566 1779 1593 ς

1054 1593 1152 1623 male.

1097 1635 1264 1674 Patruus,
1274 1637 1505 1676 reprehensor,
1515 1639 1683 1679 magister.
1701 1640 1782 1671 Coel.

1055 1682 1103 1710 11.
1127 1680 1192 1711 fuit
1216 1681 1380 1720 pertristis
1391 1686 1551 1721 patrans,
1568 1693 1697 1721 censor,
1713 1694 1784 1715 ma-

1052 1725 1166 1763 gister.
1184 1724 1254 1754 scil.
1273 1724 1351 1764 quia
1363 1725 1436 1764 plus
1450 1725 1563 1756 vident
1578 1726 1731 1758 homines
1748 1735 1784 1759 et

1052 1768 1303 1808 reprehendunt
1318 1769 1463 1799 severius
1481 1770 1514 1799 in
1539 1770 1682 1802 fratrum
1701 1771 1785 1802 libe-

1051 1812 1108 1848 ris,
1125 1822 1224 1851 quam
1240 1813 1275 1841 in
1288 1813 1366 1842 suis.
1390 1822 1419 1843 v.
1442 1812 1526 1843 Intt.
1542 1814 1584 1844 ad
1601 1814 1719 1846 Horat.
1738 1815 1776 1846 C.

1051 1855 1084 1885 ii.
1107 1859 1156 1886 13.
1180 1858 1214 1886 et
1229 1856 1317 1885 alibi.
1333 1856 1506 1887 Drakenb.
1523 1857 1565 1887 ad
1581 1857 1701 1889 §.lium
1722 1869 1773 1890 xv.

1053 1902 1102 1929 10.
1128 1899 1267 1929 Casaub.
1284 1898 1325 1928 ad
1342 1899 1490 1930 Persium
1508 1911 1540 1941 p.
1553 1903 1605 1932 52.

1093 1943 1231 1981 Pavire,
1261 1943 1370 1974 ferire.
1403 1944 1480 1974 Div.
1512 1945 1546 1974 ii.
1578 1947 1630 1976 34.
1654 1950 1779 1977 terram

1045 1988 1166 2027 pavire
1181 1987 1240 2017 &c.

1094 2031 1217 2062 Paullo
1246 2040 1323 2060 eum
1354 2031 1510 2070 positiva
1535 2030 1603 2062 Att.
1630 2031 1697 2062 viii.
1731 2034 1781 2064 12.

1050 2075 1196 2105 consiliis
1206 2076 1322 2114 paullo
1337 2074 1537 2105 salubribus.

1093 2119 1268 2149 Paullum.
1284 2119 1341 2149 Or.
1357 2118 1378 2148 i.
1397 2121 1447 2149 53.
1459 2120 1616 2158 paullum
1631 2120 1780 2160 partium

1049 2162 1079 2191 εἰ
1095 2162 1225 2193 tribuit.

1094 2205 1183 2236 Pas.
1226 2206 1260 2236 in
1291 2205 1444 2236 formulis
1484 2215 1633 2246 precum.
1667 2206 1780 2237 Rabir.

1051 2249 1215 2280 Perduell.
1241 2252 1272 2280 2.
1291 2259 1406 2290 pacem
1433 2259 1470 2279 ac
1486 2251 1619 2279 veniam
1634 2254 1725 2290 peto.

1092 2292 1358 2324 pavimentatas.
1372 2294 1437 2333 Qu.
1451 2293 1503 2322 Fr.
1516 2294 1563 2323 iii.
1578 2296 1604 2324 1.
1617 2303 1645 2323 c.
1661 2297 1687 2323 1.
1707 2303 1782 2333 por·

1050 2338 1136 2367 ticus
1157 2338 1388 2377 pavimentata
1417 2347 1462 2366 se.
1479 2347 1577 2377 opere
1595 2336 1778 2368 tessellato.

1050 2392 1079 2411 v.
1096 2382 1197 2420 Spon.
1215 2380 1357 2411 Miscell.
1377 2380 1478 2410 Erud.
1496 2381 1576 2411 Ant.
1594 2391 1626 2420 p.
1638 2383 1692 2411 40.

1093 2425 1266 2455 Peccatus.
1304 2424 1397 2454 Verr.
1425 2424 1458 2453 ii.
1489 2427 1543 2458 78.
1576 2425 1611 2455 in
1638 2428 1779 2465 peccatu

1050 2468 1227 2498 manifesto
1240 2468 1430 2498 tenebatur.

1093 2512 1291 2548 Pecuarius,
1330 2511 1386 2550 qui
1427 2512 1582 2551 gregibus
1619 2520 1779 2551 pecorum

1049 2555 1175 2585 alendis
1193 2562 1358 2595 quaestum
1372 2555 1504 2593 quaerit‚
1521 2555 1580 2586 sed
1595 2564 1612 2584 e
1626 2554 1780 2595 publicis,

1048 2609 1107 2638 pro
1124 2606 1216 2629 certo
1239 2598 1393 2637 vectigali
1420 2598 1607 2636 conductis,
1632 2599 1778 2638 pascuis,

1048 2653 1122 2681 quae
1152 2646 1231 2672 sunt
1264 2643 1297 2672 in
1328 2641 1467 2672 saltibus
1498 2642 1651 2681 publicis.
1690 2641 1780 2672 Nam

1048 2687 1121 2716 alia*
1143 2689 1222 2716 sunt
1248 2685 1403 2715 villaticae
1429 2686 1612 2725 pastiones,
1638 2695 1712 2725 quae
1737 2685 1779 2716 ad

1047 2729 1287 2769 agriculturam
1316 2729 1522 2766 referuntur,
1552 2739 1613 2759 nec
1648 2728 1780 2759 faciunt

1046 2774 1231 2813 pecuarios,
1248 2778 1287 2803 ut
1309 2772 1414 2803 tradit
1446 2772 1541 2803 Varr.
1564 2773 1604 2803 R.
1628 2773 1668 2803 R.
1684 2772 1731 2803 iii.
1752 2776 1778 2803 1.

1045 2817 1137 2847 Verr.
1154 2817 1187 2846 ii.
1204 2818 1235 2847 6.
1261 2816 1389 2846 Fontei.
1410 2819 1436 2845 1.
1454 2816 1567 2846 Deiot.
1582 2821 1614 2851 9.
1638 2826 1694 2846 rex
1710 2816 1780 2846 De-

1045 2861 1171 2890 iotarus
1190 2861 1369 2900 pecuarius
1390 2859 1525 2890 dicitur.
1560 2859 1647 2890 Sunt
1662 2859 1779 2896 etiam,

1044 2904 1100 2944 qui
1133 2903 1326 2945 publicanos
1352 2905 1526 2943 pecuarios
1553 2903 1660 2935 dictos
1693 2902 1781 2935 arbi-1
