1985 3206
706 93 850 121 INDEX
885 92 1018 119 LATlN
1028 92 1182 119 i'rA'rls.

182 185 403 216 tribuuntur:
428 182 518 213 unde
536 182 677 213 mirifice
694 182 915 211 confirmatur

181 228 363 268 disputatio
396 231 512 256 nostra
542 227 575 256 in
601 226 829 256 Consecratio.
856 224 914 254 fe-

179 276 268 303 stus:
301 271 466 303 Dedl'care
492 275 545 301 cst
568 270 698 310 proprie
723 269 832 299 dando
857 268 913 298 de-

179 315 278 346 ferre.

222 357 403 389 Dedicatio.
436 357 604 386 nomam.
637 366 679 386 an
703 356 912 387 consecratio

177 401 311 433 nullum
329 401 430 431 habet
447 402 517 438 jus,
533 401 691 430 dedicatio
711 405 761 430 est
779 400 912 439 religio-

178 456 225 476 sa.
250 445 290 475 de
315 445 377 475 hoc
401 444 473 474 loco
496 444 739 484 disputavimus
757 454 859 484 supra
875 444 909 473 in

179 489 398 520 consecratio.

222 533 417 568 DeditieiuS,
427 531 482 570 qui
496 541 529 561 se
539 531 572 561 in
583 534 784 571 potestatem
796 529 910 568 alicui,

177 582 218 607 ut
242 577 365 616 populo
390 575 486 605 Rom.
508 575 588 605 olim
614 574 792 614 Campani,
808 575 912 604 tradi-

178 621 238 650 dit.
270 620 311 650 ad
341 620 436 650 Brut.
468 622 499 649 3.
540 619 573 648 id
603 619 730 648 SCtum
762 618 911 658 plerique

178 665 450 704 interpretantur
471 663 575 692 etiam
599 662 640 692 ad
656 668 732 692 tuos
749 663 817 692 sive
834 673 911 703 cap-

176 709 262 738 tivos
279 709 346 738 sive
362 707 519 737 deditifios
535 707 714 747 pertinere.

222 751 404 783 Deducere.
435 750 531 780 Rose.
556 750 650 780 Com.
678 751 726 780 12.
750 749 816 779 huc
840 758 911 778 om-

178 796 231 827 nis
249 805 348 826 causa
365 795 548 825 deducitur.
565 795 586 824 i.
599 804 628 823 e.
641 794 707 823 buc
724 793 822 831 redit,
839 793 911 823 haec

179 844 233 870 est
259 848 393 870 summa
420 848 539 868 causae.
571 839 627 868 Or.
656 838 689 867 ii.
717 841 765 871 17.
796 837 911 866 odium

177 884 334 914 deducere
351 883 393 912 ad
409 882 674 913 benevolentiam
692 893 698 910 :
723 888 855 911 mutare
874 881 908 910 in

180 927 258 958 ben.
290 927 360 957 Att.
385 927 428 956 ix.
459 930 504 960 19.
542 926 698 956 deducere
725 926 908 954 exercitum

177 971 215 1001 in
245 971 395 1000 hiberna.
428 970 469 1000 ad
501 970 576 1000 Div.
600 980 631 999 x.
661 971 712 999 ⁶34.
743 978 909 998 summam

178 1024 286 1054 remp.
311 1015 345 1044 in
370 1014 548 1044 discrimen
571 1013 735 1043 deducere.
764 1012 866 1042 Acad.
892 1013 912 1042 i.

182 1059 231 1088 12.
262 1058 329 1087 dies
346 1058 520 1097 plerosque
537 1058 726 1087 deduceret:
751 1057 771 1086 i.
787 1068 815 1085 c.
835 1066 912 1085 con-

179 1109 330 1132 sumeret
344 1107 444 1131 totos.
475 1101 531 1131 Or.
551 1102 572 1130 i.
590 1104 619 1131 8.
650 1101 808 1130 deducere
822 1100 911 1130 undo

178 1145 281 1175 velit:
316 1146 337 1175 i.
364 1155 393 1175 e.
421 1155 440 1175 a
467 1155 532 1183 qua
559 1145 728 1174 sententia
751 1144 841 1173 velit.
871 1144 912 1173 ad

178 1189 255 1220 Div.
269 1189 290 1219 i.
307 1192 333 1219 l.
358 1189 398 1218 ab
411 1199 450 1218 eo
468 1189 583 1218 deduci
596 1198 664 1218 non
680 1195 801 1228 potest.
818 1188 912 1217 verr.

178 1233 201 1263 i.
225 1234 276 1263 ⁶24.
300 1233 458 1262 deducere
481 1233 522 1262 ad
546 1232 723 1272 hospitem.
748 1232 790 1261 cf.
815 1242 842 1261 c.
861 1234 912 1263 2:⁴5.

177 1275 280 1306 Acad.
314 1276 336 1306 i.
373 1280 421 1307 10.
460 1277 495 1306 in
531 1282 711 1315 angustum
744 1277 910 1306 deducere.

178 1319 289 1360 ¹‘Agr
307 1321 328 1350 i.
347 1321 377 1351 6.
401 1320 557 1350 deducere
580 1320 754 1349 coloniam.
782 1320 859 1349 ibid.
879 1320 912 1349 ii.

178 1366 233 1396 25.
260 1364 347 1403 agris
371 1363 512 1404 publicis
540 1365 612 1404 (pro
626 1360 670 1394 'in
691 1374 785 1403 agros
803 1363 908 1403 publ.)

179 1407 325 1447 privatos
353 1418 424 1438 esse
451 1408 606 1438 deduc-trs.
640 1410 659 1429 ’V‘
688 1408 780 1437 Verr.
810 1408 851 1437 iv.
880 1411 911 1438 4.

179 1451 336 1482 deducere
358 1456 461 1481 testes
483 1452 523 1482 de
541 1452 720 1491 provincia.
739 1451 780 1481 cf.
805 1451 913 1482 Flacc.

184 1498 233 1526 10.
257 1498 304 1527 15.
327 1499 375 1529 19.
406 1495 551 1525 *deduci
574 1495 613 1525 ad
634 1495 778 1534 aliquem
796 1496 913 1525 dicun-

179 1545 250 1576 tur,
263 1539 321 1578 qni
337 1538 438 1569 alieni
455 1539 629 1569 erudiendi
646 1539 840 1576 traduntur,
854 1543 913 1569 aut

179 1590 270 1612 certe
287 1583 578 1621 commendantur,
595 1588 634 1613 ut
654 1593 731 1613 cum
748 1593 787 1612 eo
803 1593 912 1613 versa-

178 1627 206 1657 ri
230 1632 264 1656 et
289 1627 329 1656 ab
352 1636 391 1656 eo
415 1627 539 1657 discere
563 1627 704 1667 possint.
729 1627 803 1657 Mos
819 1628 910 1656 enini

179 1676 251 1700 erat
279 1670 408 1707 Romae,
432 1676 471 1701 ut
495 1675 650 1711 parentes
676 1671 760 1701 filios
784 1671 912 1701 adoles-

179 1721 292 1744 centes
315 1713 415 1744 alicui
432 1715 501 1744 viro
516 1715 675 1754 primario
698 1715 912 1745 commenda-

178 1762 268 1795 rent,
281 1768 320 1787 ex
334 1759 428 1797 cujus
442 1758 684 1789 consuetudine
699 1759 912 1798 proficerent.

179 1801 262 1832 Lael.
290 1805 317 1831 1.
351 1812 443 1832 eram
475 1803 632 1833 deducens
654 1802 695 1832 ad
718 1802 911 1832 Scaevolam.

179 1845 262 1875 Coel.
286 1847 317 1875 4.
348 1844 440 1875 hunc
463 1856 483 1875 a
505 1850 600 1886 patre
625 1847 784 1876 continuo
801 1847 912 1876 adme

178 1898 249 1918 esse
263 1889 448 1919 deductum.
470 1890 549 1919 *est
565 1890 668 1920 etiam
682 1891 836 1921 comitari
854 1890 913 1919 ali-

177 1943 278 1971 quem
291 1937 325 1962 et
337 1934 490 1973 prosequi
504 1933 637 1964 honoris
650 1944 760 1964 causa.
779 1934 912 1964 Muren.

178 1979 230 2007 34.
259 1977 287 2006 si
310 1977 480 2007 interdum
506 1977 546 2007 ad
570 1977 679 2008 forum
705 1979 909 2008 deducimur.

177 2019 219 2049 cf.
237 2020 320 2050 Cato
349 2024 397 2051 18.
429 2021 448 2038 ¹*
463 2024 514 2051 est
533 2022 635 2051 etiam
659 2022 795 2051 verbum
820 2022 855 2051 in
879 2022 911 2051 vi

178 2063 266 2092 civili
295 2067 329 2093 et
357 2065 547 2095 festu-caria.
581 2065 705 2095 Caecin.
734 2069 766 2099 7.
798 2066 911 2096 deduci

178 2106 219 2136 de
243 2107 347 2137 fundo
372 2109 536 2138 moribus:
570 2109 657 2139 unde
681 2109 763 2139 mihi
781 2109 913 2139 videtur

180 2149 250 2180 baec
267 2151 350 2180 ratio
367 2151 498 2181 dicendi
516 2153 617 2182 ducta
632 2162 716 2190 esse,
729 2163 758 2183 ν.
772 2163 800 2182 c.
818 2153 911 2183 Verr.

178 2193 201 2223 i.
213 2196 244 2224 Q.
261 2205 279 2224 a
297 2202 409 2224 niente
427 2195 610 2225 et‘1-0nsili0
626 2197 749 2226 deduci.
770 2197 787 2214 ’Κ
800 2197 913 2227 deduci

176 2238 280 2268 etiam
304 2238 466 2268 dicuntur
488 2240 634 2277 feminae,
659 2250 732 2279 quae
756 2241 914 2270 concubi—

178 2286 232 2310 tus
251 2292 351 2311 causa
365 2283 405 2312 ad
418 2282 562 2322 aliquem
582 2284 615 2313 in
628 2283 821 2314 cubiculum
838 2294 912 2325 per-

179 2324 362 2356 ducuntur.
401 2327 532 2357 verrin.
560 2328 606 2357 iii.
633 2331 684 2358 34.
715 2329 772 2366 qui
803 2328 845 2358 ad
869 2329 911 2358 is-

175 2371 249 2398 tum
267 2369 449 2401 deduxerat
459 2370 628 2401 Tertiam:
647 2371 856 2401 cf.T0r1-ent.
870 2372 911 2402 ad

179 2412 317 2443 Sueton.
350 2414 433 2444 Caes.
464 2418 518 2449 49.
556 2415 645 2453 quod
676 2414 756 2445 alias
787 2415 912 2445 dicitur

179 2456 374 2496 perducere.
404 2458 422 2475 ἕ
439 2468 497 2498 pro
523 2459 666 2496 aui'erre,
685 2469 911 2499 corrumpere,

178 2500 279 2539 vulgo
303 2500 421 2532 dicunt
445 2502 531 2532 male
555 2502 723 2532 seducere.
752 2503 854 2533 Tusc.
878 2504 912 2533 ii.

175 2544 229 2574 25.
246 2554 323 2574 cum
341 2555 360 2575 a
376 2545 513 2576 Zenone
529 2545 698 2577 didicisset
714 2546 808 2576 fortis
826 2557 910 2584 esse,

177 2596 197 2616 a
212 2587 324 2618 dolore
347 2590 504 2620 deductus
527 2595 590 2627 est,
608 2591 629 2621 i.
647 2601 677 2620 e.
694 2589 816 2620 doloris
835 2600 911 2620 sen-

174 2639 230 2660 sus
254 2641 333 2661 enm
359 2632 491 2673 decepit
514 2639 549 2664 et
571 2635 733 2674 corrupit.
751 2644 782 2664 v.
799 2634 908 2664 Graev.

175 2673 217 2704 ad
234 2674 383 2706 Herenn.
404 2677 437 2707 ii.
456 2679 510 2708 25.

219 2717 392 2750 Deducwjo.
424 2721 507 2751 ritus
539 2722 572 2752 in
604 2721 836 2751 controversiis
869 2720 909 2750 de

174 2763 450 2802 possessionibus,
474 2775 574 2804 quam
600 2766 666 2795 vim
689 2765 821 2795 civilem
854 2775 911 2805 ap-

175 2805 317 2844 pellant,
335 2812 374 2837 ut
399 2808 496 2838 modo
519 2809 676 2838 diximus.
710 2808 833 2839 Caecin.
861 2812 910 2839 11.

175 2848 323 2880 deductio
352 2852 499 2882 moribus
527 2853 634 2883 fieret.
669 2852 688 2870 ²*
706 2852 782 2882 Div.
810 2852 830 2882 i.
856 2854 910 2883 44.

173 2891 322 2926 deducta
343 2904 439 2936 aquae
461 2895 614 2928 Albane.
636 2896 762 2929 ’ναι-ε..
786 2897 832 2928 iii.
857 2900 910 2931 73.

1623 78 1705 124 257

960 180 1161 210 deductiones
1185 179 1325 215 fiebant,
1351 187 1398 208 sc.
1420 178 1571 218 pecnnia·
1590 177 1629 207 de
1647 189 1700 207 ca·

961 224 1029 263 pite
1055 224 1106 253 vel
1123 233 1268 253 summa.
1301 221 1413 252 Ca‘cil.
1439 224 1484 251 10.
1518 231 1628 260 nequa
1644 222 1698 252 de·

959 268 1068 297 ductio
1097 268 1202 297 lieret.
1234 266 1338 296 *Ima
1364 266 1384 294 i.
1412 268 1461 296 14.
1495 275 1562 294 non
1587 270 1699 304 potest

959 322 998 340 ex
1023 311 1212 341 deductione
1236 310 1374 339 rationis
1400 310 1490 339 nasci
1510 309 1696 348 judicatio:

957 354 990 384 h.
1020 366 1047 384 e.
1077 355 1261 384 rationibus
1293 354 1328 383 in
1356 358 1536 392 utramque
1565 360 1697 393 partem

957 399 1146 428 afferendis.

1000 442 1211 472 Deduc-tores.
1244 445 1324 471 sunt
1352 439 1492 470 clientes
1521 444 1556 470 et
1580 441 1693 478 amici,

956 487 1011 524 qui
1030 487 1177 525 aliquem
1196 485 1328 515 lionoris
1345 494 1446 514 cansa
1465 484 1641 514 deducunt.
1661 494 1691 515 ν.

956 530 1134 559 deducere.
1162 530 1260 559 Petit.
1280 530 1378 559 Cous.
1394 533 1424 562 9.
1445 527 1515 566 jam
1541 528 1691 558 deducto-

954 583 1031 603 rum
1050 574 1198 603 officinm
1216 584 1282 613 quo
1300 573 1406 612 majus
1420 577 1471 601 cst
1484 581 1584 610 quam
1602 571 1691 602 salu-

955 622 1105 647 tatorum
1123 619 1182 647 ἃς.

996 661 1182 696 Deductus,
1200 671 1231 698 a,
1248 670 1319 690 uni.
1350 659 1430 698 Leg.
1457 659 1490 688 ii.
1515 660 1567 689 20.
1600 659 1625 688 si
1652 659 1686 689 in

951 709 1159 735 testamento
1183 705 1322 734 deducta
1345 704 1470 743 scripta
1493 712 1560 732 non
1584 703 1638 733 sit.
1655 713 1686 733 ν.

955 749 1108 778 Partitio.
1508 750 1511 751 ⁷

997 792 1225 832 Det'aligatus.

951 835 1139 876 defetigati.

996 879 1168 920 Defectus,
1185 889 1235 910 us.
1265 879 1345 909 Nat.
1362 879 1405 909 D.
1423 877 1456 908 ii.
1477 881 1528 912 19.
1542 876 1688 917 ‚defectui-

953 924 1011 954 ἔκαε
1027 925 1061 954 in
1079 925 1176 954 initia
1192 924 1334 953 recurrit
1350 922 1440 952 luna.

997 968 1166 1008 Defectus,
1191 978 1222 1004 a,
1244 977 1313 997 um.
1343 967 1432 996 Sext.
1457 966 1510 996 64.
1542 965 1597 995 ille
1622 965 1683 1002 eis,

954 1023 974 1042 a
997 1012 1116 1050 quihus
1147 1012 1359 1047 audiebatur,
1383 1009 1530 1048 quotidie
1559 1008 1686 1047 aliquid

953 1057 1068 1096 detes-li
1084 1056 1253 1086 afferebat.
1279 1055 1343 1085 Sed
1358 1064 1386 1083 ν.
1401 1058 1470 1083 not.
1494 1053 1512 1071 *⁴
1525 1053 1597 1083 Att.
1614 1054 1685 1083 xiii.

951 1102 1004 1131 2³3.
1036 1100 1110 1129 edd.
1135 1099 1287 1138 qnaedam
1312 1098 1437 1128 habent
1461 1096 1576 1137 defecti
1596 1096 1687 1134 libri,

953 1144 1041 1182 quod
1065 1143 1235 1183 explicant
1250 1142 1400 1182 perfecti.
1447 1142 1511 1171 Sed
1527 1151 1566 1170 ea
1581 1140 1682 1170 lectio

952 1193 1003 1217 est
1027 1188 1179 1217 absurda.
1204 1186 1362 1226 Dsfeetus
1378 1195 1436 1226 pro
1452 1184 1601 1226 perfecto
1618 1184 1684 1215 dici

953 1241 1019 1261 non
1038 1236 1158 1272 potest.
1176 1231 1216 1261 cf.
1235 1231 1387 1260 defit-tus.

999 1275 1197 1315 Dzy'endere,
1215 1275 1419 1315 propulsare.
1443 1272 1541 1302 Rose.
1563 1272 1639 1301 Am.
1660 1275 1688 1302 l.

956 1330 1070 1349 omnes
1088 1320 1245 1357 injuriam
1264 1329 1347 1348 novo
1364 1317 1486 1346 scelere
1506 1316 1686 1346 conflatam

955 1368 1078 1403 putant
1103 1369 1254 1404 oportere
1283 1360 1422 1401 defende.
1454 1360 1543 1390 Mur.
1572 1363 1603 1391 3.
1634 1360 1688 1390 de-

941 1407 1084 1447 fendere
1106 1407 1257 1448 pericula
1272 1407 1407 1435 civium.
1432 1407 1450 1425 ’Υ
1466 1408 1595 1441 tencre,
1611 1407 1686 1433 tue-

955 1452 994 1489 ri,
1024 1461 1230 1481 conservare.
1261 1450 1377 1490 Quint.
1411 1451 1460 1478 13.
1500 1458 1541 1478 ne
1574 1447 1689 1478 locunr

954 1505 1066 1533 suuni,
1084 1506 1182 1534 quem
1201 1494 1310 1524 adhuc
1327 1492 1558 1523 honestissime.
1575 1491 1689 1531 defen·

953 1539 1013 1577 dit,
1038 1540 1198 1569 obtineat.
1229 1539 1321 1568 Prov.
1354 1537 1452 1567 Cous.
1476 1541 1507 1570 9.
1537 1537 1686 1566 officium

952 1583 1134 1624 defendere.
1166 1583 1185 1601 ²*
1202 1583 1294 1612 verr.
1319 1582 1367 1611 iii.
1393 1584 1445 1615 90.
1477 1580 1508 1610 id
1543 1579 1684 1609 aliorum

953 1637 987 1656 se
1011 1627 1128 1657 secisse
1152 1625 1306 1666 exemplo
1322 1624 1495 1665 defendat.-
1521 1624 1541 1654 i.
1561 1633 1590 1654 e.
1607 1633 1688 1653 con-

952 1671 1084 1708 tendat,
1109 1671 1312 1701 defensionis
1336 1669 1409 1698 loco
1433 1668 1532 1698 dicat.
1565 1668 1583 1685 ’ᾖ
1603 1667 1687 1697 velle

953 1715 1091 1754 aliquid,
1121 1719 1167 1752 et,
1198 1725 1215 1744 e
1248 1713 1420 1753 republica
1448 1722 1531 1747 esse,
1561 1711 1686 1747 dicere,

953 1759 1052 1798 idque
1075 1763 1113 1788 ut
1138 1760 1210 1796 fiat,
1235 1757 1382 1788 oratione
1409 1755 1546 1794 aliisque
1579 1755 1687 1786 modic

953 1812 1114 1842 pugnare.
1146 1802 1242 1832 Rosc.
1266 1802 1339 1832 Am.
1357 1803 1409 1834 47.
1442 1804 1687 1838 ine—postea-

953 1857 1052 1885 quam
1079 1847 1123 1883 id,
1141 1846 1229 1885 quod
1250 1846 1393 1875 maxime
1409 1843 1512 1879 volui,
1527 1843 1598 1872 fieri
1615 1852 1684 1872 non

954 1891 1079 1930 potnit,
1109 1898 1148 1920 ut
1179 1894 1450 1929 componeretur,
1477 1887 1511 1917 id
1541 1887 1688 1916 maxime

953 1933 1143 1974 ‹lethalis-w,
1159 1938 1193 1964 ut
1210 1934 1231 1963 ii
1246 1934 1432 1968 vincerent,
1446 1931 1502 1970 qui
1519 1931 1685 1960 vicerunt.

954 1980 974 1998 *-
988 1978 1173 2018 Ιὶςῄήἅενε
1197 1987 1263 2007 non
1288 1976 1397 2007 solnm
1421 1985 1492 2005 esse
1508 1984 1583 2004 cum
1602 1984 1687 2013 prae-

953 2022 1117 2061 positione
1146 2032 1177 2058 a,
1201 2021 1259 2051 sed
1281 2021 1384 2051 etiam
1408 2024 1536 2055 contra,
1563 2018 1685 2048 (locent

955 2066 1021 2095 duo
1038 2065 1111 2095 loci.
1139 2067 1195 2096 Or.
1212 2066 1233 2095 i.
1250 2068 1302 2099 39.
1334 2063 1376 2093 ad
1391 2064 1467 2093 Div.
1485 2063 1527 2092 xi.
1545 2064 1597 2095 ⁶27.

998 2109 1172 2149 Defensor,
1185 2109 1404 2149 propulsator.
1429 2107 1560 2137 Μαι-κη.
1578 2107 1608 2137 2.
1632 2106 1686 2135 de-

940 2152 1060 2192 fensor
1076 2153 1227 2193 periculi.

988 2196 1160 2235 ,Defensim
1193 2196 1273 2226 Coel.
1301 2197 1332 2226 4.
1364 2198 1415 2225 est
1439 2193 1547 2224 brevis
1574 2192 1684 2233 doefen-

951 2242 995 2271 sz'o
1011 2241 1052 2270 ad
1067 2251 1202 2270 omnem
1221 2241 1317 2270 istam
1335 2239 1532 2269 orationem.

999 2285 1192 2323 Defensfrir
1206 2295 1224 2313 e
1238 2283 1407 2313 Ciceronis
1423 2282 1552 2312 Timaeo
1569 2281 1686 2312 laudat

953 2329 1142 2358 Priscianus
1160 2339 1189 2368 p.
1208 2330 1226 2346 Ο
1240 2330 1268 2347 ”

1273 792 1373 822 Dom.
1411 792 1465 821 44.
1504 789 1688 821 licitatores

1210 2340 1282 2358 ,Ἴθ-

997 2372 1152 2412 Referre,
1168 2371 1299 2412 proprie
1317 2374 1366 2399 est
1383 2369 1424 2400 ad
1440 2369 1550 2399 locum
1569 2378 1686 2407 quem·

954 2426 1097 2455 cumque
1127 2422 1271 2456 portare.
1299 2414 1393 2444 Vei-r.
1420 2414 1461 2444 iv.
1488 2417 1538 2446 57⁴.
1568 2413 1615 2442 ita
1637 2412 1687 2442 fa-

953 2463 1025 2490 etus
1050 2461 1162 2490 animo
1179 2466 1212 2489 et
1229 2468 1378 2498 corpore,
1396 2462 1433 2487 ut
1452 2458 1560 2486 multo
1584 2466 1687 2496 appo-

952 2504 1048 2534 sitior
1065 2504 1106 2533 ad
1121 2502 1309 2544 Afferenda,
1327 2512 1427 2541 quam
1446 2501 1487 2530 ad
1504 2499 1687 2531 auferenda

952 2548 1048 2587 signa
1071 2558 1142 2577 esse
1166 2547 1328 2576 videatur.
1354 2545 1404 2575 Fr.
1430 2545 1530 2575 Corn.
1555 2545 1577 2574 i.
1592 2543 1687 2573 sitel-

952 2591 1018 2621 lam
1043 2592 1148 2631 ipsam
1173 2591 1311 2631 deferre.
1343 2589 1414 2619 Att.
1433 2589 1502 2618 xiii.
1519 2590 1549 2618 ⁶2.
1580 2587 1686 2617 Balbo

950 2635 1108 2675 epistolas
1137 2634 1262 2674 deferri
1286 2634 1432 2673 jubebis.
1465 2634 1524 2663 &tn
1562 2632 1582 2650 ᾖ
1608 2631 1689 2661 hine

952 2689 1012 2718 pro
1029 2689 1175 2709 narrare.
1200 2679 1271 2708 Fin.
1289 2678 1322 2707 ii.
1341 2681 1389 2711 17.
1415 2677 1455 2706 ad
1473 2676 1597 2706 amicos
1615 2684 1684 2704 rem

953 2723 1001 2752 ita
1015 2723 1167 2763 deferret.
1190 2723 1284 2753 Verr.
1302 2722 1323 2752 i.
1340 2723 1392 2751 ⁶35.
1420 2721 1445 2751 is
1463 2721 1503 2750 ad
1519 2729 1596 2749 eum
1615 2727 1685 2749 rein

952 2767 1050 2796 istam
1075 2766 1190 2807 defert.
1214 2766 1347 2796 *etiam
1368 2764 1509 2794 clientes
1526 2764 1689 2794 dicuntur

952 2820 1088 2840 cansam
1112 2809 1239 2850 deferre
1262 2809 1304 2839 ad
1327 2813 1500 2848 patronos,
1518 2806 1606 2847 quod
1623 2806 1688 2836 alio

953 2854 1052 2884 modo
1069 2855 1186 2884 docere
1200 2854 1335 2884 dicitur.
1358 2852 1452 2882 Orat.
1467 2852 1513 2882 iii.
1532 2854 1580 2881 13.
1604 2849 1623 2868 *Ψ
1636 2851 1691 2880 de-

940 2896 1019 2939 fert
1043 2899 1146 2930 ctiam
1170 2908 1256 2936 rem,
1279 2897 1336 2937 qui
1360 2895 1565 2927 deliberandi
1589 2903 1692 2925 causa

982 2950 998 2972 S
