1985 3206
342 11 401 25 ..s

272 94 354 130 ‘226

275 191 433 228 legun-nm
457 190 593 219 mentio.
627 190 690 219 Sed
707 190 737 220 dt
751 191 825 220 inde
844 194 944 222 etiam
962 192 1001 221 de

278 233 522 263 honestioribus
535 234 669 270 dicitur,
680 238 714 264 ut
733 236 908 273 Collegium
919 236 1004 265 (Jon-

280 277 406 313 sulum,
432 277 612 306 l’raetorum
638 279 697 307 ἃς.
730 277 822 316 Frag.
854 280 952 309 (forn.
981 280 1003 308 i.

278 319 344 350 Tot
367 324 446 349 sunt
469 320 627 356 Cornelii,
644 325 682 350 ut
697 321 769 360 jam
794 323 895 352 etiam
916 323 1006 352 eolle-

279 365 375 403 gium
399 364 618 393 constitutum
634 363 687 393 sit.
713 364 752 394 ad
769 365 843 395 Div.
867 367 934 395 viii.
956 367 1003 396 12.

282 408 455 444 collegium
469 407 622 443 tentavit,
641 407 660 436 i.
679 417 707 437 e.
725 410 892 447 collegam.

332 452 502 489 colligare.
536 448 618 480 Phil.
641 453 684 480 xi.
707 455 754 481 ll.
786 453 1008 491 colligmiimns

284 493 427 523 Brutum
445 494 477 523 in
495 493 632 523 Graecia.
657 494 675 512 *
687 496 744 525 Or.
762 497 813 525 34.
842 505 909 525 uuo
926 495 1008 525 libro

283 538 458 575 colligavit.
476 536 494 554 ²*
506 537 584 567 Nat.
602 537 643 567 D.
663 539 724 568 i.4.
741 547 856 569 omnes
873 540 960 568 inter
975 549 1008 567 se

287 585 372 619 aptae
389 581 609 620 eolligcttoeque
625 582 787 611 videntur.

334 623 514 661 Colligam,
538 626 739 663 conjunctio.
764 626 827 655 Off.
847 626 866 655 i.
886 628 934 658 17.
960 634 1010 654 ar-

285 668 367 696 etim·
390 669 550 706 colligatio
566 672 615 698 est
630 669 794 698 societatis
811 670 1010 708 propInquo-

287 720 373 740 rum.
399 710 504 741 *Diu
528 712 547 740 i.
568 712 619 741 50¹.
646 713 806 750 colligatio
822 721 1009 742 (vulsarum.

288 753 358 784 Fat.
388 757 435 784 14.
466 755 580 784 omnia
597 756 739 785 naturali
755 757 957 794 colligatione
973 755 1010 784 fi-

288 801 360 828 unt.
379 798 459 827 Haec
471 799 632 837 colligatio
647 804 697 829 est
716 809 818 829 nexus
835 808 1011 828 causarum

286 842 504 872 efficientium
527 846 561 871 et
582 842 775 880 effectuum,
793 852 891 882 quem
914 842 1010 872 hodie

290 885 416 915 dicunt.

337 929 502 966 (hlligere‚
516 938 717 969 comparare.
734 931 798 970 Qu.
817 930 867 960 Fr.
882 930 901 959 i.
919 933 945 959 1.
963 931 1010 958 14.

287 973 439 1001 omnium
454 971 585 1001 laudem
599 974 744 1012 undique
759 975 916 1012 colligere.
933 972 1010 1003 ibid.

289 1015 322 1045 ii.
344 1016 392 1045 16.
419 1017 567 1055 colligere
582 1017 722 1056 gratiam
739 1018 1011 1056 dignitatemque.

289 1059 331 1089 ad
363 1059 437 1089 Div.
469 1060 501 1089 ii.
530 1061 577 1090 16.
610 1062 773 1091 collectam
800 1062 940 1099 gratiam
967 1060 1012 1088 ef-

289 1101 440 1132 fundere.
464 1102 483 1120 *
499 1102 566 1133 Att.
592 1104 658 1133 viii.
682 1108 714 1137 9.
738 1107 864 1141 metuo,
882 1113 923 1133 ne
943 1113 1012 1133 oui-

291 1147 341 1176 nis
366 1146 437 1176 haec
459 1146 638 1176 clementia
656 1147 697 1177 ad
713 1157 814 1177 unam
832 1148 923 1178 illam
940 1157 1013 1176 cru-

290 1189 461 1219 delitatem
488 1191 672 1229 colligatur.
701 1191 720 1209 ²*
736 1191 777 1221 ad
806 1192 881 1222 Div.
905 1201 934 1221 v.
964 1194 1012 1221 18.

290 1234 438 1271 colligere
461 1243 494 1262 se
514 1233 683 1271 dicuntur,
700 1235 755 1274 qui
772 1245 791 1264 a
806 1244 928 1274 magna
944 1234 1014 1264 ani-

292 1276 337 1306 mi
354 1277 600 1316 perturbatione
617 1278 658 1308 ad
672 1279 947 1317 tranquillitatem
965 1288 1013 1307 re-

290 1319 404 1350 deunt.
429 1321 528 1350 Dom.
554 1324 605 1351 33.
635 1321 654 1339 ²*
670 1322 709 1351 ad
727 1323 802 1352 Div.
817 1323 858 1352 iv.
876 1326 906 1352 3.
937 1332 1013 1351 cum

289 1364 535 1394 accuratissime
570 1366 728 1395 monuisti
758 1370 924 1401 senatum,
953 1367 1013 1394 col-

291 1408 377 1437 lectis
405 1408 559 1437 omnibus
590 1408 683 1438 bellis
723 1409 883 1439 civilibus.
923 1409 955 1439 h.
984 1420 1012 1438 8.

290 1452 556 1481 commemoratis
573 1461 611 1481 ex
627 1453 752 1482 ordine.
778 1452 847 1482 Ιι1ν.
869 1454 889 1482 i.
911 1455 937 1482 1.
953 1454 1014 1482 col-

290 1495 355 1532 ligo
378 1495 488 1524 auimo
512 1498 635 1525 veteres
659 1497 830 1526 civitatum
855 1497 1014 1526 maxima-

291 1547 364 1567 rum
385 1538 608 1568 calamitates:
634 1539 654 1568 i.
672 1549 700 1569 e.
719 1550 832 1570 revoco
848 1549 962 1569 omnes
981 1541 1012 1569 111

291 1582 453 1611 animum.

341 1624 520 1655 Collimare.
552 1625 622 1656 Fin.
642 1627 688 1656 iii.
704 1627 734 1657 6.
764 1627 796 1656 Si
814 1627 867 1656 cui
884 1626 928 1656 sit
942 1636 1014 1666 pro—

290 1668 433 1707 positum
462 1671 627 1699 collimat-e
659 1670 787 1700 hastam
819 1671 929 1708 aliquo
957 1673 1015 1699 aut

289 1712 457 1750 sag-ittam.
491 1713 523 1742 in
549 1723 613 1752 quo
637 1718 698 1750 est,
723 1714 849 1744 hastam
875 1714 1014 1752 dingere

291 1754 414 1793 aliquo,
432 1756 487 1785 sed
509 1759 559 1786 est
574 1757 674 1786 etiam
692 1758 746 1787 ubi
764 1758 928 1797 significat
945 1768 1014 1787 sco-

292 1808 371 1837 pum
396 1800 558 1838 attingere
583 1804 616 1830 et
632 1800 738 1831 ferire.
766 1806 801 1831 ut
820 1802 893 1831 Div.
911 1802 942 1831 ii.
962 1804 1013 1833 59.

291 1843 362 1880 quis
376 1846 426 1872 est
437 1843 539 1879 enim,
553 1845 607 1882 qui
623 1847 732 1873 totum
750 1845 836 1874 diem
847 1845 1014 1882 jaculans,

291 1894 357 1914 non
374 1886 551 1924 aliquando
565 1889 712 1917 eollinzet.

340 1929 507 1959 (Aelloeare.
539 1930 581 1960 ad
612 1931 687 1960 Div.
718 1932 752 1961 ii.
782 1934 829 1963 13.
864 1932 1015 1961 collocare

289 1981 360 2001 rem
385 1973 576 2011 militarem,
592 1978 643 2004 est
664 1975 777 2004 omnia
800 1976 1014 2012 constituere,

290 2026 461 2055 apparare,
478 2027 551 2055 quae
574 2018 615 2047 ad
638 2019 683 2048 rei
708 2018 857 2048 militaris
876 2019 1015 2048 necessi-

290 2062 392 2088 tatem
407 2060 651 2100 utilitatemque
664 2062 842 2101 pertinent.
855 2062 1016 2092 Similiter

289 2103 348 2132 Or.
374 2103 419 2132 iii.
436 2107 466 2134 8.
498 2106 650 2134 collocare
674 2106 805 2145 nuptias
823 2116 842 2135 a
857 2110 953 2144 pos-ta
968 2106 1015 2134 di-

291 2146 379 2175 citur
401 2157 458 2185 pro
482 2149 689 2184 contrahere,
706 2159 751 2178 sc.
767 2159 825 2188 per
840 2149 1014 2188 sponsalia.

293 2199 320 2218 v.
355 2190 468 2227 Cujac.
498 2191 575 2221 Obs.
606 2193 648 2221 xi.
680 2195 726 2222 15.
767 2192 952 2222 *collocare
981 2202 1013 2222 se

292 2231 411 2262 alicubi
426 2233 596 2271 dicuntur,
610 2236 662 2274 qui
677 2236 880 2265 domicilium
895 2236 1013 2266 alicubi

292 2277 504 2307 constituunt
514 2279 573 2307 sibi
589 2278 864 2318 fortunarumque
878 2290 1013 2309 suarum

291 2319 416 2350 sedem.
447 2320 517 2351 Fin.
547 2331 576 2351 V.
602 2324 631 2353 2.
665 2323 704 2353 de
733 2323 864 2353 Attico:
901 2323 951 2353 113
979 2334 1013 2352 se

292 2362 432 2393 Athenis
456 2366 627 2403 collocavit,
646 2371 684 2395 ut
706 2367 749 2396 sit
772 2376 856 2406 pene
871 2377 957 2397 unus
974 2377 1013 2396 ex

291 2405 422 2436 Atticis.
456 2407 538 2438 Phil.
562 2409 596 2439 ii.
614 2413 666 2443 39.
698 2411 859 2440 collocatos
881 2411 913 2440 in
935 2420 1014 2448 agro

293 2449 464 2490 Campano
481 2452 611 2482 mimos.
637 2453 656 2471 ²*
669 2455 821 2483 collocare
837 2454 1014 2492 pecuniam

291 2492 462 2532 dicuntur,
477 2495 531 2533 qui
546 2505 640 2535 agros
655 2502 715 2526 aut
732 2497 867 2527 metalla
882 2502 1014 2534 emunt,

291 2541 348 2565 aut
382 2536 498 2571 ssenori
521 2539 615 2569 dant.
647 2540 710 2570 vid.
735 2551 762 2570 v.
788 2551 816 2570 c.
841 2540 958 2570 Manil.
982 2544 1013 2574 7.

291 2579 355 2609 Off.
381 2580 413 2610 ii.
435 2584 482 2612 12.
508 2582 630 2612 Caecin.
654 2586 684 2614 4.
708 2584 825 2620 nostri,
842 2584 912 2613 sein
932 2584 1016 2613 Geld

293 2623 446 2662 anlegen.
481 2625 577 2655 Unde
600 2625 774 2666 eleganter
789 2627 903 2657 Cicero
927 2637 1015 2667 saepe

292 2666 354 2695 hac
385 2667 516 2698 dicendi
539 2669 647 2699 forma
669 2671 790 2708 utitur,
815 2671 1014 2700 beneficium

291 2711 451 2741 collocare.
482 2712 565 2742 Phil.
596 2713 642 2743 iii.
670 2716 699 2744 2.
730 2715 883 2744 collocare
911 2715 1014 2754 patri-

291 2755 444 2784 monium
465 2755 498 2784 in
515 2756 622 2786 salute
640 2757 779 2796 reipubl.
803 2758 823 2788 i.
842 2767 870 2787 e.
887 2758 1015 2798 impen-

291 2796 367 2827 dere
393 2798 426 2827 in
450 2798 593 2829 salutem
617 2800 756 2840 reipubl.
780 2810 853 2839 quae
873 2802 1016 2840 pecunia

291 2849 358 2869 non
386 2842 482 2880 perit.
512 2843 600 2873 Hinc
632 2843 769 2873 ductum
803 2845 904 2874 etiam
933 2844 1015 2874 illud

291 2882 381 2915 Vei-r.
414 2895 441 2915 v.
477 2889 525 2917 14.
559 2887 700 2917 aedilitas
732 2892 821 2917 recte
852 2889 1013 2920 collocata.

795 93 938 133 rumix
970 103 1263 133 LATINITATIS.

1046 194 1136 234 *pro
1162 203 1213 229 eo,
1241 192 1330 232 apud
1356 202 1416 223 nos
1441 191 1595 228 dicimus.
1617 194 1770 233 8111111131·-

1047 239 1165 267 tieren.
1200 236 1290 266 unde
1319 236 1416 266 variae
1444 236 1560 266 formae
1589 236 1769 267 ducuntur.

1046 281 1139 311 Verr.
1154 281 1175 309 i.
1193 282 1245 310 24.
1276 280 1413 309 comites
1431 280 1500 317 ejus
1516 280 1599 310 item
1614 280 1701 320 apud
1716 291 1769 309 cc-

1047 329 1134 353 teros
1167 323 1312 362 hospites
1335 325 1540 354 collocantur.
1562 324 1662 354 Tusc.
1686 334 1714 353 ν.
1744 326 1769 352 1.

1047 372 1136 396 totos
1149 377 1182 396 se
1197 367 1230 395 111
1243 367 1369 406 optimo
1381 367 1455 397 vitae
1467 372 1558 397 statu
1571 369 1770 397 collocarent.

1051 410 1131 439 (2021.
1146 413 1198 440 ΞΟ.
1221 419 1254 439 se
1267 410 1300 439 iu
1315 411 1504 440 meretricia
1517 412 1584 440 vita
1595 411 1769 441 collocavit.

1049 454 1113 483 Off.
1139 454 1159 483 i.
1175 455 1228 484 44.
1259 455 1409 484 collocare
1431 464 1465 483 se
1483 459 1592 484 totum
1609 455 1643 484 in
1658 454 1771 493 cogni-

1050 497 1140 526 tione
1157 501 1191 526 ct
1206 497 1355 527 scientia.

1099 540 1354 579 (Iollae-uplelare.
1395 540 1472 570 Her.
1498 540 1530 570 ii.
1558 543 1605 571 18.
1645 540 1701 569 sed
1728 540 1770 568 ibi

1052 584 1180 613 variant
1209 583 1280 613 libri
1305 584 1439 622 quidam
1463 594 1525 613 scr.
1555 588 1590 613 et
1613 584 1685 613 edd.
1709 583 1773 612 Sed

1052 631 1102 656 est
1119 628 1219 656 ctiam
1237 638 1264 657 c.
1283 629 1334 661 99.

1101 671 1256 709 Collybus.
1280 670 1347 701 Att.
1359 671 1414 700 xii.
1426 671 1456 700 6.
1472 671 1506 700 in
1523 671 1637 709 collybo
1652 673 1701 699 est
1717 669 1773 699 de-

1051 714 1203 743 trimenti
1216 714 1304 744 satis.
1320 714 1413 744 Verr.
1428 715 1473 743 iii.
1486 717 1537 747 78.
1558 714 1774 743 deductiones

1054 758 1124 787 fieri
1146 757 1296 787 solebant
1319 758 1462 799 primum
1488 767 1545 796 pro
1568 758 1774 797 spectatione

1053 805 1087 830 et
1102 801 1228 839 collybo,
1249 801 1295 841 (h.
1306 811 1334 831 e.
1349 801 1594 840 permutatione
1610 801 1772 840 pecuniae,

1054 845 1291 883 l'agio)—nam
1319 845 1457 883 collybus
1481 854 1551 873 esse
1575 845 1629 883 qui
1653 849 1774 882 potest,

1055 898 1130 918 eum
1146 897 1260 917 omnes
1277 892 1415 917 utantur
1436 887 1552 917 eodem
1575 896 1696 926 genere
1713 896 1775 916 nu-

1056 941 1196 961 morum.

1103 974 1200 1005 Color.
1231 977 1429 1004 ornamenta
1450 974 1618 1004 orationis.
1641 974 1706 1014 Qu.
1722 974 1774 1005 Fr.

1054 1018 1088 1048 ii.
1117 1021 1163 1049 15.
1194 1019 1330 1058 pingam
1353 1018 1504 1047 coloribus
1524 1018 1604 1054 tuis,
1620 1018 1776 1057 penicillo

1056 1072 1141 1092 meo.
1172 1061 1263 1091 Orat.
1286 1062 1333 1091 iii.
1357 1063 1409 1092 25.
1439 1064 1576 1090 ornatur
1598 1061 1704 1091 oratio
1719 1071 1773 1100 ge-

1056 1115 1134 1135 nere
1163 1105 1308 1145 primum
1338 1108 1373 1134 et
1396 1105 1488 1141 quasi
1511 1106 1610 1134 colore
1632 1104 1774 1144 quodam

1055 1153 1089 1179 et
1102 1158 1200 1178 succo
1211 1159 1281 1178 suo.
1301 1148 1352 1177 Sic
1366 1147 1442 1177 ibid.
1456 1149 1506 1178 52.
1525 1149 1607 1178 color
1619 1148 1775 1178 orationis

1055 1192 1131 1222 oriri
1144 1192 1264 1222 dicitur
1276 1202 1293 1221 e
1305 1192 1410 1221 tribus
1423 1192 1612 1229 generibus,
1628 1191 1774 1228 sublimi,

1056 1236 1164 1266 medio
1190 1243 1225 1265 et
1250 1235 1356 1265 tenui.
1389 1234 1516 1264 ‘'Brut.
1543 1237 1595 1265 44.
1629 1235 1775 1265 veritatis

1055 1282 1146 1309 color.
1163 1279 1240 1309 ibid.
1256 1279 1309 1309 46.
1327 1278 1525 1308 urbanitatis
1540 1280 1634 1308 color.

1105 1324 1276 1352 (moratus.
1308 1322 1362 1352 Br.
1385 1322 1437 1352 46.
1462 1322 1567 1352 oratio
1586 1322 1775 1353 urbanitate

1055 1369 1206 1396 colorum.

1105 1411 1269 1440 (hlamma.
1300 1409 1389 1439 Sext.
1423 1412 1452 1439 8.
1482 1409 1703 1439 adhaerescere
1734 1409 1776 1439 ad

1056 1455 1249 1484 columnam.
1275 1454 1430 1484 Columna
1442 1453 1556 1483 Meuia
1568 1453 1600 1482 in
1616 1452 1685 1482 foro
1698 1452 1776 1489 fuit,

1057 1498 1096 1527 ad
1120 1508 1218 1536 quain
1241 1497 1405 1527 triumviri
1422 1496 1577 1536 capitales
1594 1496 1633 1526 de
1649 1496 1776 1527 furibus

1056 1546 1093 1576 et
1113 1542 1211 1571 servis
1227 1540 1390 1580 supplicia
1405 1540 1594 1576 sumebant,
1611 1540 1661 1569 uti
1677 1539 1778 1570 Asco-

1057 1585 1130 1614 nius
1145 1585 1256 1621 tradit,
1270 1584 1310 1613 ad
1322 1584 1432 1614 Divin.
1445 1584 1479 1613 in
1494 1583 1604 1612 Caecil.
1618 1583 1666 1613 16.
1679 1583 1777 1621 adde,

1056 1634 1090 1658 et
1114 1628 1153 1658 de
1178 1627 1393 1663 debitoribus,
1416 1627 1472 1665 qui
1496 1626 1685 1656 satisfacere
1709 1636 1776 1657 non

1057 1676 1203 1711 possent,
1214 1672 1268 1710 qui
1279 1676 1357 1700 sunt
1367 1671 1494 1700 ‘iuribus
1504 1670 1674 1700 simillimi.
1690 1670 1777 1700 Nam

1057 1715 1088 1744 h.
1103 1715 1123 1745 1.
1140 1715 1271 1754 quidem
1288 1715 1327 1744 de
1344 1715 1488 1744 obaerato
1504 1723 1691 1743 sermonem
1707 1723 1777 1743 esse

1057 1759 1186 1788 nullum
1211 1763 1261 1788 est
1284 1758 1434 1788 dubium.
1458 1757 1498 1787 cf.
1523 1757 1675 1796 inprimis
1698 1757 1777 1787 Clu-

1057 1807 1126 1832 ent.
1145 1806 1190 1833 13,
1215 1802 1270 1831 uhi
1288 1801 1327 1831 de
1342 1802 1382 1840 Q.
1396 1801 1537 1831 Manilio
1554 1800 1673 1830 [IIviro
1689 1801 1778 1840 capi-

1056 1846 1111 1875 tali
1126 1856 1133 1873 2
1160 1847 1208 1875 Ex
1225 1845 1389 1885 petulanti
1405 1851 1504 1883 atque
1522 1845 1671 1884 improbo
1687 1853 1778 1874 seur-

1056 1900 1105 1925 13,
1118 1891 1152 1920 111
1169 1889 1337 1919 discordiis
1353 1888 1508 1925 civitatis,
1521 1888 1561 1918 ad
1572 1898 1645 1917 earn
1659 1889 1777 1917 colum-

1056 1943 1149 1970 nam,
1166 1933 1208 1963 ad
1231 1942 1329 1971 quam
1354 1931 1535 1961 multorum
1552 1931 1706 1961 conviciis
1720 1931 1778 1961 de-

1057 1977 1175 2007 ductus
1212 1976 1334 2012 fuerat,
1367 1985 1443 2005 cum
1469 1974 1632 2013 suffragiis
1664 1974 1777 2014 populi

1057 2020 1217 2061 pervenit.
1235 2030 1263 2049 v.
1281 2020 1325 2048 ibi
1342 2019 1472 2049 Manut.
1489 2018 1720 2048 Adhaerescere
1736 2017 1778 2047 ad

1057 2066 1238 2094 eolecmnctm
1265 2064 1366 2102 igitur
1387 2067 1449 2099 est,
1473 2067 1609 2102 propter
1633 2071 1677 2091 aes
1701 2060 1780 2090 alie-

1058 2118 1139 2137 num
1156 2108 1196 2137 ad
1211 2109 1393 2136 columnam
1409 2106 1556 2136 Meniam
1573 2104 1704 2141 deduci,
1717 2113 1780 2134 nec

1057 2151 1182 2181 solvere
1205 2151 1350 2180 debitum
1371 2159 1482 2190 posse:
1507 2149 1665 2187 allegoria
1679 2148 1781 2177 ducta

1057 2195 1097 2224 ab
1116 2195 1177 2230 his,
1194 2195 1249 2233 qui
1265 2194 1299 2223 in
1315 2195 1470 2223 columnis
1485 2192 1657 2222 maritimis
1669 2191 1779 2222 adhae-

1057 2244 1205 2274 τρες-11111,
1222 2238 1253 2267 11.
1277 2248 1306 2267 8.
1329 2237 1370 2267 ad
1392 2247 1446 2267 eas
1469 2236 1544 2266 illisi
1568 2235 1780 2274 naufragium

1057 2281 1197 2312 faciunt.

1105 2325 1361 2355 columnarium.
1390 2324 1458 2354 Att.
1477 2325 1542 2354 xiii.
1561 2324 1590 2354 6.
1614 2324 1780 2352 columme-

1056 2365 1144 2399 rium
1157 2369 1241 2405 vide,
1256 2379 1295 2398 ue
1309 2367 1440 2399 nullum
1452 2368 1645 2397 debeamus:
1664 2376 1781 2406 quam-

1057 2423 1156 2452 quam
1187 2412 1269 2442 mihi
1299 2412 1411 2442 videor
1441 2407 1569 2441 audisse
1593 2421 1613 2440 a
1638 2408 1781 2439 Camillo

1057 2460 1300 2486 commutatam
1326 2465 1396 2485 esse
1425 2455 1546 2494 legem.
1577 2453 1638 2483 Est
1666 2456 1781 2483 autem

1057 2499 1213 2538 vectigal,
1226 2499 1312 2538 quod
1324 2498 1462 2529 solvitur
1474 2508 1532 2538 pro
1543 2499 1697 2528 columnis
1713 2497 1781 2526 siu-

1057 2543 1155 2582 gulis,
1171 2544 1375 2579 institutum,
1390 2546 1428 2572 ut
1442 2542 1584 2579 videtur,
1602 2541 1674 2579 lege
1690 2550 1782 2570 sum-

1057 2587 1166 2616 tuaria
1190 2587 1340 2623 Caesaris,
1363 2586 1451 2625 quod
1475 2586 1567 2616 nimii
1590 2588 1722 2615 sumtus
1746 2584 1781 2613 in

1057 2631 1211 2660 columnis
1232 2630 1360 2660 fierent.
1387 2629 1450 2660 vid.
1474 2629 1637 2660 Burman.
1663 2627 1703 2657 de
1728 2636 1783 2656 ve-

1058 2674 1136 2712 ctig.
1160 2674 1199 2703 R.
1215 2684 1246 2714 p.
1264 2676 1338 2704 205.

1107 2717 1347 2753 ίὸῐιιηιηανὶιιε,
1371 2716 1413 2746 ad
1429 2716 1557 2746 Divers.
1574 2715 1641 2744 viii.
1658 2718 1689 2748 9.
1713 2713 1782 2744 No-

1060 2760 1090 2789 lo
1116 2768 1149 2789 te
1181 2765 1298 2800 putare
1325 2760 1506 2790 Favonium
1532 2768 1552 2788 a
1573 2758 1785 2788 columnariis

1058 2805 1264 2844 111-(8181110111
1281 2813 1363 2834 esse.
1379 2803 1534 2844 Optimus
1549 2802 1688 2841 quisque
1704 2809 1781 2830 eum

1059 2856 1124 2876 non
1148 2847 1237 2882 fecit.
1260 2848 1418 2888 Apparet,
1433 2847 1534 2876 fuisse
1558 2845 1598 2875 de
1613 2844 1708 2884 plebe
1725 2843 1785 2873 ho-

1059 2891 1178 2927 mines,
1195 2891 1318 2922 nullius
1334 2891 1446 2932 pretii,
1457 2891 1545 2930 iique
1561 2893 1621 2920 aut
1635 2890 1786 2930 propter·
