1920 3196
288 129 373 173 406

342 230 594 270 Recognoscere,
608 231 642 261 in
652 231 853 261 memoriam
862 240 1028 262 revocare.

295 273 390 305 Verr.
407 275 441 304 ii.
466 274 497 305 6.
514 284 592 304 cum
608 274 703 305 istius
718 274 849 305 furtum
865 285 1029 314 recognos-

298 322 396 349 ceret.
595 351 597 354 Α

342 362 543 401 Recozligere
565 372 624 402 pro
641 362 869 393 reconciliare.
893 362 934 393 ad
955 362 1026 393 Att.

300 406 322 437 i.
340 409 370 438 5.

343 449 568 480 Reconciliare
581 448 615 478 in
631 449 788 488 gratiam.
812 450 914 479 Dom.
933 451 985 480 50.

345 493 600 524 Reconcirmare.
624 492 663 531 Ω.
682 492 733 522 Fr.
754 493 788 522 ii.
806 493 836 522 6.

347 536 554 573 Remmium,
585 535 729 573 subtilis,
770 546 838 566 non
876 536 1033 576 vulgaris.

304 581 403 612 Brut.
423 584 476 614 79.
501 580 673 610 recomlitae
700 580 939 619 exquisitaeque
959 590 1035 609 sen-

301 624 433 654 tentiae.
459 623 537 654 ibid.
555 625 607 657 76.
633 623 674 653 ad
689 624 767 654 Div.
786 634 837 653 xv.
857 626 909 654 2⁷1.
926 634 1034 653 recon-

309 668 386 698 ‹litoe
414 667 529 697 literae.
553 667 655 697 Acad.
688 668 729 697 iv.
761 670 793 697 4.
816 668 1035 698 reconditiora

305 710 466 741 desidero.
490 721 521 741 ν.
537 711 687 741 interior.
713 710 732 729 ’κ
747 711 866 751 Quint.
887 714 936 742 18.
970 711 1036 741 fuit

307 756 399 785 enirn
429 757 551 784 natura
572 755 663 784 tristi
691 757 726 784 et
746 755 929 785 recondita:
954 754 987 784 h.
1007 765 1037 784 e.

307 797 496 829 solitudinis
525 803 675 836 amante,
698 808 724 827 S.
755 799 857 828 etiam
890 800 1037 838 cogitata

305 841 451 879 celante,
473 852 538 880 quo
561 851 662 872 sensu
688 841 727 872 de
749 841 882 872 Tiberio
912 842 1036 873 dicitur

307 896 360 926 ap.
375 885 546 916 Tacitum.

351 929 523 961 Recreare.
546 928 618 959 Att.
645 929 679 959 ii.
704 931 757 960 Τ.
781 928 952 959 ambulare
985 940 1037 959 re-

306 974 457 1004 creandoe
474 972 599 1003 voculae
617 982 727 1003 causa.
745 973 825 1002 Nat.
842 974 943 1003 Deor.
956 974 989 1003 ii.
1006 975 1037 1003 4.

307 1027 459 1047 recreare
481 1018 603 1047 iterum
620 1016 785 1046 consules.
807 1016 908 1047 Tusc.
936 1017 957 1046 i.
985 1019 1037 1048 24.

310 1061 412 1091 Catil.
426 1062 472 1091 iii.
490 1063 521 1091 4.
538 1070 688 1090 recreare
703 1070 748 1091 se.

354 1104 462 1135 Recte.
480 1105 574 1134 Verr.
592 1103 638 1134 iii.
655 1108 707 1138 98.
726 1107 810 1134 recte
823 1103 964 1133 vendere
980 1116 987 1133 :
1005 1103 1038 1133 h.

310 1158 339 1178 e.
361 1148 448 1178 bono
463 1148 582 1188 pretio.
611 1147 678 1177 Fin.
696 1148 716 1178 i.
735 1149 766 1178 6.
789 1152 874 1178 recte
889 1147 980 1185 ferri,
997 1148 1037 1177 de

310 1196 407 1222 motu
429 1191 713 1232 perpendiculari,
742 1201 802 1232 pro
825 1198 917 1221 recta
948 1191 1039 1220 ferri.

309 1236 394 1275 Top.
409 1238 440 1266 4.
465 1241 550 1266 recte
576 1235 739 1275 accipere,
756 1235 778 1265 i.
796 1245 824 1264 e.
849 1236 940 1274 jure,
959 1235 1040 1274 legi-

310 1279 385 1316 bus,
404 1284 442 1309 ut
457 1280 618 1316 emtione3
633 1283 851 1309 testamento.

354 1323 477 1354 Rectio.
501 1323 573 1353 Fin.
591 1324 631 1352 iv.
660 1325 711 1353 22.
736 1324 888 1353 rectiones
913 1332 1041 1353 rerum-

311 1367 405 1408 publ.

355 1411 484 1441 Rectus.
509 1409 726 1440 Rabir.·Post.
748 1413 795 1443 l7.
820 1411 915 1441 rectis
937 1410 1042 1440 oeulis

312 1455 429 1484 urbem
463 1455 605 1484 intueri:
646 1454 667 1483 i.
695 1465 724 1484 e.
747 1455 818 1484 sine
847 1454 972 1494 pudore
1004 1464 1041 1483 ac

313 1498 440 1535 dolore,
457 1507 522 1536 quo
534 1497 646 1527 exules
664 1497 774 1527 solent
789 1501 824 1528 et
839 1499 909 1528 soro
932 1498 1042 1536 ejecti.

312 1542 352 1571 de
376 1542 439 1572 hac
466 1541 625 1580 loquendi
648 1541 757 1571 forma
780 1552 810 1572 v.
832 1541 977 1572 Bentlei.
1001 1541 1042 1571 ad

313 1585 433 1616 Horat.
453 1585 563 1616 Carm.
581 1585 601 1615 i.
618 1588 649 1615 3.
692 1586 788 1616 Brut.
815 1589 867 1620 75.
904 1586 1043 1616 Caesm-is

312 1629 550 1660 commentarii
563 1629 644 1658 nudi
661 1634 741 1659 sunt
758 1634 793 1659 et
808 1631 898 1659 recti.
914 1634 1041 1659 rectum

312 1673 437 1703 dicitur
463 1672 503 1703 de
532 1672 646 1703 subtili
670 1678 706 1703 et
733 1673 888 1712 elegante
920 1683 1041 1712 genere

311 1716 487 1754 orationis,
503 1717 537 1746 in
555 1726 620 1756 quo
635 1716 698 1746 hoe
707 1721 842 1747 tantum
857 1721 1042 1757 spectatur,

311 1766 351 1790 ut
368 1760 415 1793 nil
431 1760 502 1790 vitii
518 1761 610 1791 insit.
626 1771 657 1791 v.
679 1760 823 1792 Gronov.
838 1761 880 1791 ad
895 1762 972 1791 Sen.
989 1772 1042 1801 ep.

318 1807 389 1835 100.

358 1848 595 1888 Recuperator,
621 1852 671 1878 est
686 1848 791 1887 judex
808 1849 842 1879 in
859 1859 960 1879 causa
975 1849 1041 1889 pri-

314 1896 402 1929 vata,
427 1892 468 1921 ad
495 1902 595 1931 quern
622 1892 662 1921 de
686 1903 720 1923 re
751 1893 958 1933 pecuniaria,
984 1898 1043 1922 aut

313 1945 521 1976 possessione
553 1946 766 1976 quacunque,
805 1942 965 1968 certatur.
1006 1937 1040 1966 in

314 1980 402 2010 Caec.
424 1982 471 2014 17.
485 1979 609 2010 Caecin.
629 1983 657 2010 1.
675 1985 708 2010 et
733 1981 778 2010 ihi
790 1981 1040 2011 Hotomannus.

312 2023 412 2063 Quod
434 2027 550 2053 autem
572 2028 689 2054 eontra
705 2024 792 2054 hanc
808 2024 1041 2054 definitionem

313 2067 411 2097 affert
427 2066 678 2104 Hotomannus,
691 2073 931 2108 recuperatores
939 2070 1043 2099 etiam

314 2110 355 2140 de
372 2110 503 2149 injuriis
520 2111 737 2150 cognovisse5
763 2122 829 2142 non
847 2116 916 2142 tam
939 2113 978 2142 de
995 2112 1044 2142 fa·

315 2162 384 2192 cto,
401 2164 502 2194 quam
521 2154 561 2184 de
584 2155 808 2185 aestimatione
834 2157 964 2196 injuriae
988 2167 1045 2197 pe-

315 2198 691 2236 cuniariajudicabant.
738 2200 791 2229 Sic
806 2210 858 2240 ap.
875 2200 985 2230 Tacit.
1003 2201 1042 2231 A.

314 2241 337 2271 i.
355 2244 408 2276 74.
432 2241 586 2272 absoluto
594 2242 728 2281 'judicio‘
741 2243 780 2273 de
793 2244 986 2283 repetundis
1003 2244 1046 2274 ad

314 2289 558 2325 recuperatores
573 2286 672 2316 itum.
689 2286 746 2316 ubi
763 2297 794 2316 v.
811 2287 900 2317 Gron
929 2298 958 2319 v.
976 2287 1047 2319 Sal-

317 2339 401 2364 mas.
418 2329 507 2360 mod.
524 2329 626 2360 Usur.
650 2340 726 2370 pag.
753 2334 827 2364 794.
851 2337 885 2361 et
900 2311 1045 2365 i3udaeus

318 2372 362 2403 ad
387 2373 537 2403 Pandect
573 2383 606 2413 p.
633 2375 708 2408 376.
745 2374 856 2404 Fuisse
884 2378 996 2406 autem
1029 2386 1046 2406 e

319 2417 538 2447 centumviris
563 2422 818 2457 recuperatores,
837 2419 914 2448 inde
939 2425 1047 2460 patet,

319 2460 409 2499 quod
436 2470 510 2499 quae
542 2470 653 2491 causae
686 2461 775 2501 apud
806 2468 1049 2501 recuperatores

319 2508 404 2534 actae
431 2507 523 2541 sunt,
541 2504 630 2544 apud
646 2505 842 2536 Ciceronem
865 2507 928 2537 Or:
951 2509 972 2537 i.
994 2510 1047 2539 38.

319 2547 580 2578 centumvirales
598 2547 768 2579 dicuntur.
794 2549 1049 2590 ltaquejudices

315 2591 550 2631 provinciales,
561 2592 616 2630 qui
629 2598 868 2633 recuperatores
877 2594 1051 2632 (licuntur,

320 2638 359 2664 ut
374 2634 468 2665 Verr.
489 2636 534 2665 iii.
556 2639 605 2666 13.
623 2639 675 2670 59.
706 2637 864 2676 judicant
892 2648 943 2676 ea,
975 2649 1049 2678 quae

318 2678 436 2708 Romae
476 2680 690 2714 centumviri,
731 2685 769 2710 ut
806 2681 891 2711 bene
934 2688 1050 2713 monet

318 2722 513 2754 Nordkerk.
529 2722 568 2752 de
584 2722 657 2762 lege
674 2724 808 2754 Petron.
830 2727 859 2762 ξ.
881 2729 930 2756 18.

362 2765 657 2806 Recuperatorium
680 2768 860 2806 judicium.
883 2769 977 2801 Verr.
1001 2770 1049 2801 iii.

360 2853 536 2884 Recusare.
575 2855 672 2885 Offic.
701 2855 747 2885 iii.
780 2858 832 2887 533.
870 2859 1047 2896 recusavit,

314 2905 358 2927 ne
372 2896 510 2935 diceret,
526 2908 585 2938 pro
607 2900 769 2930 recusavit
782 2900 902 2934 dicere.
920 2901 1046 2934 Caecin.

315 2942 368 2974 28.
386 2943 439 2976 ⁶29.
456 2947 508 2972 est
523 2942 770 2983 verbumjuris.

844 142 989 172 INDEX
1012 143 1307 172 LAT1N1TATIS.

1118 232 1298 263 Rem-atio.
1322 230 1393 260 Inv.
1413 231 1435 261 i.
1453 234 1483 262 5.
1507 230 1687 271 opponitur
1714 226 1801 268 peti-

1074 274 1329 314 tionijudiciali.

1120 320 1296 350 Hedemtio.
1319 319 1393 348 Act.
1423 318 1444 348 i.
1472 319 1565 349 Verr.
1593 319 1624 349 6.
1648 317 1804 347 redemtio

1067 364 1199 400 judicii.
1236 363 1299 392 Pis.
1330 362 1382 393 36.
1412 362 1621 392 redemtiones
1657 371 1802 391 reorum.

1074 408 1161 437 Sunt
1185 406 1413 445 corruptiones
1434 406 1604 443 judicum,
1626 415 1706 444 quas
1727 405 1801 443 quis

1070 461 1129 491 pro
1155 450 1300 490 pecunia
1325 450 1496 489 suscepit:
1523 456 1557 479 ct
1574 450 1724 479 redemtio
1744 449 1803 487 ju-

1072 494 1148 524 dicii
1167 503 1193 524 s.
1211 494 1257 524 rei
1270 494 1322 530 iit,
1335 494 1360 522 si
1378 494 1450 531 quis
1466 492 1644 532 pollicetur
1659 488 1802 532 pecunia

1072 544 1222 578 accepta,
1247 547 1281 567 se
1301 536 1432 575 judices
1453 541 1702 576 corrupturum,
1723 545 1802 575 ope-

1074 592 1143 611 ram
1172 590 1267 610 suam
1296 580 1329 610 in
1356 580 1607 620 corrumpendis
1629 579 1802 619 judicibus

1074 624 1200 654 vendit.

1121 668 1266 698 Reddere
1277 677 1335 707 pro
1348 668 1548 706 relinquere,
1563 667 1690 696 cedere.
1706 666 1802 697 Verr.

1074 712 1108 741 ii.
1122 715 1174 746 37.
1191 712 1271 741 item
1281 711 1363 741 Suu.-
1373 715 1495 742 30.non
1505 711 1603 741 modo
1616 710 1700 740 nihil
1720 710 1802 740 mihi

1076 766 1222 792 assumo,
1234 755 1291 785 sed
1306 756 1407 785 etiam
1421 755 1516 785 reddo
1533 765 1570 784 ac
1587 755 1735 784 remitto.

1120 799 1305 836 Redemtor,
1331 808 1500 838 manceps.
1530 798 1595 828 vid.
1629 798 1804 827 redimere.

1074 843 1169 874 Verr.
1185 843 1206 873 i.
1225 844 1276 874 56.
1300 843 1356 882 qui
1382 853 1401 872 a
1419 845 1530 872 vetere
1558 842 1734 872 redemtore
1749 851 1805 871 ac-

1078 888 1214 927 ceperit.

1120 930 1311 967 Redleffiere,
1343 936 1394 960 est
1419 929 1580 969 recipere,
1612 928 1701 967 quod
1731 931 1804 958 erat

1076 974 1265 1010 venditum,
1282 980 1470 1013 propterea,
1483 973 1561 1012 quia
1576 973 1803 1011 improbatum

1078 1024 1142 1055 est,
1159 1018 1370 1056 deteriusque
1398 1023 1581 1057 repertum,
1599 1026 1698 1055 quam
1725 1025 1805 1046 ven-

1077 1062 1164 1092 ditor
1179 1062 1316 1091 dixerat.
1333 1061 1427 1091 Ofnc.
1443 1062 1489 1090 iii.
1506 1062 1557 1091 ⁶23.

1126 1105 1300 1144 Redigere,
1318 1115 1447 1144 cogere,
1465 1107 1627 1144 accipere.
1642 1103 1739 1133 Rosc.
1766 1103 1805 1133 C.

1083 1153 1130 1183 17.
1154 1150 1302 1188 redigere
1318 1149 1509 1188 pecuniam,
1533 1158 1578 1177 sc.
1597 1158 1616 1177 a
1644 1147 1805 1177 debitore.

1077 1193 1118 1223 cf.
1135 1193 1217 1223 Rab.
1235 1194 1324 1223 Post.
1356 1195 1404 1223 13.
1429 1193 1462 1221 in
1493 1191 1606 1221 Caecil.
1626 1194 1673 1225 17.
1697 1195 1749 1220 est
1766 1190 1807 1220 de

1079 1238 1222 1276 pecunia
1247 1247 1286 1266 ex
1313 1236 1410 1266 rebus
1434 1235 1588 1265 venditis.
1609 1244 1639 1264 v.
1659 1235 1804 1264 Gronov.

1081 1281 1161 1311 Obs.
1180 1282 1200 1311 i.
1222 1283 1270 1314 19.

1127 1325 1300 1355 Redimere
1327 1323 1451 1353 dicitur
1487 1322 1526 1352 de
1555 1322 1721 1361 mancipe,
1750 1322 1806 1360 qui

1081 1369 1262 1398 :edificium
1302 1367 1526 1397 extruendum
1557 1366 1736 1396 conducit:
1776 1365 1808 1395 ei

1081 1413 1264 1452 opponitur
1280 1411 1400 1441 locare.
1423 1411 1517 1440 Verr.
1542 1411 1563 1440 i.
1581 1413 1631 1440 54.
1655 1409 1682 1439 si
1698 1408 1808 1448 pupil-

1082 1456 1113 1485 lo
1144 1466 1226 1496 opus
1258 1456 1517 1486 redimitur—ne
1548 1454 1647 1483 liceat
1679 1452 1807 1492 pupillo

1081 1510 1164 1540 opus
1188 1500 1357 1530 redimere.
1388 1498 1468 1529 ibid.
1500 1499 1550 1529 56.
1577 1498 1634 1536 qui
1664 1497 1807 1526 redeme-

1081 1546 1139 1580 rit,
1171 1543 1310 1574 satisdet
1339 1544 1398 1572 διο.
1432 1542 1510 1572 hine
1541 1540 1623 1572 illud
1654 1540 1806 1579 intellige

1082 1588 1175 1618 Verr.
1194 1588 1215 1618 i.
1243 1591 1292 1618 ll.
1318 1587 1373 1626 qui
1397 1587 1500 1616 istum
1528 1584 1737 1625 eripiendum
1755 1594 1808 1614 re-

1081 1632 1268 1662 demerunt:
1309 1631 1392 1661 adde
1430 1630 1520 1660 dicta
1563 1630 1597 1658 in
1634 1628 1809 1658 redemtio.

1081 1675 1099 1693 ’κ
1112 1676 1256 1716 pecunia
1269 1675 1347 1705 data
1363 1685 1396 1704 se
1413 1681 1473 1704 aut
1488 1673 1590 1703 alium
1607 1672 1718 1710 aliqua
1738 1681 1809 1701 mo-

1081 1719 1178 1750 lestia
1194 1719 1344 1750 liberare.
1366 1719 1460 1749 Verr.
1484 1718 1530 1747 iii.
1566 1720 1613 1751 19.
1648 1716 1808 1746 redimere

1080 1764 1229 1803 pericula
1244 1773 1315 1793 sua.
1340 1762 1418 1792 ibid.
1437 1762 1488 1792 56.
1513 1761 1670 1791 redimere
1686 1769 1810 1789 conen-

1080 1812 1137 1837 tur
1154 1817 1224 1837 rein
1250 1806 1446 1837 confessam.
1473 1805 1562 1835 unde
1593 1810 1629 1834 et
1657 1803 1808 1843 metaph.

1082 1851 1123 1881 ad
1138 1852 1215 1882 Div.
1245 1851 1279 1881 ii.
1309 1851 1358 1880 16.
1382 1850 1601 1879 acerbitatem
1620 1857 1638 1877 a
1656 1857 1725 1887 rep.
1741 1847 1809 1887 pri-

1081 1896 1164 1925 vatis
1180 1894 1399 1925 incommodis
1424 1894 1593 1923 redimere.
1616 1891 1635 1910 ²*
1651 1900 1811 1930 compen-

1079 1949 1163 1969 sare.
1179 1939 1223 1969 ib.
1240 1949 1270 1968 x.
1282 1942 1311 1969 8.
1328 1948 1394 1968 non
1404 1937 1610 1977 praeteritam
1620 1935 1753 1974 culpam
1764 1935 1812 1964 vi-

1080 1982 1149 2013 deri
1167 1983 1240 2012 volo
1255 1983 1424 2012 redemisse
1440 1993 1449 2010 :
1483 1980 1539 2010 das
1556 1980 1667 2018 vorige
1694 1978 1812 2008 Verse-

1082 2027 1147 2056 hen
1163 2026 1284 2057 wieder
1308 2031 1369 2065 gut
1395 2024 1548 2055 macheu.
1570 2033 1600 2052 v.
1627 2022 1742 2052 Burin.
1768 2021 1810 2052 ad

1080 2071 1175 2101 Ovid.
1202 2070 1282 2100 Her.
1316 2070 1392 2100 xvii.
1422 2072 1474 2103 49.
1508 2067 1573 2097 Sed
1601 2067 1698 2097 Rosa.
1716 2066 1811 2097 Com.

1086 2117 1135 2145 1⁶2.
1158 2114 1341 2151 societatis,
1365 2123 1433 2143 non
1457 2121 1532 2142 suas
1556 2111 1632 2141 lites
1660 2110 1811 2148 redemit,

1083 2169 1160 2189 eum
1173 2169 1191 2188 a
1208 2158 1318 2188 Flavio
1333 2157 1477 2187 fundum
1494 2155 1644 2194 accepit:
1669 2153 1812 2184 invidio-

1084 2213 1118 2233 se
1135 2203 1260 2232 dicitur
1275 2201 1314 2231 (le
1332 2212 1383 2238 eo,
1395 2200 1452 2240 qui
1468 2209 1534 2229 non
1552 2198 1705 2235 redemit,
1722 2196 1779 2227 sed
1792 2207 1812 2227 a

1084 2256 1149 2285 quo
1181 2246 1267 2276 alter
1298 2245 1450 2276 redemit.
1489 2242 1680 2274 Dicendum
1712 2246 1784 2272 erat
1801 2253 1810 2271 t

1086 2291 1125 2320 de
1159 2290 1339 2327 societatis,
1372 2298 1440 2318 non
1476 2287 1543 2317 suis
1574 2286 1688 2316 litibus
1723 2285 1812 2316 deci-

1087 2334 1148 2364 dit.

1130 2377 1381 2416 Redintegrctre,
1398 2373 1597 2406 neutraliter
1611 2377 1662 2403 est
1678 2372 1720 2402 ad
1736 2372 1813 2405 Div.

1086 2422 1129 2451 xi.
1146 2426 1176 2455 9.
1202 2431 1243 2451 ne
1259 2420 1386 2451 bellum
1411 2418 1632 2457 redintegrari
1653 2417 1770 2457 possit.
1789 2416 1811 2448 i.

1085 2475 1115 2496 e.
1131 2465 1293 2496 renovari.

1132 2509 1317 2539 Redimus.
1340 2507 1434 2538 Verr.
1451 2507 1473 2536 i.
1498 2505 1550 2536 56.
1574 2505 1739 2536 redivivus
1764 2503 1813 2534 la-

1087 2553 1151 2593 pis,
1168 2553 1224 2592 qui
1251 2562 1269 2582 e
1281 2553 1451 2582 destructo
1474 2549 1578 2579 veteri
1595 2548 1735 2578 aedifieio
1762 2553 1815 2579 est

1089 2596 1236 2636 reliquus
1253 2600 1288 2626 et
1310 2595 1433 2631 salvus,
1450 2597 1485 2623 et
1511 2593 1552 2623 ad
1568 2602 1688 2622 novam
1710 2592 1815 2622 aedifi·

1088 2636 1256 2670 cntionem
1271 2638 1443 2669 transferri
1460 2640 1580 2677 potest.
1602 2636 1681 2666 ibid.
1696 2636 1813 2666 redivi-

1087 2694 1130 2714 va
1145 2684 1204 2714 sibi
1219 2683 1350 2714 habeto.
1383 2681 1446 2712 vid.
1459 2681 1602 2711 Gronov.
1626 2679 1669 2709 ad
1698 2679 1815 2710 Senee.

1086 2727 1208 2758 Troad.
1224 2729 1299 2761 472.
1739 2760 1742 2762 ¹

1133 2771 1300 2802 Redolere.
1316 2771 1412 2801 Brut.
1426 2771 1477 2800 82.
1501 2778 1540 2798 ex
1551 2767 1639 2798 illius
1654 2766 1814 2797 orationi-

1088 2815 1149 2845 bus
1174 2816 1314 2846 redolere
1329 2816 1408 2854 ipsae
1423 2812 1565 2843 Athenae
1581 2810 1747 2840 videntur.

1135 2859 1334 2896 Redomitas,
1358 2857 1516 2889 domitus.
1539 2854 1622 2885 Sall.
1635 2857 1662 2884 1.
1680 2853 1818 2885 redomi-

1089 2904 1115 2934 ti
1129 2913 1168 2932 ac
1183 2903 1274 2933 victi.
1392 2898 1394 2900 ¹

1129 2946 1306 2979 Reductus.
1330 2945 1401 2980 Fin.
1420 2954 1450 2978 v.
1476 2947 1532 2976 30.
1554 2946 1594 2975 ut
1617 2942 1683 2974 ista
1695 2940 1818 2984 produ-
