1920 3196
674 142 818 173 {1⁹⁴1an
853 142 1147 173 LATlNrrA‘rls.

132 232 196 265 Sed
212 234 246 265 in
269 232 332 264 boc
354 231 427 265 loeo
450 234 554 274 possis
577 233 680 264 etiam
705 232 870 272 interpre—

133 278 216 308 tari:
241 278 435 317 gratificari,
451 278 502 307 vel
520 278 685 316 mitigare.
709 275 871 314 *elegan-

129 326 182 352 ter
192 322 293 351 etiam
308 321 349 351 ad
360 322 401 362 Q.
416 321 572 351 Pr.i.1.c.
587 320 713 350 1.ultro
727 319 867 359 negotiis

127 375 294 395 occurrere
316 365 452 402 dicitur,
469 365 522 403 qui
545 365 686 394 libenter
701 367 735 392 ct
751 363 867 392 alacri-

128 413 182 438 ter
209 409 360 447 suscipit.
405 412 423 430 ἢ
440 414 491 438 est
521 418 626 447 genus
659 407 793 437 honoris
830 411 865 436 et

127 452 236 481 officii.
281 452 323 481 ad
353 452 424 482 Att.
456 453 490 481 ii.
518 454 569 482 92.
601 451 718 481 domus
752 453 863 480 nostra

125 495 330 525 celebratur:
362 497 556 526 occurritur.
589 495 654 524 vid.
677 495 862 525 occursatio.

123 538 247 568 *vern
267 539 313 568 iii.
337 542 388 573 ⁶27.
418 539 668 578 quamprimum
692 537 791 567 aliam
815 538 861 566 ci-

123 582 262 612 vitatem
286 593 475 613 occurrere:
502 583 534 613 h.
552 593 580 612 e.
606 583 639 612 in
664 582 762 611 aliani
787 591 861 611 cur-

125 634 207 656 rere.
223 625 288 655 vid.
306 626 448 666 interpr.
466 627 506 656 ad
530 627 666 656 Sueton.
684 626 788 664 Calig,
808 626 860 655 ⁶26.

172 668 369 707 Οεειινεηίὶο,
387 680 492 710 genus
508 670 620 705 officii,
638 669 726 708 qnod
747 668 862 698 candi-

120 712 206 742 datis
238 720 425 752 praestatur.
457 713 568 744 Plane.
603 716 649 744 12².
681 712 786 742 facilis
810 717 861 742 est

119 755 178 786 illa
193 759 366 788 occursatio
383 762 417 788 et
434 757 597 788 blanditia
612 756 790 796 popularis.
818 756 859 786 ef.

121 799 195 831 Mil.
212 803 264 831 35.

169 843 380 884 Oetoplmrum
420 850 453 874 et
496 843 704 884 Octaphorus,
739 842 859 873 lectica

122 897 196 926 quae
215 888 255 918 ab
272 892 346 918 octo
365 888 554 919 bominibus
571 892 733 927 portatur.
750 888 790 927 Q.
810 887 859 917 Fr.

122 931 156 960 ii.
178 934 224 961 10.
256 932 313 961 sed
329 932 422 962 Verr.
438 943 466 961 v.
490 935 536 961 ll.
570 936 606 961 ut
625 942 694 961 mos
716 930 781 962 fuit
803 930 859 961 Bi-

120 974 246 1014 thyuiae
275 976 419 1015 regibus,
444 975 564 1005 lectica
589 977 750 1014 octaphoro
773 975 857 1004 fere-

121 1018 228 1048 batur.
260 1030 289 1048 v.
307 1020 396 1059 Lips.
422 1019 524 1049 Elect.
542 1020 562 1049 i.
584 1022 631 1053 19.
656 1022 690 1048 et
707 1018 798 1049 Voss.
815 1019 855 1048 ad

123 1062 246 1092 Catull.
266 1073 296 1102 p.
314 1065 379 1095 ⁶24..

167 1105 326 1136 oculatus
356 1116 442 1146 pass.
473 1117 531 1146 pro
562 1107 772 1146 conspicuus.
812 1106 854 1137 ad

116 1148 186 1179 Att.
202 1150 243 1180 iv.
260 1151 290 1180 6.
323 1151 377 1180 ubi
395 1150 475 1180 olim
500 1150 672 1189 legebatur
687 1151 850 1188 occultior,

119 1192 218 1223 male.
257 1203 335 1224 narn
362 1194 538 1234 respondet
564 1194 661 1223 verbo
688 1195 854 1233 apparuit.

116 1237 170 1266 Sic
188 1244 222 1267 et
239 1237 292 1267 alii
311 1238 434 1274 dixere,
451 1244 488 1267 ut
506 1238 627 1268 Lexica
644 1237 776 1268 docent.

165 1280 309 1317 Odiosus,
326 1281 365 1311 de
390 1288 595 1318 accusatore,
611 1282 667 1320 qni
686 1292 778 1312 reum
802 1282 856 1312 ni-

119 1324 182 1354 mis
200 1329 309 1363 urget,
330 1324 423 1354 nulla
446 1326 573 1355 ratione
599 1324 734 1364 placari,
751 1331 797 1363 et,
815 1333 854 1356 ut

116 1377 194 1397 eum
222 1369 385 1406 dimittat,
414 1370 536 1399 moveri
569 1373 689 1408 potest.
727 1369 801 1400 Act.
831 1370 855 1400 i.

115 1411 207 1442 Verr.
231 1414 277 1442 1⁶2.
309 1413 400 1443 Verr.
418 1413 458 1442 iv,
476 1415 527 1443 20.
559 1412 724 1452 *putidus
743 1415 776 1444 in
793 1413 853 1443 ali-

114 1465 181 1495 qua
197 1466 242 1486 re.
266 1457 323 1486 Or.
339 1457 386 1486 iii.
408 1460 456 1487 13.
480 1456 543 1486 Off.
561 1456 583 1486 i.
601 1460 653 1490 37.

162 1498 257 1530 Odivz’
272 1510 331 1540 pro
347 1500 414 1537 odi,
431 1505 482 1530 est
498 1500 581 1530 Phil.
598 1501 665 1530 xiii.
687 1503 735 1534 19.

161 1542 295 1581 Odeum,
317 1544 421 1574 fastus
445 1548 480 1574 et
504 1544 754 1583 importunitas,
778 1553 852 1582 qnae

112 1587 220 1617 odium
239 1587 330 1617 facit.
355 1587 489 1617 Cluent.
507 1591 560 1621 39.
594 1588 681 1626 quod
697 1594 770 1616 erat
785 1588 851 1618 odi-

113 1640 182 1668 um,
203 1631 256 1660 Dii
274 1631 492 1667 immortales,
510 1641 583 1670 quae
600 1631 764 1671 superbia.
796 1631 850 1660 Sic

114 1675 203 1714 apud
216 1674 354 1705 Terent.
369 1674 510 1714 Adelph.
528 1686 556 1705 V.
573 1678 604 1706 4.
625 1678 674 1709 17.
704 1674 849 1704 tunden-

116 1718 158 1748 ‹lo
189 1722 287 1757 atque
314 1719 380 1749 odio
417 1719 559 1758 denique
589 1719 700 1749 effecit
737 1729 849 1749 senex.

113 1761 234 1801 Hecyr.
254 1762 298 1792 iii.
312 1765 343 1793 ⁶2.
358 1766 387 1793 8.
412 1772 583 1802 nunquam
600 1762 696 1792 hodie
708 1763 775 1792 odio
791 1767 852 1792 tuo

112 1815 165 1834 me
182 1806 304 1842 vinces,
317 1810 352 1836 et
364 1806 436 1836 aliis
454 1806 533 1836 locis
549 1807 656 1836 odium
673 1806 795 1836 dicitur
811 1807 850 1837 de

110 1858 157 1886 re,
167 1859 238 1887 quae
252 1850 364 1880 odium
378 1850 472 1887 facit,
482 1850 619 1889 aliisque
633 1850 774 1880 molesta
785 1857 848 1881 est.

158 1892 255 1930 Odor,
286 1894 364 1923 levis
395 1895 551 1934 suspicio,
590 1894 693 1924 Attio.
724 1895 764 1923 iv.
800 1896 849 1925 16.

109 1935 185 1965 odor
208 1936 393 1967 dictaturae.
413 1938 554 1980 pluent.
572 1940 623 1971 2⁷7.
650 1938 726 1967 odor
744 1940 850 1978 suspi-

109 1980 225 2010 cionis.
246 1980 264 1997 ²⁴*
277 1980 369 2011 Verr.
387 1992 415 2011 V.
432 1983 484 2012 61.
501 1982 593 2011 odore
608 1981 718 2021 aliquo
735 1981 848 2021 legum

111 2028 280 2054 recreatus
304 2025 485 2056 revixisset.
513 2024 601 2055 *On
626 2026 672 2055 iii.
696 2028 749 2055 40.
773 2027 849 2056 odor

111 2066 324 2105 urbanitatis,
365 2069 541 2099 mollitudo
582 2069 849 2100 humanitatis—

108 2115 189 2140 sunt
206 2111 307 2141 ducta
323 2122 343 2141 a
358 2113 475 2142 ceteris
492 2113 654 2143 sensibus.

153 2153 291 2184 odorari
315 2166 372 2195 pro
396 2162 565 2196 appetere,
593 2163 631 2187 ut
648 2157 726 2196 Agr.
742 2157 775 2187 ii.
793 2160 847 2189 94.

108 2196 370 2229 decemviratum
388 2201 527 2230 odorari.

151 2241 262 2272 ‹Emzs
285 2244 422 2282 antique
448 2254 506 2284 pro
530 2254 628 2274 unus.
652 2244 734 2283 Leg.
750 2244 797 2274 iii.
815 2248 846 2275 3.

107 2294 196 2315 oenns
213 2295 254 2315 ne
272 2287 414 2326 amplius
430 2298 486 2318 sex
503 2298 632 2318 menses
650 2288 709 2317 &c.

151 2326 240 2367 Offh.
277 2330 354 2360 Div.
386 2332 419 2361 ii.
453 2334 505 2361 35.
539 2329 607 2371 offa
641 2331 765 2371 pultis:
800 2341 846 2361 sc.

110 2382 184 2410 quae
207 2373 363 2411 objicitur
389 2375 487 2414 pullis
515 2375 738 2414 auguralibus.
787 2374 848 2405 Est

104 2421 220 2446 autem
244 2414 311 2456 off'a
337 2420 466 2458 proprie
493 2419 610 2456 globus
633 2419 749 2449 farinae
767 2429 844 2448 con-

105 2468 236 2498 spersoe.
251 2460 351 2498 μάζα,
369 2460 464 2500 {paz-n,
483 2473 541 2502 pro
565 2473 630 2501 quo
646 2462 773 2493 AEolice
799 2463 848 2492 di-

99 2503 188 2532 citur
209 2502 304 2540 ὅππη,
337 2506 423 2535 unde
448 2506 590 2536 latinum
617 2503 695 2546 offo.
722 2517 752 2536 v.
775 2506 846 2536 Sal-

105 2555 187 2576 mas.
205 2547 246 2577 ad
263 2548 363 2578 Solin.
381 2559 412 2589 p.
429 2554 482 2583 90.
500 2553 573 2583 5:37.

150 2587 332 2629 Qffemlere.
349 2593 452 2623 Attio.
472 2604 502 2623 x.
520 2596 551 2623 4.
575 2590 738 2632 off'endere
755 2593 843 2633 apud

100 2632 246 2672 aliquem
265 2634 303 2664 de
320 2636 430 2674 aliqua
448 2647 493 2667 re.
526 2637 544 2655 ³*
559 2637 695 2666 Cluent.
711 2639 764 2668 23.
796 2635 843 2676 of-

82 2675 235 2717 fendere
250 2679 338 2717 apud
348 2680 499 2717 judices:
518 2681 538 2710 i.
551 2691 580 2710 e.
594 2680 809 2710 condemnari
823 2690 842 2709 a

90 2720 274 2759 judicibus.
291 2722 500 2754 *infeliciter
512 2734 580 2753 rem
591 2734 716 2762 gerere.
730 2723 770 2753 ad
778 2724 840 2754 Di-

98 2773 182 2794 vers.
199 2765 233 2794 ii.
255 2768 304 2795 18.
329 2767 380 2796 sin
401 2767 480 2805 quid
501 2765 687 2807 offenderit,
704 2767 763 2796 sibi
788 2773 839 2796 to-

93 2811 182 2843 tum,
196 2808 278 2838 nihil
295 2810 354 2840 tibi
368 2808 551 2850 offenderit.
569 2821 597 2841 v.
612 2808 751 2850 offensio.
776 2810 837 2840 Ce-

91 2856 207 2883 terum
224 2852 262 2882 de
280 2854 342 2884 hoc
360 2854 458 2884 verbo
475 2865 504 2884 v.
516 2854 648 2884 Manut.
663 2854 703 2884 ad
720 2854 782 2893 Ep.
797 2853 839 2884 ad

92 2893 174 2925 Div.
190 2906 219 2926 v.
241 2898 289 2927 14.
314 2898 334 2916 ²*
349 2897 474 2928 Caecin.
496 2899 550 2930 36.
579 2898 613 2927 Si
637 2897 717 2936 quid
739 2895 841 2938 off'en·

98 2938 243 2970 lendum
259 2942 315 2980 sit,
333 2942 354 2972 i.
369 2951 400 2973 e.
416 2940 743 2983 reprehendendum.

1576 132 1660 181 ³73

962 227 1116 271 Offensio,
1133 229 1318 263 calamitas.
1342 231 1460 263 Manil.
1474 237 1506 268 9.
1523 229 1655 273 offensio

910 274 1001 306 belli.
1017 275 1060 306 cs.
1077 275 1117 306 ad
1132 275 1227 315 Quir.
1248 279 1275 306 1.
1298 276 1472 307 *morbus
1494 277 1596 307 Tusc.
1609 278 1652 308 iv.

914 321 960 348 14.
995 317 1181 358 offensiones
1212 329 1400 360 corporum.
1431 320 1472 350 cf.
1503 320 1543 350 ad
1570 321 1649 352 Div.

909 363 973 393 xvi.
1008 366 1057 393 10.
1094 362 1113 382 ¹*
1127 362 1268 401 repulsa.
1304 363 1439 393 Cluent.
1471 364 1524 394 25.
1560 364 1649 402 quod

909 405 1105 436 aedilitatem
1134 412 1247 446 petere
1271 417 1349 436 eum
1372 407 1562 437 hominibus
1591 417 1650 437 no-

907 449 1090 486 bilissimis,
1103 455 1137 479 et
1148 446 1350 488 offensionem
1367 451 1487 480 timere
1505 450 1649 482 dicebat.

908 492 927 510 ’ἒ
941 493 1074 523 Cluent.
1091 496 1143 524 50.
1160 493 1366 531 judiciorum
1387 491 1582 533 off'enszomes·²
1599 494 1649 524 di-

906 542 1032 566 cuntur
1062 537 1292 576 corruptiones
1324 537 1493 576 judicum,
1525 538 1647 576 quibus

900 579 1030 618 judicia
1046 581 1079 610 in
1096 581 1209 610 odium
1228 581 1341 621 populi
1358 582 1509 612 veniunt.
1533 581 1648 611 *Tus-

906 623 972 654 cul.
993 625 1033 654 iv.
1055 627 1101 654 11.
1125 621 1255 663 offensio
1278 625 1488 663 aegrotationi
1514 631 1646 656 contra-

906 668 954 698 ria
971 667 1049 706 qnid
1067 669 1110 697 sit
1122 669 1146 697 ?'

953 708 1212 750 Qffiensiwzcula,
1230 710 1372 751 repulsa.
1398 710 1512 741 Plane.
1530 713 1584 743 21.

953 752 1114 794 Qffensus.
1140 755 1284 785 odiosus.
1310 754 1408 785 Catil.
1435 755 1456 785 i.
1481 759 1512 789 7.
1540 756 1566 785 si
1589 765 1642 786 me

905 798 985 828 meis
1002 799 1126 829 civibus
1147 796 1307 839 offensum
1324 799 1479 828 viderem.
1497 798 1539 829 cf.
1557 798 1639 829 Clu-

903 847 972 871 ent.
995 845 1059 873 58.»
1079 840 1150 872 lnv.
1167 843 1188 873 i.
1206 845 1257 877 49.
1286 840 1443 882 qff'ensum
1471 846 1535 880 est,
1555 842 1644 882 quod

904 885 1115 915 audientium
1132 887 1261 916 animos
1277 885 1374 916 laesit.
1392 886 1434 915 cf.
1457 886 1526 916 Att.
1544 886 1577 916 ii.
1594 890 1641 921 19.

904 929 985 959 nihil
999 935 1049 959 est
1060 935 1130 960 tam
1142 928 1301 969 offensum
1315 939 1427 968 quam.
1442 930 1502 960 &a
1520 930 1642 961 *veria

903 973 937 1002 ii.
963 977 1016 1007 47.
1056 974 1257 1004 existimatio
1287 971 1434 1013 offensa:
1471 973 1492 1003 i.
1517 983 1545 1004 e.
1573 983 1643 1004 ma—

901 1016 942 1046 la.
981 1017 1104 1048 *Vt-rr.
1139 1018 1172 1048 ii.
1204 1018 1256 1051 76.
1296 1018 1415 1047 statim
1445 1018 1635 1057 suspicione

900 1058 1024 1100 offensi,
1047 1061 1089 1091 ad
1111 1071 1150 1091 ea
1176 1061 1247 1100 ipsa
1271 1062 1409 1090 nomina
1431 1060 1544 1090 oculos
1568 1062 1643 1091 ani-

904 1114 1063 1143 mumque
1094 1104 1341 1135 transtulimus.
1387 1104 1513 1134 Eodem
1544 1104 1643 1134 modo

902 1148 1038 1185 dicitur,
1057 1153 1094 1178 ut
1121 1159 1172 1188 ap.
1201 1149 1279 1178 Ter.
1303 1149 1337 1178 in
1361 1147 1464 1179 Andr.
1489 1149 1638 1188 percuti:

902 1193 1065 1231 percussit
1082 1191 1171 1222 illico
1188 1192 1351 1222 animum.

949 1234 1090 1275 Qff'erre,
1119 1245 1290 1276 apparere,
1322 1235 1426 1272 cerni,
1455 1234 1641 1265 ostendere.

901 1279 977 1310 Div.
995 1280 1015 1310 i.
1033 1281 1084 1311 36.
1103 1280 1158 1310 Dii
1177 1280 1238 1320 ipsi
1255 1289 1288 1308 se
1303 1279 1394 1309 nobis
1408 1288 1473 1308 non
1486 1276 1640 1318 offkrunt.

899 1323 995 1354 Rosc.
1022 1323 1059 1353 A.
1084 1327 1136 1354 31.
1173 1334 1207 1353 os
1232 1320 1360 1363 offerre.
1392 1321 1411 1340 *⁶
1428 1322 1558 1352 obviam
1582 1323 1642 1353 ire.

898 1367 940 1396 ad
956 1368 1033 1397 Div.
1051 1367 1093 1398 vi.
1112 1369 1164 1398 90.
1191 1365 1445 1397 advenientibus
1462 1370 1495 1395 te
1507 1363 1640 1406 offerre.

896 1410 1081 1448 *objicere
1107 1411 1197 1440 Sext.
1231 1414 1257 1441 1.
1292 1408 1411 1450 offerre
1436 1410 1580 1439 salutem
1605 1410 1641 1442 in

897 1454 1088 1484 discrimen.
1114 1455 1211 1485 Offic.
1236 1455 1257 1485 i.
1283 1456 1335 1486 ⁶24.
1359 1451 1479 1493 offerre
1500 1463 1534 1483 se
1553 1454 1642 1494 peri-

897 1498 991 1528 culis.
1025 1502 1043 1519 *Ψ
1058 1499 1148 1529 Sext.
1165 1499 1196 1529 6.
1225 1499 1251 1528 si
1270 1498 1325 1536 qui
1342 1497 1496 1527 fecerunt
1511 1496 1639 1536 aliquid

896 1542 1090 1581 aliquando,
1107 1545 1205 1582 atque
1223 1541 1325 1571 iidem
1343 1551 1433 1571 nunc
1456 1545 1585 1579 tacent,
1604 1546 1639 1572 et

895 1587 1086 1625 quieseunt,
1103 1596 1161 1616 nos
1186 1595 1316 1625 quoque
1340 1585 1443 1615 simus
1466 1584 1579 1616 obliti:
1609 1587 1638 1616 si

895 1630 952 1669 qui
968 1640 1002 1660 se
1017 1627 1161 1669 offerunt
1177 1629 1360 1659 insolenter
1378 1634 1412 1658 et
1423 1629 1640 1659 insectantur

896 1676 955 1703 ἃς.
1001 1673 1150 1704 Graevius
1183 1672 1328 1703 malebat
1358 1682 1375 1702 e
1407 1672 1510 1702 Codd.
1541 1672 1638 1703 MSS.

895 1718 1049 1748 efferunt.
1089 1718 1153 1747 Sed
1177 1717 1289 1757 paullo
1304 1720 1379 1756 post
1394 1716 1482 1746 idem
1499 1719 1550 1746 est
1566 1726 1638 1746 ver-

894 1761 973 1791 bum
989 1773 995 1790 z
1024 1771 1131 1800 neque
1149 1770 1350 1800 quemquam
1372 1757 1512 1799 offendet
1527 1761 1636 1792 oratio

894 1815 980 1842 mea,
997 1805 1059 1835 nisi
1076 1805 1133 1844 qni
1149 1815 1182 1834 se
1200 1805 1249 1835 ita
1264 1804 1438 1842 obtulerit,
1451 1808 1490 1834 ut
1506 1804 1539 1834 in
1557 1813 1636 1835 eum

895 1858 960 1878 non
999 1850 1167 1886 invasisse,
1198 1848 1256 1879 sed
1286 1848 1420 1877 irruisse
1451 1847 1635 1878 videamur.

893 1892 910 1910 '¹⁵
925 1893 1088 1922 resistere.
1113 1892 1154 1922 ad
1170 1891 1266 1922 Brut.
1287 1894 1335 1922 15.
1359 1896 1475 1922 statlm
1500 1901 1553 1921 me
1567 1892 1637 1922 An-

892 1937 975 1965 tonii
999 1936 1113 1966 sceleri
1136 1936 1246 1966 obtuli.
1278 1935 1405 1965 *Rosa
1430 1934 1468 1965 A.
1498 1938 1546 1966 13.
1578 1935 1636 1974 qui

895 1985 1038 2009 mortem
1054 1980 1206 2010 obtulerit
1223 1980 1365 2019 parenti.

939 2023 1088 2064 Officere,
1107 2028 1158 2054 est
1178 2023 1322 2063 proprie,
1339 2022 1480 2052 liberum
1498 2031 1633 2063 prospe-

893 2074 986 2097 ctum
1019 2067 1193 2107 impedire,
1226 2067 1369 2097 obstare.
1407 2065 1471 2096 Off.
1501 2066 1547 2096 iii.
1583 2066 1633 2097 16.

891 2121 1032 2150 quorum
1060 2111 1204 2141 altitudo
1229 2109 1368 2151 officeret
1396 2110 1561 2149 auspiciis.
1588 2109 1630 2140 cf.

891 2156 949 2186 Or.
976 2155 997 2184 i.
1025 2158 1078 2189 39.
1100 2154 1201 2184 Tusc.
1226 2164 1255 2185 v.
1282 2156 1334 2184 32.
1358 2154 1436 2183 hinc
1460 2153 1634 2192 eleganter

890 2205 953 2235 est,
981 2198 1158 2228 commoda
1187 2197 1327 2236 alicujus
1356 2197 1531 2234 impedire,
1558 2197 1631 2227 lau-

890 2242 965 2272 dem
985 2242 1126 2280 alicujus
1144 2242 1260 2280 majori
1284 2240 1382 2271 laude
1404 2241 1604 2271 imminuere
1621 2253 1629 2271 ε

890 2287 970 2316 item
990 2296 1107 2315 nocere
1132 2285 1166 2315 in
1188 2294 1321 2324 genere.
1339 2284 1451 2315 Rabir.
1468 2284 1557 2314 Post.
1578 2285 1627 2315 16.

891 2339 953 2359 nee
988 2330 1112 2359 mentis
1147 2329 1331 2359 luminibus
1361 2327 1459 2368 officit
1485 2327 1628 2358 altitudo
1667 2332 1670 2335 '

890 2373 1048 2403 fortunae.
1072 2373 1168 2403 Brut.
1191 2375 1240 2406 17.
1265 2371 1384 2401 horum
1399 2372 1539 2402 concisis
1553 2381 1628 2402 sen-

889 2418 1004 2447 tentiis
1027 2416 1125 2457 officit
1145 2416 1384 2455 Theopompus
1408 2415 1554 2445 elatione
1578 2422 1629 2445 at-

889 2471 952 2500 que
978 2459 1156 2490 altitudine
1180 2459 1340 2489 orationis
1364 2468 1444 2489 suae.
1468 2459 1563 2489 Rosc.
1587 2459 1626 2490 A.

894 2508 947 2535 38.
972 2514 1010 2534 ac
1028 2504 1110 2533 meis
1127 2502 1311 2538 commodis
1329 2503 1441 2532 obstas
1456 2508 1490 2532 et
1506 2503 1616 2543 officis.

935 2547 1088 2588 Offi'cina,
1106 2546 1271 2585 quomodo
1291 2545 1424 2576 differat
1440 2556 1459 2576 a
1473 2547 1628 2585 taberna,

886 2591 949 2621 vid.
968 2591 1101 2620 Manut.
1120 2591 1161 2620 ad
1180 2590 1239 2629 Ep.
1257 2589 1298 2619 ad
1316 2590 1391 2620 Div.
1408 2590 1474 2620 viii.
1489 2590 1519 2619 6.
1539 2589 1627 2620 Illud

887 2639 1000 2665 autem
1019 2634 1151 2673 elegans
1169 2638 1241 2663 est:
1268 2633 1350 2672 Leg.
1368 2634 1389 2662 i.
1411 2636 1458 2663 13.
1484 2633 1628 2673 philoso-

885 2678 956 2718 phi,
973 2679 1028 2716 qui
1047 2679 1139 2717 quasi
1156 2677 1303 2718 officinas
1318 2677 1553 2707 instruxerunt
1577 2687 1629 2708 sa-

885 2722 1035 2762 pientiae.

933 2764 1101 2805 Officium,
1129 2765 1210 2795 Her.
1227 2765 1261 2794 ii.
1283 2767 1333 2798 17.
1357 2763 1541 2804 opponitur
1557 2773 1628 2794 ma-

884 2809 1006 2839 leficio.
1033 2807 1113 2838 ibid.
1146 2811 1171 2838 1.
1205 2807 1312 2849 officia
1341 2808 1432 2837 artis.
1463 2807 1537 2836 *an
1564 2806 1628 2837 hoe

885 2853 1023 2882 xerbum
1047 2852 1126 2882 satis
1151 2852 1318 2892 exprimat
1335 2851 1528 2881 Graecorum
1547 2850 1630 2881 καθ-

884 2897 950 2929 ῆκαν
965 2896 976 2925 ?
1006 2905 1036 2925 v.
1054 2896 1124 2925 Att.
1142 2896 1206 2926 xvi.
1228 2898 1277 2925 14.
1300 2894 1318 2912 ³¹⁵
1332 2904 1442 2934 opera.
1458 2903 1631 2924 commen-

884 2939 1010 2970 datoris
1033 2938 1190 2979 officium.
1212 2939 1362 2970 Herenn.
1379 2938 1415 2970 ii.
1435 2941 1485 2971 10.
1509 2937 1630 2979 honos,

965 2990 984 3013 Β
1001 2982 1020 3012 b
1037 2986 1056 3015 3
1614 2982 1616 2985 “
