1920 3196
683 115 829 144 INDEX
859 112 1157 142 LATINt'rA'rlS.

172 206 228 235 eta
247 206 282 235 εἴ
302 203 452 242 reducta,
473 202 650 247 ugonypatm
675 203 730 234 καὶ
751 205 900 246 ἀποτρεπ-

171 246 276 289 γμῐηι.
288 248 307 266 “
319 247 430 278 Rabir.
446 248 534 278 Post.
550 251 596 283 17.
609 258 740 288 possum
756 249 900 278 excitare

172 291 294 322 multos
306 291 450 322 reductos
464 296 565 322 testes
580 292 787 322 liberalitatis
803 297 872 321 tuae
888 303 898 329 ς

170 335 258 374 quod
280 344 366 375 saepe
383 335 492 366 audivi
508 336 595 375 patri
618 340 690 372 tuo,
709 336 764 375 qui
791 334 824 365 id
849 334 898 366 fe-

171 378 283 415 cisset,
315 388 438 418 magno
469 379 662 418 adjumento
685 380 719 409 in
750 378 897 419 periculo

170 421 288 461 capitis
324 422 437 453 fuisse.
485 422 586 452 Hunc
617 422 741 460 locum,
770 423 804 452 in
832 432 897 461 quo

169 464 318 495 Graevius
335 470 437 505 negat
460 476 494 496 se
514 467 611 504 scire,
636 467 693 505 qui
709 467 777 496 sint
798 467 896 496 redu-

170 509 226 545 cti,
243 509 289 538 sic
314 509 537 550 interpretor:
570 520 704 550 possum
733 509 897 540 adducere

167 551 293 582 multos
318 558 421 583 testes
441 553 499 584 lib.
520 558 546 583 t.
563 564 644 593 quos
660 558 711 591 tu,
729 564 805 583 cuin
831 563 895 583 erre

167 595 278 626 alieno
295 597 519 627 concidissent
532 602 566 627 et
578 597 687 627 solum
704 598 895 634 vertissent,

167 638 341 677 reduxisti,
366 641 558 678 restituisti,
583 651 647 671 aere
676 641 783 671 alieno
809 642 896 681 ipso·

167 691 243 713 rum
274 689 335 713 tua
364 683 566 714 liberalitate
597 685 771 722 dissoluto,
808 684 897 724 quod

165 736 243 756 cum
261 733 295 757 et
312 735 407 767 pater
423 734 501 758 tuus
518 729 662 765 fecisset,
679 729 707 758 ei
725 738 822 768 opem
838 733 893 758 tu-

164 769 204 800 lit
221 771 390 809 injudicio
407 773 537 812 capitis,
554 772 700 811 adeoque
717 773 778 802 tibi
791 776 891 802 etiam

165 814 319 853 prodesse
344 814 452 845 debet.
478 816 530 845 Sic
550 817 693 846 reductio
718 817 802 855 regis
818 815 894 846 Ale-

165 858 318 888 xandrini
343 859 383 888 ad
404 860 479 889 Div.
505 861 526 890 i.
543 863 573 893 ῖ.
598 865 649 890 est
666 860 835 890 restitutio
859 860 892 889 in

167 911 321 941 regnum.
347 902 468 933 Exules
485 904 610 933 reducti
633 904 784 944 pluribus
812 903 891 933 locis

163 946 253 984 apud
269 946 464 976 Ciceronem
481 953 671 978 occurrunt.
706 947 840 977 Patricii
857 952 891 977 et

164 988 310 1019 Manutii
341 990 653 1030 interpretationem
685 996 776 1021 recte
800 991 891 1020 Grae-

162 1032 233 1062 vius
250 1033 369 1071 rejicit.
415 1033 491 1064 Non
510 1035 599 1064 enim
617 1034 769 1074 quadrat.

206 1076 452 1107 Redundantia.
477 1079 570 1108 Orat.
595 1081 646 1109 30.
671 1079 742 1118 ipsa
758 1077 816 1108 illa
830 1088 888 1118 pro

162 1119 281 1150 Roscio
298 1121 458 1160 juvenilis
473 1122 717 1152 redundantia.-
741 1121 774 1152 h.
791 1132 819 1152 e.
837 1122 888 1151 ni-

163 1164 231 1193 mia
267 1165 527 1202 sententiarum,
553 1166 762 1203 acuminum,
794 1175 891 1195 orna-

161 1212 420 1247 mentorumque
447 1209 599 1239 oninium
626 1210 734 1250 copia,
751 1219 825 1249 quae
854 1213 889 1239 et

158 1249 293 1282 luxuria
308 1251 441 1282 dicitur.

203 1294 415 1326 Redundare.
441 1296 534 1326 Orat.
553 1297 598 1327 iii.
616 1299 648 1328 4.
672 1301 812 1327 ornatus
838 1307 890 1326 re-

159 1337 297 1369 dundat.
324 1349 355 1369 v.
379 1340 614 1371 redundantia.
647 1341 740 1373 Balb.
772 1343 824 1372 ⁶25.
848 1345 888 1371 ut

159 1382 262 1422 aliqui
275 1392 443 1413 sermones
461 1383 636 1414 hominum
653 1385 755 1415 etiam
773 1385 815 1414 ad
830 1395 889 1415 au-

161 1435 213 1456 res
229 1430 354 1457 vestras
371 1432 622 1467 permanarent,
640 1434 674 1458 et
690 1429 724 1458 in
740 1429 811 1468 ipso
831 1430 888 1468 ju-

157 1469 244 1500 dicio
254 1471 477 1502 redundarent
487 1485 495 1501 :
505 1471 537 1501 h.
548 1482 576 1501 e.
585 1482 749 1502 commem
755 1482 888 1503 oraren-

161 1517 231 1552 tur,
246 1514 487 1554 proferrentur,
503 1515 556 1545 vel
568 1517 601 1546 in
619 1526 719 1546 causa
741 1516 887 1555 aliquam

156 1558 226 1588 vim
259 1558 432 1589 haberent.
456 1559 474 1577 ²*
489 1560 570 1590 Rab.
602 1559 691 1590 Post.
723 1563 752 1591 5.
777 1571 817 1591 ex
847 1571 886 1592 ea

156 1611 257 1632 causa
277 1602 441 1634 redundat
457 1613 544 1634 reuS.
568 1604 589 1634 i.
615 1614 643 1634 e.
661 1605 695 1634 in
720 1614 759 1634 ea
785 1615 886 1636 causa

154 1650 306 1685 repertus
325 1651 375 1676 est
398 1657 485 1683 reus,
508 1657 567 1687 per
582 1648 778 1678 societatem
805 1649 887 1679 faci-

155 1689 258 1727 noris,
277 1694 314 1720 ut
341 1696 518 1731 propterea
539 1691 573 1721 in
593 1692 761 1732 judicium
788 1703 883 1724 voce-

155 1736 224 1763 tur.

197 1776 358 1815 Redavia,
385 1781 435 1808 est
462 1779 629 1818 particula
669 1780 769 1817 cutis,
807 1790 881 1819 quae

153 1820 242 1851 circa
256 1830 386 1860 ungues
403 1821 583 1861 digitorum
597 1833 631 1853 se
647 1823 779 1854 resolvit
794 1835 800 1853 z
826 1824 883 1854 de-

153 1864 230 1894 inde
247 1865 419 1904 proverbio
436 1866 474 1895 de
494 1876 526 1896 re
542 1878 643 1907 parva
664 1873 697 1897 et
715 1867 779 1897 levi
800 1867 880 1898 dici-

153 1911 221 1938 tur.
246 1908 340 1938 Rosc.
357 1909 433 1939 Am.
450 1912 503 1940 44.
527 1912 698 1941 reduviam
718 1922 844 1941 curare.

195 1951 375 1992 Refert-ire,
394 1953 544 1993 implere.
569 1954 668 1985 Taso.
686 1956 720 1985 ii.
735 1957 764 1986 ⁶2.
790 1955 881 1986 libris

151 1997 265 2025 omnia
278 1996 489 2036 referserunt.
514 1998 626 2029 Rabir.
641 1999 729 2029 Post.
751 2002 799 2029 14.
823 2010 882 2030 au-

153 2047 203 2068 res
221 2039 349 2079 refersit
366 2041 435 2071 istis
453 2043 672 2073 sermonibus.
708 2043 726 2060 '¹²
739 2044 882 2083 compri-

153 2091 256 2120 mere,
275 2088 452 2115 coarctare.
477 2086 570 2116 Orat.
595 2087 616 2116 i.
641 2089 694 2117 35.
718 2092 757 2116 ut
785 2086 882 2117 Cras-

150 2134 205 2155 sus
223 2125 306 2165 haec,
325 2138 397 2167 quae
415 2131 610 2167 coarctavit,
627 2136 661 2160 et
679 2135 879 2170 peranguste

152 2168 283 2209 refersit
308 2172 343 2201 in
365 2173 516 2202 oratione
541 2183 613 2211 sua,
638 2174 757 2204 dilatet
775 2175 880 2206 nobis.

194 2213 346 2254 Referre,
363 2217 571 2256 respondere.
592 2218 691 2257 vulgo
707 2230 713 2247 t
740 2218 880 2258 replica-

149 2266 195 2286 re.
222 2257 344 2288 Caecin.
372 2261 423 2293 -29,
447 2271 507 2300 ego
530 2261 591 2291 tibi
622 2261 736 2301 refero.
760 2263 878 2302 Quint.

151 2303 200 2330 13.
225 2302 304 2341 quid
321 2313 340 2332 a
357 2303 449 2333 nobis
476 2304 638 2344 refertur:
661 2306 719 2335 ubi
736 2316 765 2335 ν.
787 2306 879 2336 Grae-

147 2344 230 2375 vius.
256 2348 274 2366 ¹*
294 2347 490 2378 instaurare.
509 2348 615 2379 Flacc.
631 2352 657 2379 1.
672 2348 797 2388 referre
812 2351 877 2380 Va-

147 2386 237 2418 leriae
254 2391 362 2428 gentis
386 2391 532 2422 laudem.
560 2394 593 2423 in
613 2393 725 2423 Caecil.
747 2395 799 2423 21.
826 2404 877 2425 re-

135 2431 236 2470 ferre
249 2434 455 2465 institutum.
470 2436 548 2466 ibid.
562 2437 769 2466 consuetudo
783 2447 877 2478 repe-

147 2476 213 2505 tita
228 2486 266 2506 ac
283 2480 402 2508 relata.
426 2480 527 2510 Dom.
547 2482 600 2515 29.
625 2488 874 2512 sacramentum

145 2518 292 2559 referre.-
317 2522 339 2551 i.
366 2523 490 2553 iterum
508 2524 549 2554 ad
573 2524 705 2563 judices
736 2524 875 2555 deferre.

147 2561 167 2580 *
184 2563 333 2597 reddere.
352 2565 444 2596 Verr.
465 2568 511 2597 iii.
530 2567 583 2602 96.
607 2567 733 2608 referre
748 2569 878 2606 judicia

147 2606 189 2636 ad
206 2613 394 2646 equestrem
411 2610 575 2641 ordinem.
598 2610 617 2628 ³*
631 2612 665 2641 in
693 2613 876 2643 rationibus

147 2659 234 2690 saepe
252 2651 374 2683 dicit-ur
389 2654 551 2694 elliptice‚
568 2654 760 2695 proregferre
776 2657 809 2685 in
825 2662 877 2686 ta-

146 2693 240 2724 bulas
258 2696 439 2728 rationum.
456 2698 563 2728 Flacc.
578 2702 626 2733 19.
640 2700 875 2739 operipublico

143 2736 299 2777 referunt
313 2753 322 2769 .-
369 2741 402 2771 Ιι.
418 2752 447 2772 e.
472 2743 652 2782 pecuniam
679 2743 713 2772 in
731 2743 876 2774 rationes

143 2780 309 2821 referunt,
325 2788 500 2824 tamquam
519 2792 732 2816 consumtam
751 2788 783 2816 in
798 2798 876 2828 ope-

144 2834 179 2854 re
194 2826 305 2865 aliquo
323 2828 466 2868 publico.
491 2829 509 2846 ¹*
527 2829 608 2859 item
627 2830 666 2860 de
683 2830 790 2869 sctis,
816 2841 876 2871 pro

143 2867 272 2908 referre
288 2871 321 2900 in
333 2871 463 2903 tabulas
479 2873 642 2913 publicas,
656 2874 875 2914 tabularium,

146 2912 234 2952 quod
248 2919 319 2946 erat
344 2916 386 2946 ad
411 2917 577 2949 aerarium.
601 2917 645 2948 ad
660 2917 736 2951 Div.
762 2919 818 2950 xii.
846 2922 874 2951 l.

1595 99 1680 148 407

945 203 1034 233 SCta
1058 201 1265 243 referuntur.
1303 200 1346 231 cf.
1377 200 1475 232 Rosc.
1511 200 1605 231 Com.
1647 203 1680 232 l.

944 246 1028 278 Phil.
1044 257 1074 277 v.
1091 249 1123 277 4.
1149 246 1188 276 de
1205 245 1389 275 rationibus
1403 254 1480 275 cum
1505 245 1546 275 ad
1563 245 1674 275 oerari-

942 300 1000 320 um
1017 291 1243 331 deponuntur.
1257 288 1350 319 Verr.
1366 289 1449 320 i.30.
1460 289 1506 318 iii.
1521 292 1574 322 71.
1590 289 1673 319 item

941 333 981 364 de
1002 334 1073 364 aliis
1091 334 1200 371 rebus,
1218 342 1359 372 quarum
1379 332 1540 362 memoria
1566 332 1670 362 literis

942 378 1084 417 publicis
1115 376 1305 407 mandatur.
1341 376 1547 415 registriren.
1586 375 1669 405 Sull.

944 424 992 451 14.
1013 431 1065 451 me
1084 420 1194 457 aliter,
1212 430 1248 450 ac
1266 414 1394 449 dietum
1408 425 1470 456 est,
1489 420 1522 448 in
1537 419 1669 449 tabulas

940 465 1088 504 publicas
1101 464 1264 494 retulisse.
1282 464 1324 493 ib.
1339 463 1395 502 qui
1412 463 1462 492 his
1479 462 1668 493 hominibus

938 509 980 539 ad
996 519 1071 538 vere
1087 508 1296 548 referendum
1323 505 1423 536 tidem
1448 505 1591 536 defuisse
1608 515 1671 546 pu-

938 557 1000 582 tet.
1024 553 1042 571 ³*
1059 552 1224 582 recedere.
1248 550 1384 580 Nat.D.
1400 550 1447 581 iii.
1470 553 1517 580 14.
1542 560 1619 580 cum
1633 559 1668 579 se

938 595 987 626 sol
1003 595 1139 636 reserat.
1163 596 1183 613 ²*
1198 593 1326 635 'referre
1349 593 1472 623 dicitur
1498 594 1601 623 etiam
1625 593 1668 624 ad

938 639 1097 679 aliquem,
1117 640 1172 678 qui
1191 640 1220 669 ei
1247 637 1373 676 aliquid
1398 636 1664 675 deliberandum,

940 683 1215 719 examinandum,
1227 681 1465 719 judicandum,
1482 680 1666 711 decernen-

937 726 1032 764 dum,
1050 726 1281 766 jubendumve
1299 725 1464 765 proponit.
1487 724 1625 754 Tuscul.
1644 726 1666 755 i.

941 772 989 801 16.
1014 771 1054 801 ad
1078 771 1193 800 oculos
1218 770 1332 799 onmia
1365 767 1502 808 referre.
1527 768 1611 798 Phil.
1630 769 1664 799 ii.

937 815 967 845 6.
1000 815 1120 853 ecquid
1143 814 1184 844 ad
1216 823 1294 843 eum
1326 812 1366 842 de
1396 822 1463 851 rep.
1493 814 1635 842 retulisti
1649 814 1666 842 Ι

935 859 1054 898 Quint.
1076 859 1126 888 16.
1149 857 1238 888 adse
1256 858 1366 896 ipsum
1383 855 1510 894 aliquid
1526 855 1664 895 refer-re.

937 902 1036 932 Catil.
1058 903 1078 932 i.
1093 906 1123 933 8.
1148 901 1273 941 referre
1289 900 1330 930 ad
1347 901 1519 930 Senatum.
1544 899 1664 931 Manil-

937 948 985 979 19.
1005 946 1122 976 Cicero
1137 952 1260 985 praetor
1275 944 1369 980 dicit,
1392 953 1426 972 se
1450 943 1492 973 ad
1506 950 1663 974 senatum

933 992 1121 1020 relaturum
1137 989 1177 1019 de
1194 999 1227 1019 re
1244 988 1367 1026 aliqua,
1383 987 1473 1026 quod
1496 992 1567 1017 erat
1584 997 1665 1017 con-

932 1033 1054 1064 sulum.
1086 1033 1145 1063 Est
1160 1039 1275 1068 autem
1292 1032 1331 1061 de
1349 1031 1539 1070 egressione
1550 1031 1665 1061 relati-

931 1078 1003 1107 onis
1034 1077 1311 1116 intelligendum,
1333 1083 1373 1105 ut
1393 1074 1476 1105 vidit
1493 1074 1661 1105 Graevius:

934 1131 1009 1150 curn
1024 1121 1200 1151 Senatores
1210 1121 1268 1159 jus
1284 1119 1447 1149 haberent
1468 1128 1533 1148 non
1551 1119 1662 1150 solum

929 1165 1133 1195 sententiam
1152 1163 1282 1194 dicendi
1301 1163 1340 1192 de
1357 1173 1408 1199 eo,
1425 1161 1464 1192 de
1478 1172 1543 1201 quo
1559 1162 1666 1193 inter-

932 1209 1039 1248 rogati
1063 1216 1186 1246 essent,
1208 1207 1265 1238 sed
1281 1208 1385 1236 etiam
1403 1207 1442 1236 de
1460 1206 1525 1236 alia
1551 1216 1599 1244 re,
1621 1207 1662 1237 de

933 1263 999 1291 qua
1011 1252 1151 1282 relatum
1164 1263 1182 1282 a
1193 1252 1282 1281 Coss.
1294 1260 1362 1280 non
1376 1254 1473 1280 esset.
1492 1250 1511 1268 ²*
1524 1249 1661 1281 Cluent.

930 1299 984 1330 49.
1010 1295 1137 1335 referre
1156 1295 1197 1326 ad
1213 1294 1388 1335 populum.
1406 1303 1464 1334 pro
1487 1304 1552 1333 quo
1569 1294 1663 1324 Grae-

925 1340 1004 1371 .vius
1028 1340 1174 1380 perferre
1202 1338 1348 1369 mavult:
1374 1337 1461 1368 male
1489 1347 1564 1367 mea
1587 1347 1663 1368 sen-

929 1384 1050 1415 tentia.
1105 1383 1193 1414 Nam
1237 1383 1345 1422 primo
1376 1381 1530 1421 exempla
1560 1381 1662 1412 allata

931 1427 997 1457 huc
1025 1436 1092 1458 non
1120 1427 1308 1467 quadrant:
1333 1425 1455 1455 deinde
1483 1436 1523 1455 ex
1547 1426 1662 1455 analo-

929 1472 984 1510 gia
999 1472 1123 1511 linguae
1152 1470 1277 1510 referre
1304 1469 1346 1499 ad
1371 1468 1533 1509 populum
1565 1479 1660 1508 aeque

931 1514 995 1545 dici
1014 1519 1138 1556 potest,
1157 1525 1193 1544 ac
1211 1514 1296 1544 ferre
1316 1526 1322 1543 ε
1347 1514 1450 1543 tertio
1465 1514 1511 1543 sic
1529 1518 1580 1543 est
1605 1518 1657 1543 et-

928 1558 995 1589 iam
1012 1560 1112 1590 Dom.
1132 1562 1181 1593 19.
1198 1562 1279 1597 quot
1297 1556 1403 1587 modis
1419 1557 1534 1594 doceo,
1548 1557 1657 1596 legem

928 1603 1041 1641 istam,
1067 1603 1166 1642 qua‘m
1189 1611 1299 1638 vocas,
1322 1610 1389 1631 non
1421 1610 1490 1631 esse
1520 1600 1654 1639 legem?

927 1647 1006 1686 quId
1018 1648 1044 1677 si
1060 1647 1162 1677 etiam
1173 1645 1324 1686 pluribus
1340 1645 1380 1674 de
1395 1645 1491 1674 rebus
1505 1654 1572 1674 uno
1589 1655 1659 1675 sor-

925 1691 992 1721 titu
1009 1692 1148 1722 retulisti
1164 1691 1179 1719 .?
1196 1699 1296 1729 quem
1313 1688 1424 1718 locum
1441 1688 1591 1719 Graevius
1607 1689 1659 1718 in—

926 1738 1056 1765 tactum
1074 1734 1222 1773 reliquit.
1269 1733 1445 1763 Manutius
1470 1737 1586 1762 tamen
1602 1732 1657 1762 hic

925 1788 1058 1818 quoque
1086 1778 1254 1808 malebat:
1285 1776 1403 1806 tulisti.
1428 1775 1593 1806 Formulae
1623 1777 1659 1806 in

921 1823 1031 1860 SCtis,
1044 1829 1084 1853 ut
1097 1822 1138 1852 ad
1151 1822 1228 1852 Div.
1242 1821 1311 1850 viii.
1329 1824 1358 1851 Β.
1373 1819 1414 1849 ad
1425 1826 1581 1850 senatum
1596 1830 1654 1860 po-

920 1867 1106 1907 pulumque
1115 1863 1411 1906 referre,1iihilhue
1422 1865 1658 1903 prosunt,quia

922 1920 982 1950 per
994 1910 1147 1948 σύλληψιν
1159 1909 1198 1939 de
1211 1912 1353 1947 utroque
1367 1906 1492 1948 rqferre
1504 1907 1568 1937 dici
1582 1913 1656 1947 pot-

923 1959 985 1984 est.
1009 1956 1072 1984 Sed
1090 1953 1226 1984 aliunde
1250 1952 1378 1982 firmari
1396 1961 1435 1981 ea
1455 1951 1564 1981 forma
1580 1957 1656 1990 pot-

923 2002 988 2036 est,
1007 2003 1046 2028 ut
1056 2008 1091 2028 se
1106 1998 1194 2027 tueri
1205 2000 1379 2034 utcunque
1395 1995 1510 2035 possit.
1527 1995 1648 2025 Duke-

921 2051 977 2072 rus
994 2041 1035 2072 ad
1051 2042 1122 2072 Liv.
1141 2041 1209 2070 viii.
1221 2043 1273 2074 37.
1298 2050 1315 2069 e
1331 2038 1463 2069 Valerio
1477 2038 1524 2068 M.
1543 2039 1652 2077 affert,

927 2086 984 2126 (ix.
1004 2089 1054 2116 10.
1085 2084 1124 2123 l.)
1153 2084 1201 2114 M.
1225 2083 1356 2113 Flavius
1373 2082 1415 2112 ad
1431 2082 1594 2122 populum
1612 2082 1653 2112 de

921 2129 1123 2160 Tusculanis
1140 2129 1265 2158 retulit.
1282 2127 1337 2156 ubi
1353 2130 1466 2155 tamen
1485 2126 1655 2156 Perizoni-

921 2183 959 2203 us
977 2173 1123 2203 malebat
1138 2171 1231 2202 tulit.
1258 2171 1321 2200 Sed
1338 2171 1453 2200 rendit
1469 2173 1520 2199 est
1535 2173 1652 2200 tamen

918 2217 1021 2247 etiam
1046 2216 1136 2256 apud
1162 2215 1295 2246 Florum
1328 2214 1374 2244 iii.
1402 2216 1454 2244 ⁶21.
1479 2218 1511 2247 9.
1536 2213 1652 2243 Livius

919 2261 1020 2291 xxxii.
1045 2263 1096 2291 520.
1128 2269 1205 2289 cum
1233 2258 1384 2298 referant
1409 2258 1652 2296 magistratus:

920 2304 1029 2334 intell.
1048 2304 1087 2333 ad
1105 2302 1298 2333 concilium.
1317 2300 1395 2331 ibid.
1413 2302 1465 2331 ⁶22.
1489 2302 1654 2330 relaturos

919 2358 953 2378 se
971 2348 1010 2377 de
1029 2348 1200 2384 societate,
1219 2347 1280 2376 int.
1298 2345 1339 2375 ad
1362 2346 1573 2374 concionem.
1612 2344 1654 2375 In

920 2391 1117 2431 quibusdam
1134 2391 1256 2420 talibus
1282 2388 1406 2428 referre
1432 2389 1579 2428 positum
1606 2389 1656 2418 vi-

920 2436 988 2465 deri
1018 2439 1128 2475 potest
1150 2444 1210 2475 pro
1234 2433 1383 2463 deferre:
1409 2433 1504 2470 cujus
1521 2433 1652 2471 generis

919 2480 1022 2519 ipsius
1053 2479 1208 2518 exempla
1234 2482 1314 2507 sunt
1339 2475 1429 2516 apud
1444 2476 1517 2506 Liv.
1540 2476 1654 2507 xxxix.

917 2526 973 2554 44.
995 2523 1029 2554 in
1059 2522 1214 2552 omnibus
1241 2520 1346 2551 libris.
1364 2519 1440 2549 add.
1458 2520 1582 2549 xxxvii.
1600 2522 1654 2554 57.

918 2567 996 2597 xliv.
1024 2569 1055 2597 4.
1079 2573 1113 2596 et
1153 2565 1197 2595 ibi
1228 2563 1402 2595 Drakenb.
1441 2563 1544 2593 Refer
1572 2562 1654 2603 huc,

917 2620 991 2649 quae
1009 2610 1097 2640 idem
1116 2609 1266 2638 Graevius
1283 2608 1367 2637 dixit
1384 2616 1442 2646 pro
1469 2606 1655 2636 defenden-

918 2655 959 2684 da
971 2654 1128 2691 formula,
1140 2652 1224 2683 ferre
1241 2651 1460 2687 sententiam,
1471 2651 1528 2680 ubi
1543 2650 1584 2679 de
1601 2659 1652 2685 se·

918 2698 1091 2728 natoribus
1109 2705 1218 2729 sermo
1231 2700 1292 2725 est.
1310 2695 1404 2724 Verr.
1419 2695 1453 2724 ii.
1471 2697 1502 2725 3.
1526 2692 1653 2734 *Quin

918 2753 950 2782 p.
972 2742 1013 2773 R.
1048 2745 1096 2772 10.
1131 2740 1336 2771 sententiam
1369 2737 1569 2777 simpliciter
1599 2747 1653 2767 re-

904 2785 1015 2826 ferre.
1034 2785 1153 2815 merito
1169 2783 1326 2814 dubitant
1341 2781 1381 2811 de
1397 2781 1460 2812 hac
1483 2782 1653 2821 scriptura

918 2830 979 2859 viri
1005 2828 1108 2867 docti,
1125 2832 1159 2858 et
1184 2830 1243 2858 aut
1268 2826 1354 2856 ferre
1378 2829 1418 2855 ut
1449 2824 1587 2856 Hotom.
1615 2828 1652 2857 et

886 2873 888 2875 ’
917 2873 1024 2903 Graev.
1043 2877 1101 2903 aut
1126 2871 1255 2908 efferre,
1271 2873 1312 2900 ut
1337 2869 1471 2899 Manut.
1505 2869 1653 2898 scriben-

916 2917 996 2947 dum
1015 2920 1168 2948 censent.
1183 2925 1215 2947 v.
1229 2918 1346 2948 uotam
1367 2912 1410 2945 ad
1428 2911 1496 2944 h.l.
1515 2912 1534 2930 ³⁵
1549 2912 1653 2944 Dom.

962 2959 1069 2993 nd4
