1920 3196
698 143 843 173 xNDEx
876 143 1172 173 LATINITATIS.

177 244 226 272 re,
246 232 368 264 dicitur
393 236 579 270 accusator,
605 232 661 272 qui
678 232 822 272 aliquem
849 242 903 262 ac-

179 282 274 308 cusat
288 287 327 306 ex
341 277 426 316 lege,
437 277 470 306 in
485 287 550 316 qua
561 276 668 306 multa
676 280 727 306 est
742 276 904 305 ‹eonstitu-

184 325 231 351 ta.
255 320 372 360 Philip.
398 321 440 349 xi.
458 324 487 350 8.
513 320 649 350 Crassus
672 319 795 349 Consul
813 318 904 348 Flac·

176 374 217 394 co
229 364 375 402 collegae,
393 363 518 393 flamini
538 363 683 394 Martiali
705 365 844 394 multam
856 362 905 392 di-

180 408 241 444 xit,
257 408 283 436 si
301 417 321 436 a
335 408 434 436 sacris
452 407 655 437 discessisset
669 418 675 435 t
703 416 802 445 quam
819 407 904 435 med-

180 455 247 480 tam
265 451 406 490 populus
437 450 671 481 remisithil.
691 454 738 480 14.
763 451 904 480 multam

178 495 334 531 irrogare.
350 493 462 524 Mulm
478 494 628 524 ‹licitura
640 493 903 532 magistratibuS,

179 538 346 575 irrogatur
363 537 448 576 lege,
472 548 491 567 a
517 538 715 576 magistratu
740 536 819 568 lata.
839 536 902 566 vid.

179 581 291 619 Sigon.
310 580 352 610 ad
367 579 436 610 Liv.
455 591 526 610 xxv,
543 584 573 610 3.
600 581 759 610 Consules
774 580 905 609 habuis-

178 634 213 654 se
225 625 281 663 jus
299 624 515 654 multa-dicta
539 624 676 663 cogendi
694 624 725 653 in
753 624 903 653 ordinem

180 669 388 703 senatorem,
406 668 459 706 qui
480 669 516 697 iis
535 677 648 707 parere
676 667 791 703 nollet,
809 667 904 697 testis

180 718 232 740 cst
262 710 352 740 locus
379 711 460 740 Phil.
486 712 507 741 i.
535 715 565 741 5.
604 711 680 741 Non
710 716 824 740 autem
864 713 904 739 ut

180 756 300 791 mulla,
318 755 366 783 ita
386 755 489 784 etiam
515 756 657 784 multare
683 754 722 783 de
748 754 906 794 pecunia-

180 798 237 828 riis
255 798 358 837 poenis
374 802 508 828 tantum
526 799 660 834 dicitur,
672 797 729 828 sed
746 798 846 826 etiam
864 797 903 826 de

183 842 394 881 capitalibus,
413 842 445 870 in
474 842 719 880 significatione
743 840 904 880 privandi.

183 885 248 914 vid.
277 895 306 914 ν.
335 895 364 914 c.
387 885 487 915 Tusc.
506 886 528 915 i.
553 887 603 915 ⁶2⁶2.
627 885 719 915 Verr.
747 886 767 914 i.
786 887 815 915 5.
843 884 903 913 ἀρ.

181 928 201 946 *“
216 928 374 958 damnum
389 929 628 968 pecuniarium.
653 929 694 958 ad
710 929 785 958 Div.
804 938 832 956 V.
852 929 903 957 20.

185 976 223 1001 ut
236 974 339 1001 multa
357 978 425 1002 tam
443 973 549 1011 gravis
573 971 612 1002 T.
637 973 744 1002 Mario
761 970 906 1011 depelle-

184 1021 289 1046 retur.

228 1056 386 1088 Mult'me.
409 1058 502 1088 Verr.
520 1059 552 1088 ii.
570 1061 600 1089 8.
625 1059 780 1088 heredem
798 1057 907 1087 Vene-

181 1102 208 1132 ri
241 1112 310 1131 esse
337 1104 536 1132 multatum:
570 1102 603 1131 h.
628 1114 656 1133 e.
687 1102 906 1132 hereditatem

182 1145 303 1175 Veneri
334 1155 404 1174 esse
433 1146 654 1176 commissam.
678 1147 789 1176 Rabir.
819 1145 907 1174 Post.

188 1191 215 1218 l.
232 1188 370 1218 consilia
386 1189 454 1227 ejus
470 1200 539 1219 esse
558 1191 699 1220 multata
716 1200 735 1219 a
750 1189 886 1219 fortuna
900 1200 906 1217 z

182 1231 217 1261 h.
233 1242 261 1261 e.
280 1241 345 1261 non
361 1233 565 1263 successisse.
597 1233 683 1262 conf.
702 1235 815 1263 multa.
856 1234 909 1262 Sic

185 1275 272 1305 bona
287 1277 438 1305 multare.
463 1276 533 1306 Liv.
548 1287 579 1307 x.
596 1279 648 1307 223.

229 1318 468 1358 lllttltgfarimn,
498 1319 646 1359 pluribus
681 1320 773 1350 locis.
812 1321 907 1350 Orat.

171 1361 219 1391 ⁴ii.
237 1365 289 1392 41.
314 1363 340 1391 si
365 1373 483 1392 aurum
508 1365 574 1401 cui,
599 1364 685 1401 quod
715 1367 800 1392 esset
824 1366 908 1393 mul-

183 1405 336 1445 tg'fariam
353 1406 532 1443 defossum,
558 1411 818 1437 commonstrare
843 1407 910 1437 vel-

184 1449 263 1479 lem.

226 1492 411 1532 Multiplex.
433 1493 513 1524 Nat.
530 1495 573 1525 D.
600 1495 633 1525 ii.
662 1498 713 1525 54.
738 1496 909 1535 multiplex

187 1535 278 1566 alvus
302 1540 334 1566 et
357 1541 516 1567 tortuosa.
555 1539 601 1568 ita
625 1539 748 1568 dicitur
774 1543 908 1579 propter

185 1579 327 1618 figuram
341 1581 520 1620 obliquam.
535 1582 598 1612 vid.
613 1582 770 1622 Simplex.
792 1583 811 1601 ’Ψ
826 1583 907 1623 Leg.

184 1623 205 1652 i.
237 1627 267 1657 7.
298 1624 396 1654 homo
423 1625 547 1655 animal
583 1626 770 1665 providum,
793 1636 906 1665 sagax,

185 1669 374 1706 multiplex:
406 1668 438 1697 h.
457 1678 485 1698 e.
512 1670 609 1698 variis
637 1669 767 1699 dotibus
785 1671 908 1700 instru-

187 1714 293 1748 ctum,
322 1714 379 1740 aut
401 1711 441 1741 ad
468 1715 574 1742 multa
603 1718 733 1753 aptum,
758 1714 776 1732 ’κ
793 1714 908 1744 incon—

185 1759 288 1784 stans,
324 1755 403 1784 Lael.
435 1757 488 1786 25.
513 1756 644 1786 animus
668 1759 836 1798 multiplea?
859 1768 910 1788 as-

185 1799 373 1827 sentatoris.
410 1800 481 1829 Att.
503 1810 544 1834 γι.
569 1802 603 1831 -2,
629 1800 802 1840 ingenium
824 1803 909 1831 mul-

183 1842 294 1880 apter,
326 1841 347 1871 i.
370 1852 399 1872 e.
430 1844 570 1879 varium,
587 1844 792 1874 inconstans.
816 1844 834 1862 ³*
852 1846 908 1876 Or.

188 1885 235 1914 iii.
262 1888 313 1915 30.
364 1886 459 1916 Brut.
489 1890 541 1917 31.
583 1889 755 1927 multiplex·
789 1889 908 1926 oratio,

184 1932 235 1957 est
267 1929 410 1967 eopiosa,
429 1931 530 1967 varia,
561 1931 595 1960 in
623 1942 688 1970 qua
710 1933 825 1961 omnia
852 1942 907 1971 ge-

186 1980 267 2001 nera
293 1972 421 2002 dicendi
449 1974 575 2010 insunt,
588 1976 831 2014 opponiturque
858 1982 908 2005 te-

187 2015 245 2044 nui
268 2015 540 2048 Dialecticorum.
566 2017 584 2035 ²*
601 2018 664 2048 Sed
677 2018 814 2049 Tuscul.
832 2029 860 2049 ν.
876 2022 908 2050 4.

185 2057 328 2088 Socratis
345 2061 518 2100 multiplex
535 2062 618 2091 ratio
635 2062 838 2101 disputandi,
858 2067 909 2092 est

186 2101 271 2130 ratio
301 2102 340 2132 de
372 2113 571 2143 unaquaque
607 2114 640 2134 re
667 2106 700 2135 in
732 2110 907 2145 utramque

185 2152 315 2183 partem
329 2145 520 2177 disserendi.
546 2149 563 2166 *ἓ
576 2148 687 2179 fallax.
705 2149 746 2178 ad
769 2150 864 2190 Brut.
882 2154 907 2180 1.

186 2190 359 2260 ηἷηὶιῖμῐθιῑ·
368 2196 500 2229 natura,
517 2201 562 2222 sc.
575 2191 815 2234 hominis,opp.
830 2195 910 2224 sim-

186 2241 207 2270 p
222 2242 272 2261 cx.

227 2275 499 2315 Multiplicahicis,
533 2280 717 2319 multiplex.
742 2281 843 2311 Tusc.
874 2282 908 2311 ii.

184 2321 216 2352 9.
240 2321 495 2359 multiplicabilis
511 2326 627 2353 tortus.

228 2361 415 2394 Multitudo.
460 2365 553 2396 Verr.
586 2367 620 2396 ii.
650 2370 704 2401 71.
744 2368 910 2398 sociorum

184 2407 394 2438 multitudine
419 2414 558 2440 remota.
581 2411 762 2450 opponitur
791 2413 913 2451 princi·

187 2449 283 2488 pibus
301 2452 568 2489 publicanorum.

226 2493 374 2524 sllullum
406 2506 482 2525 cum
515 2506 660 2537 compar.
693 2498 750 2528 Or.
771 2499 829 2529 viii.
859 2501 912 2530 24.

183 2545 252 2566 non
266 2540 406 2567 multum
423 2538 541 2575 majus.

228 2579 430 2612 Mundanus.
454 2582 591 2614 Tuscul.
610 2594 637 2614 v.
655 2588 707 2619 37.
732 2586 846 2616 mundi
863 2586 915 2616 in-

186 2622 270 2653 cola.
643 2661 646 2664 Ι

231 2667 425 2706 Munerare,
441 2669 574 2700 donaro.
600 2672 712 2702 Deiot.
739 2673 769 2702 6.
794 2672 913 2711 quibus

184 2713 218 2739 te
246 2720 300 2740 rex
329 2721 503 2743 munerare
520 2719 750 2745 constituerat.
797 2716 916 2746 Alune-

181 2755 257 2783 rara·
273 2754 441 2794 deponens
458 2761 506 2786 est
530 2758 600 2788 Att.
615 2759 668 2787 vii.
687 2761 717 2789 2.

227 2796 408 2838 Municeps,
440 2801 518 2831 civis
561 2803 739 2842 munimpc‘i.
779 2802 916 2833 Cluent.

188 2839 236 2913 1¹}
257 2843 327 2913 ἔξω
345 2850 379 2873 et
396 2846 601 2885 municipalis
617 2845 740 2876 dieitur
763 2846 831 2877 Att.
848 2847 915 2877 viii.

233 2905 239 2912 .
288 2895 316 2914 c.

225 2925 458 2970 Municipium.
484 2930 609 2963 Caecin.
632 2934 664 2964 4.
690 2941 796 2973 genus
825 2934 918 2975 oppi-

1599 129 1683 178 357

947 232 1066 263 dorum
1085 232 1203 269 Italiae,
1219 231 1309 270 quod
1319 231 1396 271 jure
1412 230 1556 261 civitatis
1578 230 1679 260 Rom.

948 277 1108 306 donatum
1125 280 1208 313 erat,
1226 276 1284 305 sed
1313 276 1372 311 ita,
1395 280 1434 305 ut
1450 273 1577 314 legibus
1608 274 1677 304 suis

950 322 1102 350 uteretur
1126 324 1160 349 et
1176 320 1243 349 suis
1260 317 1521 357 magistratibus.
1544 327 1574 347 v.
1592 316 1680 346 Tur-

950 363 1024 393 neb.
1051 363 1091 393 ad
1117 363 1196 401 Agr.
1221 363 1242 393 i.
1260 365 1290 393 5.
1315 366 1350 392 et
1369 360 1480 401 Sigon.
1499 361 1579 391 Ant.
1602 360 1678 390 Jur.

948 405 1023 436 Ital.
1041 407 1073 436 ii.
1092 407 1122 437 6.
1138 416 1186 444 sq.
1462 418 1466 423 ·

991 450 1115 480 Manio.
1138 451 1295 484 Or.1.59.
1318 453 1396 478 ante
1407 447 1676 478 condemnentur

949 493 985 530 ii,
993 503 1134 531 quorum
1145 502 1259 522 causas
1270 492 1505 532 receperimus,
1515 500 1614 529 quam
1624 497 1676 520 to-

948 537 1023 573 ties,
1044 537 1173 576 quoties
1196 537 1432 576 praescribitur,
1449 544 1599 574 paeanem
1615 538 1676 563 aut

949 582 1130 610 munionem
1143 580 1325 609 citarimus.
1340 578 1454 609 Manio
1467 578 1546 617 quid
1555 578 1610 614 sit,
1627 577 1677 616 ig-

948 632 1065 653 norare
1075 634 1108 653 se
1119 623 1269 653 fatentur
1277 631 1405 653 omneS.
1416 621 1593 652 Turnebus
1605 630 1679 650 cor-

949 668 1055 696 rexit:
1091 667 1360 703 minurstionem,
1388 665 1485 704 idque
1513 665 1675 705 probatur

949 710 982 739 in
1010 711 1133 740 Lexico
1160 710 1274 740 Fabri:
1300 709 1388 748 quod
1411 709 1492 738 mihi
1516 718 1610 738 secus
1628 708 1676 737 vi-

950 754 1058 784 detur.
1118 753 1202 783 Nam
1235 753 1534 794 quomodocunque
1558 752 1676 781 Cicero

948 798 1128 837 scripserit,
1148 797 1241 837 pedis
1266 805 1356 826 certe
1380 796 1519 835 alicujus
1552 804 1676 824 nomen

949 842 1096 881 posuerit
1112 850 1245 871 necesse
1260 845 1322 877 est,
1341 844 1378 870 ut
1394 840 1518 879 paeanis
1534 839 1674 867 verbum

946 885 1103 915 ostendit.
1145 884 1183 913 ln
1201 885 1272 914 MS.
1285 884 1349 913 fuit
1366 884 1622 921 munyemonem.
1634 881 1675 912 de

948 938 1013 968 quo
1029 939 1057 958 v,
1076 928 1163 958 Vict.
1188 927 1229 957 ad
1244 928 1276 958 h.
1294 927 1315 957 l.
1338 927 1420 957 Mihi
1439 936 1504 956 non
1522 925 1675 965 displice-

949 973 1005 1001 bat
1029 973 1220 1010 conjectura
1236 971 1286 1000 Ill.
1304 970 1458 1007 Bunavii,
1474 970 1610 1000 Domini
1638 970 1674 998 in

950 1015 1119 1055 Kreypau,
1150 1015 1255 1045 doctae
1286 1014 1471 1044 nobilitatis
1515 1013 1673 1053 praecipui

951 1059 1153 1096 ornamenti,
1184 1059 1241 1098 qui
1274 1058 1453 1096 legendum
1496 1056 1673 1086 censebat:

953 1112 1185 1141 monogenem.
1210 1103 1235 1131 is
1255 1112 1309 1141 pes
1326 1106 1376 1131 cst
1394 1111 1433 1130 ex
1448 1101 1555 1130 tribus
1568 1100 1675 1138 longis

954 1151 988 1176 et
1015 1156 1082 1176 una
1108 1146 1198 1176 brevi
1229 1145 1366 1185 syllaba,
1395 1144 1517 1174 notiori
1541 1144 1676 1173 nomine

951 1191 1106 1230 epitritus
1120 1195 1271 1228 quartus,
1288 1189 1473 1219 contrarius
1490 1187 1611 1227 paeoni,
1622 1187 1678 1226 qui

953 1239 1003 1264 est
1020 1244 1058 1262 ex
1073 1233 1178 1263 tribus
1196 1233 1349 1262 brevibus
1366 1236 1400 1261 et
1416 1242 1483 1261 uua
1499 1231 1611 1269 longa,
1628 1234 1678 1260 at-

954 1288 1017 1316 que
1035 1277 1116 1307 adeo
1140 1281 1237 1316 aptus
1264 1277 1340 1306 huic
1366 1275 1449 1305 loco.
1495 1275 1605 1313 Hujus
1622 1284 1678 1313 pe-

953 1321 1001 1351 dis
1020 1321 1145 1350 mentio
1161 1328 1211 1350 est
1238 1319 1327 1359 apud
1343 1319 1614 1358 Hephaestionem
1635 1317 1676 1347 de

953 1365 1069 1395 metris
1082 1375 1113 1404 p.
1135 1367 1182 1394 11.
1220 1373 1318 1402 quem
1336 1363 1457 1393 librum
1469 1361 1527 1392 Vir
1544 1361 1589 1391 ill.
1606 1361 1681 1391 lati-

954 1418 995 1438 ne
1012 1417 1222 1443 conversum,
1247 1407 1344 1436 docto
1372 1406 1614 1435 commentario
1638 1404 1679 1434 il-

954 1452 1164 1482 lustraverat.
1187 1451 1352 1480 Gesnerus
1370 1454 1483 1480 autem
1508 1448 1549 1479 ad
1573 1449 1680 1488 Quin-

952 1496 1002 1526 til.
1020 1496 1062 1525 xi.
1080 1498 1110 1526 3.
1128 1497 1180 1526 232.
1205 1494 1285 1533 quid
1305 1495 1331 1524 si
1359 1503 1417 1533 pro
1440 1493 1502 1523 hoc
1531 1497 1680 1522 monstro

952 1538 1124 1578 legamus:
1164 1538 1266 1567 etiam
1294 1539 1418 1575 ionem,
1459 1536 1509 1567 vel
1538 1536 1678 1566 ionium.

952 1583 1009 1612 sed
1026 1582 1109 1612 illud
1131 1584 1230 1612 etiam
1257 1581 1395 1620 languet
1409 1585 1443 1610 et
1473 1579 1680 1610 inculcatum

953 1630 1040 1656 essct
1055 1636 1074 1655 a
1091 1626 1263 1656 Cicerone.

996 1670 1147 1700 Manilio.
1171 1669 1228 1698 Or.
1247 1670 1280 1699 ii.
1296 1672 1349 1703 79.
1365 1668 1474 1698 aditus
1491 1667 1532 1697 ad
1545 1677 1680 1697 causam

954 1718 990 1743 et
1014 1714 1165 1751 munitio,
1192 1713 1253 1743 int.
1272 1713 1344 1743 viae.
1368 1723 1388 1742 a
1417 1712 1525 1742 forma
1548 1712 1680 1742 munire

953 1758 1052 1787 viam.

996 1800 1167 1837 stlunitior,
1190 1801 1307 1830 tutior.
1330 1801 1401 1831 Att.
1429 1800 1464 1830 ii.
1490 1802 1540 1829 18.
1563 1797 1621 1828 illa
1635 1797 1682 1828 le-

954 1846 1045 1884 gatio
1062 1846 1217 1874 munitior
1227 1850 1290 1874 est.
1325 1858 1328 1860 ·

996 1889 1131 1918 silanus.
1156 1888 1218 1918 hoc
1251 1888 1388 1917 verbum
1417 1887 1550 1927 proprie
1582 1885 1678 1915 ludos

955 1936 989 1962 et
1030 1931 1229 1972 spectacula*
1260 1932 1458 1970 gladiatoria
1497 1930 1679 1969 significat,

955 1985 1029 2015 quae
1054 1977 1270 2014 magistratus
1296 1975 1419 2013 aliique
1443 1974 1565 2014 populo
1598 1982 1683 2013 prae-

955 2020 1045 2049 bent.
1098 2020 1187 2049 Hinc
1212 2019 1252 2048 ad
1277 2019 1353 2048 Div.
1377 2019 1412 2048 ii.
1445 2021 1475 2048 3.
1512 2016 1680 2047 declarare

955 2073 1114 2093 manera.-
1138 2063 1170 2093 h.
1195 2072 1223 2092 e.
1255 2062 1403 2102 polliceri
1435 2061 1570 2101 populo.
1596 2059 1677 2090 Sull.

959 2110 1008 2141 19.
1032 2107 1178 2147 praebere
1202 2115 1332 2136 munus.
1363 2105 1404 2135 cf.
1436 2106 1512 2135 Aet.
1544 2105 1566 2134 i.
1587 2104 1682 2134 Verr.

960 2152 1008 2180 12.
1044 2151 1143 2180 Dom.
1166 2153 1218 2180 43.
1244 2149 1285 2179 ad
1310 2150 1386 2180 Div.
1409 2150 1453 2179 xi.
1476 2150 1524 2179 16.
1557 2148 1616 2178 &c.
1642 2146 1681 2176 In

956 2194 1074 2233 quibus
1093 2194 1172 2223 locis
1189 2194 1357 2230 omnibus,
1375 2198 1413 2222 ut
1428 2196 1462 2222 et
1484 2192 1557 2222 aliis
1586 2191 1683 2222 Cice-

956 2238 1059 2274 ronis,
1075 2245 1125 2267 est
1143 2237 1183 2266 de
1203 2237 1407 2276 gladiatoriis
1433 2236 1532 2266 ludis.
1579 2235 1622 2265 Et
1637 2235 1683 2265 sie

955 2281 1024 2311 fere
1043 2282 1144 2310 ceteri
1161 2282 1351 2320 scriptores,
1363 2285 1401 2310 nt
1417 2279 1609 2315 Suetonius,
1626 2279 1683 2316 qui

957 2334 1129 2363 nunquam
1158 2324 1271 2353 aliter:
1306 2335 1334 2353 v.
1363 2335 1391 2354 c.
1417 2324 1500 2353 Caes.
1528 2326 1577 2353 10.
1607 2321 1684 2353 add.

957 2368 1107 2398 Servium
1121 2368 1162 2398 ad
1178 2367 1296 2407 Virgil.
1311 2368 1387 2397 AEn.
1405 2368 1451 2397 iii.
1468 2367 1521 2397 66.
1545 2366 1684 2397 Ovidius

957 2416 1072 2442 tamen
1106 2412 1193 2441 Fast.
1224 2421 1254 2442 ν.
1289 2414 1360 2445 190.
1385 2411 1487 2441 habet
1505 2410 1593 2441 Circi
1611 2419 1686 2439 niu·-

960 2465 1045 2485 nus:
1070 2455 1127 2485 sed
1156 2461 1192 2484 ut
1221 2458 1330 2495 poeta.
1379 2454 1468 2485 Hine
1493 2455 1597 2484 etiam
1626 2453 1687 2482 du·

961 2503 1054 2529 ctum
1069 2499 1152 2529 illud
1175 2499 1247 2528 Act.
1267 2499 1287 2528 i.
1312 2498 1406 2528 Verr.
1437 2500 1485 2529 12.
1516 2497 1685 2528 aedilitatis

960 2552 1078 2573 munus
1092 2554 1101 2571 s
1125 2543 1164 2572 de
1188 2542 1364 2580 beneficio,
1380 2552 1445 2581 quo
1464 2542 1499 2575 in
1525 2540 1685 2571 aedilitate

959 2586 1123 2626 populum
1143 2586 1266 2616 affecit.
1292 2585 1374 2615 Inde
1400 2585 1574 2624 eleganter
1588 2593 1688 2614 mun-

961 2630 1021 2659 dus
1046 2634 1185 2659 vocatur
1211 2639 1331 2660 munus
1354 2629 1430 2660 Dei.
1452 2629 1554 2659 Tusc.
1582 2629 1604 2658 i.
1632 2630 1686 2661 279.

962 2683 1026 2712 quo
1043 2678 1158 2703 tamen
1175 2672 1246 2702 loco
1263 2673 1312 2702 vir
1334 2672 1451 2703 doctus
1469 2672 1510 2701 ad
1536 2671 1631 2702 Ovid.
1648 2671 1687 2700 A.

961 2717 999 2746 A.
1034 2718 1053 2746 i.
1083 2718 1134 2751 69.
1159 2726 1227 2746 non
1253 2715 1341 2746 male
1372 2716 1462 2756 capit
1485 2715 1525 2745 de
1549 2714 1690 2745 aedificio

962 2760 1108 2800 publico,
1141 2760 1342 2800 spectaculis
1381 2764 1440 2790 aut
1471 2758 1690 2788 oblectationi

962 2804 1144 2840 destinato,
1162 2813 1226 2843 quo
1243 2802 1404 2833 alluditur
1428 2802 1508 2833 Nat.
1537 2802 1639 2832 Deor.
1656 2801 1691 2833 ii.

962 2850 1015 2878 35.

1006 2890 1131 2921 Muri«.
1156 2890 1227 2920 Fiu.
1255 2891 1302 2920 iii.
1325 2893 1372 2922 14.
1395 2893 1448 2919 est
1462 2888 1568 2919 salsus
1584 2887 1640 2918 ille
1658 2887 1698 2918 li-

966 2944 1063 2974 quor,
1082 2934 1117 2963 in
1134 2944 1199 2974 quo
1217 2933 1423 2966 salsamenta
1436 2935 1622 2964 servantur.

1016 2986 1035 3007 Α
1053 2986 1072 3007 a
1095 2979 1113 3008 3
1611 2991 1613 2994 >
