1920 3196
685 105 830 135 {NDEX
865 98 1160 134 LATINl'rATlsk

171 208 207 229 re
223 197 257 229 in
272 197 437 239 quadrum
448 210 457 228 .·
480 196 513 228 h.
530 206 560 228 e.
586 195 772 227 numerosis
788 195 895 235 perio-

172 242 221 273 dis
239 241 425 281 complecti.
439 241 480 271 cf.
499 241 542 271 ib.
560 244 613 275 70.

214 285 476 326 deraezplccton·‚
494 284 634 322 delator,
661 281 895 313 calumniator.

171 338 295 359 nomen
321 328 398 358 inde
435 328 589 366 ductum,
621 327 757 367 quidam
784 326 896 355 existi-

172 376 281 410 mant,
312 372 399 411 quod
422 378 575 411 quartam
601 375 730 412 partem
753 370 824 406 ejus
840 380 896 408 pe-

170 416 278 446 cuniae
295 417 491 456 accipiebat,
517 416 556 445 de
584 425 649 454 qua
671 413 794 444 delatio
811 418 894 450 erat,

169 464 230 489 aut
247 459 374 493 inultm,
391 469 464 499 qua*
481 460 640 489 damnato
662 457 892 496 irrogabatur:

170 502 224 532 alii
241 502 386 533 aliunde.
413 504 447 533 in
464 503 575 533 Czecil.
600 506 631 535 7.
653 503 710 532 111ιί
727 512 756 530 v.
774 500 894 530 Ascon-

170 545 263 576 Verr.
282 547 314 576 ii.
332 550 362 580 ἶ.
381 550 410 577 Ρ..
433 547 729 587 quadruplatorum
757 544 894 574 deterri-

170 600 256 621 muS.
279 590 378 620 iidem
396 590 556 621 dicuntur
572 601 599 619 c.
618 594 649 623 9.
673 588 894 618 calumniato-

169 643 230 664 res.
249 634 322 663 add.
340 634 482 664 Gronov.
499 634 538 663 de
555 634 638 663 Sest.
658 643 689 672 p.
704 634 778 666 ί371.

211 678 381 718 ‚Qum-ere,
395 677 591 707 vocabulum
604 675 893 715 Philosophorum,

167 731 227 761 pro
244 723 462 761 quaestionem
479 725 613 761 ponere.
638 721 726 750 Nam
742 719 894 749 solebant

168 765 218 795 ita
255 765 423 806 postulare
462 766 636 795 materiam
685 763 890 793 disserendi:

170 818 253 838 num
270 810 343 848 quis
359 809 437 848 quid
453 810 569 849 qzccerit
583 810 600 838 .?
623 809 679 838 Or.
698 808 717 837 i.
738 809 789 837 ⁶2⁶2.
817 806 837 825 ²*
853 806 892 836 de

168 854 352 891 quaestione
395 863 454 893 per
494 858 676 883 tormenta.
718 851 813 881 Rosc.
853 851 892 881 A.

166 900 220 927 41.
243 907 385 937 qum-ere
407 897 447 926 de
477 897 599 935 aliquo.
623 896 666 926 ib.
689 905 833 935 qucrrere
857 896 891 924 in

167 940 324 979 aliquem.
364 941 382 959 *ἓ
397 941 437 971 de
455 940 638 980 quaestione
656 940 701 969 rei
730 938 891 978 capitalis.

167 984 242 1014 Act.
258 985 278 1013 i.
303 985 396 1014 Verr.
414 988 444 1015 8.
469 994 615 1024 quaerere
630 983 670 1013 de
688 982 891 1022 repetundis.

167 1027 399 1065 *deliberat-e,
431 1028 632 1066 excogitare.
672 1026 756 1056 Phil.
785 1027 828 1056 ix.
865 1029 890 1057 l.

167 1071 308 1101 honores
324 1081 468 1112 quoerere
490 1071 601 1101 alicui.
630 1073 649 1092 ’Κ
662 1070 795 1100 lucrari.
815 1069 892 1100 Clu-

166 1120 237 1145 ent.
263 1116 316 1146 96.
335 1116 407 1155 jam
439 1116 495 1145 diu
527 1114 611 1144 nihil
641 1116 821 1154 quoesierat.
849 1113 891 1145 cf.

165 1158 248 1189 Rab.
281 1160 369 1189 Post.
403 1162 450 1190 14.
474 1159 718 1188 *desiderarffl
755 1159 892 1188 vermis-

165 1213 237 1233 sen.
261 1203 354 1233 Verr.
383 1203 428 1233 iii.
450 1206 498 1233 18.
534 1212 678 1242 quaerere
700 1201 891 1231 multitudi-

163 1256 242 1276 nem
259 1247 431 1285 jugerum.
453 1247 473 1265 ³*
489 1246 669 1287 postulare,
685 1255 767 1286 opus
791 1245 891 1275 habe-

165 1300 211 1320 re.
234 1290 361 1321 verni.
386 1294 433 1320 10.
458 1291 546 1329 quod
568 1290 706 1321 oratoris
733 1289 891 1328 eloquen-

162 1335 246 1364 tiam
260 1338 428 1374 quoereret.
445 1335 486 1364 ef.
499 1334 592 1364 verr.
603 1345 634 1364 v.
650 1335 703 1368 97.
716 1336 735 1354 *
746 1333 891 1364 formula

163 1379 191 1408 si
219 1382 336 1419 quaris
359 1378 409 1407 vel
433 1380 591 1418 qzcoeriiis,
615 1377 786 1416 eleganter
809 1377 890 1407 dici-

160 1427 220 1453 tur
236 1433 294 1463 pro
310 1427 347 1452 ut
363 1432 477 1451 verum
490 1422 612 1459 dicam,
629 1426 668 1451 ut
680 1421 736 1451 Or.
754 1421 787 1450 ii.
804 1421 856 1451 62.

205 1467 379 1507 Quaesz‘mr,
403 1469 452 1495 est
476 1469 609 1505 praetor,
634 1465 690 1504 qui
713 1465 888 1504 quaestioni

165 1510 299 1551 capitali
325 1514 455 1550 praeest.
479 1510 552 1544 Act.
566 1510 587 1539 i.
604 1508 698 1539 Verr.
720 1512 769 1539 10.
789 1508 888 1540 Catil.

161 1553 203 1583 iv.
222 1557 251 1585 5.
276 1554 315 1584 de
347 1554 385 1583 iis
409 1564 437 1583 v.
455 1554 567 1592 Sigon.
593 1553 632 1583 de
662 1552 773 1583 Judie.
797 1553 831 1584 ii.
854 1556 887 1584 4.

161 1598 244 1628 adde
260 1608 361 1638 supra
375 1598 464 1627 dicta
477 1598 510 1627 in
528 1598 662 1627 Praetor.

204 1642 358 1682 ‚Qucestim
376 1642 410 1671 in
426 1641 598 1671 rhetoricis
616 1640 695 1680 quid
710 1641 754 1670 sit
770 1641 782 1670 ?
813 1639 884 1672 Inv.

162 1686 182 1715 i.
200 1687 229 1716 6.
255 1685 312 1716 Or.
334 1686 368 1715 ii.
392 1689 442 1719 19.
464 1685 483 1703 ²*
501 1685 642 1715 materia
664 1694 886 1724 quaecunque,

157 1729 199 1759 ‹le
239 1740 305 1768 qua
342 1730 513 1768 quaeritur.
551 1729 607 1759 Or.
639 1732 688 1759 lo.
722 1729 887 1760 sustinere

158 1775 361 1813 quoesthem
384 1777 515 1803 tantam
548 1782 615 1802 non
648 1773 783 1812 possim.
817 1773 886 1804 Att.

160 1817 229 1847 xiii.
271 1820 319 1851 19.
365 1818 473 1847 omnis
511 1816 714 1846 Academica
747 1819 885 1856 quceseio.

158 1860 179 1879 ⁴*
194 1861 353 1899 cogitatio
385 1865 549 1900 occupata
564 1861 598 1890 in
617 1870 651 1890 re
677 1859 801 1899 aliqua,
827 1861 885 1891 do-

157 1905 269 1934 ctrina
292 1906 350 1934 δερ.
378 1905 435 1935 Or.
462 1905 508 1934 iii.
539 1906 591 1935 ⁶23.
615 1905 687 1944 ipsa
712 1906 884 1943 tractatio,

161 1949 214 1989 (ut
230 1947 459 1988 philosophias)
479 1953 513 1978 et
535 1950 664 1988 quaestio
680 1948 826 1986 quotidie
844 1959 884 1980 ex

157 2001 192 2022 se
209 1993 319 2032 gignit
344 1992 480 2031 aliquid.
503 1991 604 2022 Tusc.
634 1992 655 2022 i.
681 1995 729 2022 11.
753 1995 885 2032 quoeslz'o

159 2037 362 2074 animorum,
385 2037 407 2065 i.
432 2047 461 2066 e.
493 2036 532 2065 de
556 2037 677 2066 animis
695 2035 883 2068 bominum.

155 2079 174 2097 ⁵⁵
189 2084 360 2110 tormenta
383 2080 426 2110 ad
450 2080 628 2121 veritatem
643 2080 882 2118 exquirendam

157 2123 315 2153 adhibita.
348 2123 445 2154 Rosc.
468 2123 508 2154 A.
540 2126 593 2154 41.
617 2123 652 2154 in
680 2126 882 2164 quaestionem

157 2166 240 2197 dari.
263 2167 315 2197 Sic
332 2173 367 2198 et
385 2167 519 2198 Cluent.
545 2168 598 2198 64.
624 2167 680 2198 ubi
707 2173 742 2197 et
766 2172 817 2198 est
846 2169 881 2198 in

154 2213 356 2250 quoestionem
371 2211 469 2249 ferre,
481 2221 541 2251 pro
547 2211 678 2249 offerre,
689 2216 729 2242 ut
737 2221 880 2244 servum.

155 2253 233 2284 hinc
250 2256 351 2285 etiam
370 2255 409 2285 de
426 2255 465 2285 iis
491 2255 626 2292 dicitur,
643 2265 716 2295 quae
732 2259 879 2286 tormen-

153 2299 196 2328 tis
213 2308 368 2338 expressa
382 2303 474 2330 sunt.
500 2298 635 2329 Cluent.
663 2300 715 2330 65.
746 2299 879 2329 tabella!

153 2344 342 2382 quaestionis.
373 2342 419 2373 ib.
436 2343 488 2373 66.
512 2344 641 2383 quoestio
666 2344 757 2373 fieta.
783 2344 820 2374 it.
838 2343 878 2373 de

152 2385 332 2425 advocatis,
364 2387 483 2426 quibus
508 2387 725 2427 praesentibns
753 2389 880 2426 quoestio

152 2429 269 2460 habita
284 2435 345 2461 est.
370 2430 504 2460 Cluent.
521 2431 573 2462 63.
597 2432 726 2470 quoestio
742 2431 879 2462 dimissa

155 2479 224 2503 est:
242 2474 330 2513 quod
347 2474 463 2503 eodem
479 2474 578 2504 modo
596 2475 731 2512 dicitur,
749 2479 785 2504 ut
800 2484 878 2505 con-

153 2517 267 2547 silium
291 2518 467 2548 dimissum
484 2523 546 2548 est.
564 2518 643 2549 ibid.
672 2519 876 2560 quoestionem

150 2561 372 2592 conscribere.
390 2562 411 2592 i.
429 2572 458 2591 e.
472 2563 507 2591 in
529 2561 642 2592 literas
659 2561 780 2592 referre
797 2562 877 2601 quid

151 2604 310 2643 dixerint,
327 2605 367 2635 de
383 2606 502 2644 quibus
519 2606 657 2645 quaestio
672 2605 789 2635 habita
815 2609 876 2636 est.

149 2648 347 2687 *judicium
377 2649 412 2679 in
436 2659 538 2679 causa
566 2648 714 2689 capitali.
744 2649 820 2679 Act.
852 2650 874 2679 i.

148 2690 243 2722 verr.
279 2696 329 2723 10.
361 2694 525 2733 quoestz'om'
551 2702 703 2733 praeesse.
739 2692 813 2723 Mil.
845 2694 875 2724 5.

148 2737 276 2776 quaestio
292 2746 397 2766 nova:
422 2737 455 2767 h.
472 2747 500 2767 e.
518 2746 604 2766 nova
619 2736 693 2775 lege
709 2736 875 2766 constitu-

147 2785 194 2810 ta.
220 2779 302 2810 Rab.
319 2780 408 2819 Post.
436 2781 468 2811 6.
491 2781 660 2821 quaestz'one
676 2778 816 2819 alligari.
842 2780 875 2810 id

147 2823 200 2861 fit,
223 2834 301 2853 cuin
324 2823 377 2853 lex
392 2824 484 2854 facta
497 2828 562 2861 est,
577 2834 618 2854 ex
645 2833 711 2863 qua
726 2825 874 2854 accusari

147 2866 182 2896 in
197 2877 299 2897 causa
325 2867 460 2908 publica
485 2877 673 2908 possumus.
697 2866 793 2898 Brut.
819 2869 873 2902 27.

146 2911 330 2949 quaeeeiones
353 2916 537 2953 perpetuen.
560 2911 593 2942 ls
615 2911 708 2944 locus
723 2915 774 2943 est
789 2910 879 2949 elas-,

1588 95 1674 133 403

940 193 1039 224 sicus.
1065 194 1116 225 De
1129 191 1351 234 quaestionibus
1360 193 1526 233 perpetuis
1538 193 1666 226 tirones

938 237 1009 268 haec
1025 240 1182 268 teneant:
1208 236 1296 266 Ante
1319 236 1358 267 L.
1383 236 1511 266 Pisonis
1534 240 1667 276 tempo-

937 291 975 311 ra
991 291 1098 312 causae
1106 280 1248 322 publicae
1263 280 1448 319 agebantur
1460 280 1548 320 apud
1557 290 1667 320 popu-

937 325 1008 355 lum
1026 326 1060 355 in
1075 325 1233 361 comitiis,
1251 323 1474 362 undejudicia
1489 323 1600 363 populi
1618 324 1668 353 di-

938 368 1114 406 cebantur,
1141 379 1218 398 cum
1244 367 1344 397 nuilae
1369 367 1458 406 leges
1474 372 1600 404 essent,
1624 377 1666 397 ex

937 412 1056 450 quibus
1072 412 1160 452 apud
1184 412 1417 450 magistratum
1442 420 1517 440 reus
1534 411 1587 449 agi
1605 410 1668 441 ali-

937 456 1009 494 quis
1026 456 1066 486 de
1083 456 1224 485 crimine
1237 455 1370 494 publico
1381 460 1513 494 posset:
1533 454 1572 484 de
1590 454 1666 493 qui·

937 499 997 529 bus
1018 499 1155 539 judiciis
1179 509 1209 528 v.
1237 500 1349 537 Sigon.
1376 498 1416 527 de.
1438 497 1548 527 dudio.
1567 497 1588 527 l.
1614 499 1665 528 iii.

941 546 967 572 l.
985 552 1033 582 sq.
1063 543 1101 573 A.
1118 543 1160 573 U.
1179 548 1292 573 autem
1317 550 1409 572 new.
1429 542 1613 571 Censorino
1629 545 1667 572 et

937 586 1078 617 Manilio
1108 587 1200 617 Coss.
1226 587 1382 616 tribunus
1413 585 1517 625 plebis
1532 585 1571 616 L.
1589 585 1665 615 Piso

936 631 1064 670 primus
1102 630 1211 669 legem
1251 630 1290 659 de
1336 629 1531 670 repetundis
1567 628 1663 667 tulit,

936 683 1037 712 quam
1055 675 1173 704 deinde
1191 673 1263 704 aliae
1282 674 1371 712 leges
1397 673 1437 702 de
1466 673 1663 703 criminibus

936 717 1076 757 publicis
1108 724 1232 748 secutae
1258 722 1349 754 sunt,
1373 717 1492 755 quibus
1523 722 1665 747 cautum

936 766 1021 799 erat,
1037 762 1087 791 uti
1101 762 1141 791 ad
1153 761 1365 801 quaesitorem
1382 761 1542 799 aliquem,
1559 761 1612 790 cui
1625 769 1666 791 ea

935 807 1064 845 quoestz‘o
1075 806 1263 845 obtigisset,
1277 805 1326 835 hae
1339 814 1447 834 causae
1463 814 1522 844 per
1532 804 1665 843 judices

937 849 1091 880 selectos*
1104 852 1294 889 agerentur.
1330 849 1371 879 Et
1389 849 1548 887 quoniam
1566 851 1664 887 qnot-

936 894 1031 923 annis
1048 894 1260 929 creabantur,
1277 893 1396 932 quibus
1413 892 1463 921 hae
1478 893 1663 931 quoestiones

936 937 1190 974 mandarentur,
1206 937 1355 975 adeoque
1378 946 1511 976 semper
1536 939 1664 974 essent,

936 981 991 1020 qui
1018 991 1072 1011 eas
1104 985 1311 1018 exercerent,
1339 985 1517 1020 propterea
1542 990 1664 1020 perpe-

934 1030 1003 1054 tuae
1034 1028 1113 1054 sunt
1143 1024 1330 1065 appellatae.
1376 1024 1457 1063 Ejus
1486 1023 1533 1053 rei
1561 1032 1663 1054 cansa

935 1068 1038 1098 creati
1055 1074 1147 1106 sunt,
1170 1072 1290 1108 praeter
1315 1068 1479 1098 urbanum
1511 1073 1546 1097 et
1569 1077 1664 1107 pere—

934 1113 1069 1150 grinum
1089 1118 1282 1152 praetorem‚
1299 1118 1443 1151 quatuor
1458 1110 1526 1148 alii,
1542 1112 1662 1151 quibus

933 1156 984 1185 hae
1009 1158 1192 1196 quoestianes
1206 1155 1447 1186 mandarentur
1462 1160 1564 1193 sorte,
1580 1165 1664 1195 quo-

934 1209 1009 1229 rum
1036 1209 1209 1238 numerus,
1232 1203 1330 1229 aucto
1356 1201 1568 1240 quoestionum
1599 1209 1664 1229 nu·

933 1253 1038 1281 mero,
1062 1249 1097 1274 et
1118 1244 1188 1284 ipse
1218 1248 1337 1274 auctus
1365 1248 1426 1273 est.
1449 1243 1538 1273 Nam
1568 1243 1664 1274 Sulla.

933 1287 1054 1317 additis
1073 1288 1164 1318 novis
1181 1287 1405 1327 quoestiom'bus
1420 1287 1501 1317 duos
1519 1287 1663 1325 addidit,

932 1331 1014 1361 duos
1028 1331 1109 1361 alios
1128 1331 1250 1368 Caesar,
1263 1335 1298 1361 et
1313 1331 1392 1361 alios
1409 1331 1476 1361 alii.
1502 1332 1596 1371 Saepe
1613 1334 1665 1361 ta-

933 1385 1008 1405 men
1028 1375 1117 1405 SCto
1135 1376 1271 1405 decreta
1292 1376 1420 1415 quoeseio
1448 1374 1662 1413 Consulibus,

931 1419 1013 1449 item
1030 1419 1202 1458 rogatione
1211 1419 1403 1456 tribunitia,
1415 1425 1454 1448 ut
1465 1419 1550 1448 bene
1563 1419 1662 1449 (locet

931 1462 1090 1493 ancrus
1106 1463 1147 1493 ad
1162 1463 1235 1494 Liv.
1253 1463 1363 1493 xxxix.
1383 1466 1432 1493 14.
1445 1466 1587 1501 tumque
1605 1473 1663 1493 ex-

930 1510 983 1536 tra
1012 1507 1163 1537 ordinem
1194 1516 1342 1546 quaerere
1383 1506 1593 1544 dicebantur,
1627 1511 1663 1537 et

930 1552 1060 1590 quoestz'o
1088 1551 1362 1581 extraordinaria.
1397 1550 1544 1580 *andex
1576 1560 1663 1590 quoe-

928 1596 1049 1625 stionz‘s.
1094 1595 1146 1625 De
1170 1605 1208 1624 eo
1225 1596 1294 1634 egit
1310 1595 1464 1634 Sigonius
1482 1594 1521 1624 de
1545 1594 1661 1625 audie.

931 1639 964 1669 ii.
982 1642 1012 1669 5.
1037 1644 1072 1669 et
1102 1639 1159 1678 qui
1186 1638 1278 1668 hunc
1304 1639 1412 1668 secuti
1442 1643 1535 1675 sunt,
1567 1638 1662 1669 nulla

931 1692 1016 1713 nova
1054 1692 1089 1713 re
1128 1682 1252 1720 addita,
1280 1682 1482 1713 Heineccius
1521 1682 1661 1721 Antiqn.

927 1725 1001 1757 dur.
1019 1726 1040 1756 l.
1059 1727 1102 1757 iv.
1126 1726 1200 1757 ult.
1226 1726 1390 1757 Noodtius
1417 1726 1458 1755 de
1484 1725 1662 1766 Jurisdict.

932 1774 968 1799 et
998 1771 1116 1810 imper.
1141 1771 1178 1801 ii.
1196 1774 1228 1802 5.
1254 1770 1296 1800 cf.
1319 1770 1422 1800 etiam
1450 1769 1593 1800 Casaub.
1619 1770 1662 1800 ad

930 1813 1023 1844 Suet.
1037 1814 1120 1844 Caes.
1137 1817 1186 1844 11.
1203 1814 1407 1853 Adjiciamus
1424 1813 1659 1853 Ciceroniana,

927 1868 967 1887 ex
984 1858 1104 1898 quibus
1116 1859 1195 1888 satis
1211 1859 1338 1888 tirones
1352 1858 1392 1887 de
1402 1857 1517 1897 judice
1529 1859 1660 1898 quoestz'·

926 1904 993 1933 οηὼ·
1019 1911 1218 1942 cognoscere
1241 1905 1391 1942 possunt.
1424 1901 1520 1932 Brut.
1552 1902 1605 1935 76.
1632 1902 1659 1932 is

927 1955 1005 1976 cum
1031 1951 1108 1986 post
1138 1945 1290 1976 curulem
1317 1945 1513 1975 aedilitatem
1548 1945 1655 1983 judex

926 1991 1105 2029 qncestiom's
1128 1994 1227 2020 esset.
1255 1989 1390 2020 Cluent.
1408 1991 1461 2022 227.
1486 1989 1651 2020 Patronus

925 2033 964 2063 L.
980 2034 1141 2074 Quintius
1158 2034 1347 2064 convicium
1366 2033 1403 2063 C.
1416 2033 1533 2070 Junio,
1544 2032 1654 2071 judici

925 2079 1116 2117 quaestz'onis,
1133 2078 1318 2108 maximum
1342 2077 1436 2113 fecit,
1464 2082 1502 2106 ut
1518 2086 1559 2106 ne
1582 2078 1654 2107 sine

925 2121 1061 2152 Staieno
1077 2123 1111 2152 in
1129 2121 1433 2151 consiliumiretur.
1457 2121 1500 2150 ib.
1517 2123 1570 2155 ⁶29.
1593 2120 1656 2151 At-

924 2167 1035 2205 quein
1052 2165 1139 2195 lianc
1156 2166 1327 2195 flammam
1341 2169 1526 2201 recentem,
1540 2163 1577 2194 C.
1593 2164 1656 2195 Ju-

924 2211 1032 2247 nium,
1050 2210 1106 2249 qui
1134 2209 1182 2239 illi
1203 2209 1370 2249 quaestioni
1390 2208 1583 2249 praefnerat,
1602 2209 1654 2239 in-

915 2254 1049 2293 jectum
1066 2263 1135 2284 esse
1149 2253 1302 2290 memini,
1318 2257 1353 2282 et
1368 2252 1463 2282 illum
1480 2251 1654 2283 hominem

922 2297 1116 2334 aedilicium,
1134 2298 1207 2336 jam
1233 2301 1411 2336 praetorem
1438 2296 1652 2336 opinionibus

921 2340 1097 2371 hominum
1111 2341 1334 2370 constitutum
1349 2340 1408 2370 ἃς.
1426 2340 1468 2369 cf.
1486 2339 1529 2370 ib.
1547 2342 1600 2370 33.
1617 2340 1655 2371 in

921 2395 986 2424 quo
996 2384 1226 2423 omniajudici
1243 2385 1424 2424 qzioestz'onis
1438 2383 1651 2423 tribuuntur,

921 2439 994 2468 quae
1012 2429 1144 2469 praetori
1163 2428 1346 2467 quaesitori,
1358 2434 1399 2458 ut
1410 2437 1551 2468 praeesse
1564 2437 1652 2466 9αῶ-

919 2474 1025 2511 stione,
1042 2482 1189 2512 quaerere
1209 2471 1297 2511 lege,
1320 2471 1527 2501 subsortitio.
1551 2471 1653 2502 Rosc.

919 2516 958 2547 A.
975 2519 1005 2546 4.
1028 2516 1194 2556 quoestz'rmi
1218 2515 1369 2553 judicem
1398 2524 1552 2555 praeesse.
1598 2515 1650 2545 Ex

919 2560 1038 2599 quibus
1059 2559 1261 2598 intelligitur
1279 2558 1380 2588 fuisse
1398 2559 1549 2598 praetoris
1561 2558 1651 2588 vica-

919 2604 1017 2634 rium.
1034 2603 1052 2622 ²*
1063 2603 1196 2643 judices
1209 2606 1245 2632 et
1256 2602 1581 2641 quicunquejudicio
1598 2603 1652 2632 in-

917 2651 1062 2678 tersunt.
1086 2647 1180 2677 Verr.
1209 2646 1243 2677 ii.
1277 2649 1328 2676 30.
1355 2646 1482 2676 dimisit
1508 2647 1653 2686 queastio-

917 2700 1003 2721 nem.
1019 2691 1038 2710 '¹‘
1052 2690 1148 2722 Brut.
1165 2691 1218 2721 22.
1242 2690 1412 2730 quoestione
1426 2689 1572 2726 liberari,
1591 2689 1652 2719 ali-

917 2735 950 2765 bi
968 2735 1110 2775 judicio,
1127 2735 1149 2765 i.
1165 2739 1194 2763 e.
1220 2733 1354 2764 absolvi.
1377 2733 1397 2752 *
1414 2733 1543 2763 dicitur»
1560 2737 1595 2763 et
1610 2733 1652 2763 de

917 2779 1069 2818 qualibet
1084 2777 1301 2817 inquisitione
1316 2777 1460 2817 publica.
1485 2777 1576 2807 Mur.
1599 2779 1654 2810 34.

917 2824 1103 2863 quam-tiones
1118 2822 1151 2851 in
1165 2822 1292 2851 Senatu
1308 2820 1445 2851 habitae.

961 2866 1195 2907 ‚Qetoestorz'um‚
1209 2865 1309 2904 aedes,
1322 2865 1355 2896 in
1369 2865 1489 2906 quibus
1506 2866 1653 2905 quaestor

916 2909 1064 2941 habitat.
1080 2909 1196 2942 Plane.
1211 2911 1266 2941 41.

967 2961 990 2983 o
1005 2953 1027 2985 d
1051 2954 1071 2983 9
