1920 3196
629 136 776 166 INDEX
807 134 942 164 LATIN
949 136 1104 164 {TATIS.

115 227 181 259 Sed
196 237 262 260 non
285 228 392 269 magis
409 226 511 258 scitus
534 226 574 257 ad
602 226 683 266 legis
710 230 841 265 rogato-

117 282 188 303 rem
204 272 358 310 refertur,
374 280 474 311 quam
500 272 641 301 sortitus.
687 270 763 300 Non
787 279 844 299 ne-

116 325 172 355 g0,
188 317 277 346 scitu
300 326 394 355 posse
411 315 489 352 diei,
518 325 576 354 pro
600 314 772 353 rogatione
790 323 843 342 ac-

116 364 228 399 cepta,
244 360 352 400 posito
377 364 600 396 consequente
626 368 684 398 pro
709 362 843 387 antece-

117 402 230 432 dente.
253 402 377 433 Verum
395 403 442 431 ita
457 403 558 431 etiam
575 403 705 432 sortitus
720 401 759 430 dc
772 410 843 430 om-

117 447 152 475 ni
180 447 364 485 rogatione,
382 455 458 475 cum
481 450 630 484 accepta,
656 449 730 474 tum
757 445 843 474 anti-

115 494 230 527 quata‚
246 489 311 519 dici
330 494 449 529 potest.
495 489 582 518 Nam
602 489 774 528 rogatione
792 488 844 517 fa-

113 537 182 570 cta,
197 538 231 563 et
250 533 381 563 tabellis
405 532 638 571 suffragiorum
656 532 841 562 distributis

115 576 156 606 fit
182 577 312 606 sortitio
339 577 502 613 tribuum,
526 585 592 614 qua
623 576 842 615 przerogativa

114 618 286 651 definitur.
312 620 433 650 Sensus
451 620 554 659 igitur
571 623 640 648 est:
668 620 753 649 Cum
766 618 839 658 plu-

114 673 165 693 res
183 663 272 703 leges
299 664 428 700 tuleris,
445 664 485 693 de
514 664 551 693 iis
578 667 710 693 tantum
738 662 840 693 semel

111 714 146 736 et
162 707 263 737 simul
289 708 447 747 suffragia
463 707 539 737 ferri
554 707 698 745 jussisti,
723 711 840 736 contra

112 750 222 789 legem
254 751 435 781 Caeciliam.
465 751 518 780 Sic
546 750 640 780 video
674 752 839 789 accepisse

110 795 215 824 etiam
234 794 417 825 Ferratium
443 794 582 835 Epistol.
608 795 641 824 in
658 794 716 824 Or.
734 794 839 824 Cicer.

113 848 146 878 p.
165 838 239 869 356.

158 882 261 912 δοῖεν.
283 881 376 913 Verr.
403 883 436 912 ii.
453 883 505 913 63.
530 883 642 920 itaque
669 891 746 911 eum
771 890 837 911 non

112 925 220 955 solum
246 932 424 966 patronum
450 926 545 956 istius
567 926 697 962 insulae,
714 925 771 955 sed
788 929 838 955 et-

115 969 181 999 iam
197 975 301 999 sotera
333 970 532 1009 inscriptum
563 970 627 999 vidi
655 969 834 1009 Syracusis.

113 1012 187 1042 Hoc
218 1018 384 1052 quantum
414 1014 488 1043 est?
522 1014 569 1042 ita
595 1023 769 1052 magnum,
799 1017 837 1042 ut

111 1055 218 1086 latino
233 1066 301 1086 uno
316 1057 415 1086 vm-bo
432 1057 573 1096 exprimi
592 1066 658 1087 nou
675 1057 786 1096 possit.
804 1055 835 1086 Is

110 1107 163 1129 est
179 1101 338 1130 nimirum
361 1099 465 1138 Soter,
484 1101 539 1139 qui
564 1100 708 1130 salutem
733 1100 835 1130 dedit.

109 1142 161 1174 De
179 1143 241 1173 hoc
258 1145 470 1183 cog-nomine,
487 1144 575 1183 quod
591 1144 705 1173 crebro
723 1144 755 1173 in
775 1154 835 1174 nu-

111 1187 175 1217 mis
199 1187 287 1225 Jovi,
305 1188 477 1228 Neptuno,
506 1187 710 1227 AEsculapio,
740 1188 836 1217 Dios-

110 1232 213 1269 curis,
246 1231 397 1269 Herculi,
431 1231 585 1268 Medicis,
623 1231 768 1271 Regibus
801 1235 837 1262 et

111 1274 297 1306 Caesaribus
313 1276 488 1313 tribuitur,
507 1280 540 1304 et
555 1285 641 1314 saepe
659 1275 834 1314 Euergetae

103 1318 273 1358 jungitur.
312 1319 375 1348 vid.
410 1318 589 1359 Spanhem.
627 1319 666 1349 de
708 1329 771 1349 usu
801 1324 836 1349 et

110 1362 227 1392 Praest.
261 1363 420 1393 numism.
445 1363 533 1393 Diss.
566 1363 621 1392 vii.
651 1373 683 1402 p.
709 1364 783 1393 416.
807 1373 834 1393 s.

107 1405 198 1437 Diss.
216 1407 273 1437 xii.
287 1417 318 1447 p.
336 1410 409 1437 500.
431 1406 578 1436 Verbum
592 1405 753 1445 Salvator,
770 1417 835 1446 quo

107 1449 264 1479 Graecum
286 1450 458 1481 commode
485 1451 764 1490 interpretantur,
781 1450 835 1480 Ci-

108 1494 238 1523 ceronis
251 1498 352 1524 aetate
367 1494 515 1524 nondum
529 1494 692 1524 usitatum
705 1494 781 1524 fuit.
795 1494 834 1523 de

106 1547 147 1566 eo
174 1537 238 1568 vid.
267 1542 390 1578 praeter
412 1537 532 1568 Cellar.
556 1539 591 1567 in
618 1537 698 1568 Lex.
726 1538 834 1575 Fabri,

107 1580 179 1611 Cel.
218 1580 461 1612 Heumannuni
499 1582 540 1612 ad
585 1581 834 1612 Sammarthani

108 1623 231 1663 Elogia
253 1635 285 1665 p.
301 1628 375 1660 5239.
420 1625 545 1655 Verum
578 1626 680 1664 quaeri
711 1630 834 1666 potest,

106 1667 168 1698 cu'r
185 1668 301 1699 Cicero
317 1674 430 1709 neget,
447 1669 553 1699 latino
569 1679 636 1699 uno
651 1670 750 1699 verbo
763 1670 836 1699 red-

107 1711 140 1741 di
166 1721 276 1752 posse,
294 1723 370 1743 cum
390 1712 547 1744 Servabor
568 1713 671 1743 latine
689 1712 833 1752 dicatur,

105 1755 206 1794 idque
238 1757 376 1786 verbum
402 1758 473 1787 sine
506 1757 604 1787 dubio
635 1757 834 1797 respondeat

105 1800 240 1839 graeco?
277 1800 364 1831 Nam
392 1801 427 1830 in
453 1802 628 1838 numis,et
656 1800 834 1841 lapidibus,

106 1844 165 1882 qui
196 1842 319 1874 Graecis
352 1843 477 1875 δοῖεν-63
516 1844 689 1881 dicuntur,
720 1844 833 1875 latinis

106 1891 187 1917 sunt
204 1886 402 1919 Servatores.
447 1888 583 1929 Jupiter
603 1888 737 1927 quidem
756 1889 835 1919 Ser-

105 1935 200 1961 vacm·
225 1941 278 1972 ap.
302 1931 386 1963 Plin.
416 1933 525 1962 xxxiv.
558 1936 588 1961 Ω,
621 1936 673 1962 est
700 1932 835 1972 Jupiter

103 1973 211 2017 σωτήρ.
256 1975 404 2013 Scilicet,
448 1976 604 2007 servator
637 1980 688 2006 est
726 1976 833 2018 σωτὴρ,

105 2024 273 2057 quatenus
298 2029 317 2049 a
341 2019 437 2049 malis
455 2024 490 2050 et
516 2020 672 2060 periculis
691 2019 830 2050 liberat:

102 2070 145 2092 ut
176 2062 303 2092 Plinius
332 2063 394 2093 loe.
427 2064 485 2094 cit.
521 2064 705 2094 Peucesten
738 2068 834 2094 vocat

102 2105 284 2137 Alexandri
311 2106 531 2145 servatorem,
548 2108 626 2147 quia
643 2107 742 2138 morti
771 2108 833 2137 eri*

102 2149 202 2189 puit3
243 2160 309 2180 non
354 2155 482 2188 autem,
526 2156 693 2190 quatenus
738 2150 833 2193 σωτὴρ

103 2192 195 2223 idem
222 2199 273 2223 est
295 2193 458 2236 εὐεργέτης,
476 2196 532 2233 qui
560 2205 618 2225 nos
650 2196 832 2225 commodis

103 2241 208 2275 auget.
234 2244 269 2267 et
291 2242 398 2268 ornat.
431 2238 519 2268 Nam
543 2239 637 2269 Soter
663 2244 713 2269 est
730 2238 832 2276 idem,

103 2281 162 2319 qui
179 2280 360 2320 Euergeta,
374 2285 432 2311 aut
447 2282 559 2322 paullo
575 2282 663 2323 plus,
679 2287 714 2312 et
730 2282 831 2312 inter-

103 2323 184 2354 dum
199 2324 343 2355 alterum
365 2336 422 2365 pro
439 2325 543 2356 altero
559 2327 708 2366 ponitur.
732 2325 784 2355 Sic
801 2337 831 2356 v.

103 2377 133 2397 c.
168 2368 281 2408 Polyb.
306 2368 327 2399 l.
354 2379 383 2400 ν.
412 2380 443 2409 p.
470 2372 542 2400 500.
576 2374 832 2406 commemorat,

102 2410 313 2451 Antigonum
329 2412 492 2443 Tutorem
511 2423 576 2443 non
594 2413 701 2444 solum
720 2413 831 2443 vivum

101 2464 174 2485 esse
190 2455 399 2495 Euergetam
417 2457 636 2497 appellatum,
654 2458 711 2488 sed
728 2457 831 2487 etiam

103 2497 221 2529 Solem
237 2504 311 2539 post
329 2505 484 2531 mortem.
510 2501 592 2531 adde
622 2501 721 2531 Dion.
740 2501 831 2531 Cass.

102 2540 124 2571 l.
146 2541 193 2572 lii.
217 2553 293 2582 pag.
321 2547 395 2578 493.
430 2545 485 2574 ubi
505 2545 672 2575 Maecenas
698 2546 745 2574 ait
773 2545 833 2574 Pa-

100 2585 162 2616 tris
177 2590 212 2615 et
228 2586 349 2617 Soteris
373 2597 495 2618 nornen
524 2592 741 2628 accepturum
764 2589 832 2619 Au-

101 2633 238 2669 gustum
252 2640 291 2660 ex
309 2631 448 2670 imperio
458 2633 566 2670 justo,
585 2642 691 2671 mino,
710 2632 787 2662 leni.

147 2672 325 2713 Spargere.
352 2675 451 2705 Catil.
469 2676 502 2706 ii.
534 2679 581 2706 10.
605 2677 660 2715 qui
679 2677 762 2706 sicas
786 2677 833 2706 vi-

100 2714 211 2755 brare,
224 2719 280 2757 qui
292 2729 448 2758 spargere
461 2729 591 2749 venena
608 2719 811 2750 didicerunt.

145 2760 283 2800 Sporus.
308 2761 380 2792 Mil.
398 2765 450 2793 24.
477 2773 581 2802 genus
605 2762 679 2802 teli,
697 2763 737 2793 de
767 2774 832 2803 quo

99 2803 262 2836 videndus
278 2806 456 2836 Abramius
474 2806 514 2836 ad
532 2807 564 2836 h.
581 2806 603 2836 l.

144 2848 313 2887 Spatium,
332 2849 422 2880 locus
451 2850 505 2879 ubi
537 2849 714 2887 currendO,
732 2854 767 2880 et
782 2851 833 2880 bi-

100 2891 164 2930 gis,
187 2892 356 2932 quadrigis
386 2894 445 2923 ἃς.
477 2893 613 2933 agendis
633 2901 833 2924 exercentur

101 2933 280 2967 homines:
307 2935 527 2969 curriculum.
557 2938 615 2968 Or.
647 2940 677 2968 3.
703 2936 773 2969 fin.
802 2948 832 2968 v.

1536 125 1621 164 433

890 228 917 255 1.
942 223 1059 265 Spatia
1086 222 1287 256 Academiae.
1317 222 1431 255 Rabir.
1458 222 1555 254 Perd.
1588 226 1622 256 2.

889 269 944 308 qui
962 279 1015 298 me
1032 279 1071 298 cx
1089 268 1276 298 constituto
1291 269 1394 306 spatio
1414 267 1620 299 defensionis

887 311 920 342 in
946 311 1121 342 semihorae
1144 311 1350 341 curriculum
1381 311 1531 349 coegisti.
1555 311 1616 342 Or.

886 356 931 385 iii.
951 358 980 385 (2.
1012 356 1041 386 Ο
1064 354 1216 394 fragilem
1235 355 1421 391 fortunam,
1442 359 1477 384 et
1497 355 1614 385 inanes

885 410 971 439 saepc
990 399 1241 429 contentiones!
1261 408 1335 438 quae
1357 399 1392 428 in
1410 397 1520 427 medio
1536 407 1612 438 opa-

885 444 928 473 tio
943 453 1030 483 saepe
1042 443 1247 481 fxxmguntur
1263 449 1296 472 et
1314 445 1489 478 corruunt,
1505 448 1539 471 ct
1554 451 1615 472 an-

884 491 917 516 te
933 487 966 516 in
981 487 1051 526 ipso
1060 496 1157 516 eursu
1170 485 1612 519 obruuntur.&e.B1·ut.90.

885 529 1104 560 Hortensium
1122 530 1155 559 in
1172 531 1273 569 spatio
1290 528 1461 558 consecuti
1477 538 1608 559 sumus.

927 574 1064 614 Species,
1086 572 1171 613 Top.
1201 576 1232 607 7.
1258 574 1291 602 in
1319 572 1477 602 divisione
1494 572 1612 602 formae

883 622 975 654 sunt,
994 627 1075 656 quas
1099 617 1205 647 Graeci
1233 615 1307 650 ἰδέας
1333 623 1466 653 vocant,
1492 616 1613 653 nostri,

882 663 1040 700 —-sJ²ec‹'cs
1065 660 1262 701 appellant:
1305 669 1372 690 non
1403 660 1546 700 pessime
1579 660 1614 690 id

883 705 1030 743 quidem,
1047 705 1104 734 sed
1121 704 1284 734 inutiliter
1301 703 1341 733 ad
1366 713 1461 733 casus
1479 708 1613 733 mutan-

882 749 951 779 dos.
975 748 1089 778 Nolim
1115 748 1219 785 enim,
1236 757 1277 777 nc
1299 747 1326 777 si
1344 747 1448 777 latine
1473 747 1610 785 quidem

882 793 947 823 dici
963 793 1080 831 possit,
1095 793 1273 831 specierum
1290 797 1324 821 et
1346 791 1504 831 speciebus
1521 791 1612 820 dice-

881 847 927 866 re.
950 835 968 854 ¹*
985 837 1098 867 Or.·l.
1125 845 1197 875 quae
1215 836 1258 865 sit
1283 835 1413 875 optima
1437 836 1551 874 speeies
1576 838 1612 864 et.

881 880 974 919 quasi
992 881 1099 919 figura
1115 879 1257 909 (licendi.
1282 879 1378 909 Hanc
1395 889 1526 917 quoque
1538 888 1610 918 spe-

880 926 960 954 ciem
977 935 994 953 e
1011 925 1202 954 Graecorum
1230 920 1290 963 ἰδέᾳ
1312 922 1498 952 transtulit.
1527 921 1608 953 ibid.

881 971 911 998 3.
946 967 1252 1008 speeies—effigies.
1275 967 1296 996 i.
1328 977 1355 996 e.
1381 965 1606 1006 exemplar—-

881 1012 991 1051 imago
1008 1011 1049 1041 ad
1066 1010 1237 1051 exemplar
1248 1020 1413 1050 expressa.
1430 1010 1448 1028 *⁵
1464 1010 1566 1040 Acad.
1586 1010 1610 1041 i.

880 1058 910 1086 8.
934 1059 1083 1085 mentem
1102 1054 1206 1085 solam
1231 1054 1412 1084 censebant
1438 1053 1608 1091 idoneam,

879 1100 933 1128 cui
958 1098 1162 1136 crederetur,
1190 1098 1268 1138 quia
1290 1097 1362 1128 sola
1383 1102 1536 1127 cerneret
1562 1097 1609 1135 id,

879 1143 967 1182 quod
982 1152 1114 1183 semper
1135 1148 1234 1179 esset,
1252 1141 1405 1182 simplex,
1429 1145 1464 1171 et
1489 1141 1609 1171 unius-

878 1187 982 1224 modi,
999 1191 1033 1216 et
1047 1186 1128 1223 tale,
1145 1185 1242 1225 quale
1258 1190 1356 1216 esset.
1372 1185 1459 1215 hanc
1475 1184 1523 1214 illi
1538 1184 1609 1214 ide-

878 1240 931 1260 am
949 1230 1176 1270 appellabant,
1188 1231 1259 1268 jam
1283 1239 1301 1259 a
1317 1229 1455 1259 Platone
1484 1229 1532 1259 ita
1548 1238 1610 1259 no-

879 1275 1041 1305 minatam
1057 1287 1063 1304 :
1089 1283 1148 1303 nos
1165 1279 1255 1303 recte
1271 1274 1405 1314 speciem
1430 1282 1606 1312 possumus

879 1317 1000 1349 dicere.
1019 1318 1059 1348 de
1075 1317 1137 1347 hac
1152 1319 1253 1357 speeie
1282 1327 1311 1347 v.
1327 1318 1384 1347 Or.
1402 1319 1431 1348 Q,
1459 1319 1490 1347 3.
1514 1316 1533 1334 ⁹¹⁵
1549 1326 1607 1346 ex-

876 1365 992 1391 ternus
1032 1366 1223 1402 apparatUS,
1261 1365 1412 1398 ornatus,
1447 1360 1606 1400 dignitas,

878 1415 952 1444 quae
970 1406 1004 1435 in
1021 1405 1133 1435 oculos
1161 1404 1250 1434 cadit
1274 1405 1439 1445 inprimis.
1462 1404 1550 1443 Agr.
1572 1404 1608 1434 ii.

883 1453 930 1480 13.
953 1451 1068 1489 speeies
1089 1452 1320 1489 tyrannorum.
1336 1448 1393 1478 ubi
1410 1447 1475 1478 vid.
1500 1447 1608 1478 Graev.

877 1494 934 1524 Or.
952 1493 974 1522 i.
992 1495 1044 1527 529.
1067 1493 1152 1530 haec,
1178 1502 1251 1531 quae
1278 1499 1360 1522 sunt
1382 1492 1417 1521 in
1433 1492 1534 1532 specie
1550 1501 1609 1532 po-

878 1537 955 1575 sita,
974 1538 1008 1567 in
1023 1540 1056 1566 te
1073 1536 1186 1566 divina
1206 1539 1304 1566 sunt:
1329 1536 1368 1565 de
1385 1535 1517 1566 dotibus
1535 1545 1609 1565 ora-

876 1581 958 1611 toris
978 1582 1123 1610 externis
1153 1580 1309 1620 corporis.
1332 1579 1390 1610 Or.
1406 1580 1440 1610 ii.
1468 1581 1521 1613 72.
1546 1579 1606 1609 ad-

877 1624 990 1655 hibere
1009 1624 1174 1664 quandam
1192 1624 1226 1653 in
1243 1623 1384 1653 dicendo
1406 1624 1542 1663 speeiem
1557 1628 1610 1653 at-

877 1679 940 1707 que
954 1678 1123 1708 pompam.
1148 1667 1213 1698 Pis.
1233 1670 1283 1697 11.
1306 1667 1372 1697 fuit
1388 1677 1524 1707 pom-sa,
1541 1666 1608 1697 fuit

875 1714 1004 1752 speeies,
1021 1713 1167 1743 incessus
1181 1711 1298 1742 saltem
1309 1711 1457 1751 Seplasia
1472 1711 1607 1750 dignus.

876 1756 954 1787 ibid..
971 1765 1131 1795 magnum
1156 1765 1279 1785 nomen
1303 1759 1367 1793 est,
1392 1763 1517 1795 magna
1538 1764 1610 1794 spe-

876 1802 950 1837 cies,
968 1809 1091 1839 magna
1114 1799 1273 1839 dignitas,
1300 1808 1425 1838 magna
1448 1798 1606 1837 majestas

877 1843 1033 1874 consulis.
1057 1843 1153 1874 Brut.
1170 1844 1221 1874 62.
1246 1843 1352 1882 magis
1369 1843 1469 1883 specie
1483 1848 1519 1872 et
1535 1851 1608 1872 mo-

875 1892 914 1918 tu
927 1892 1027 1927 atque
1041 1887 1111 1927 ipso
1127 1887 1254 1917 amictu
1270 1887 1423 1926 capiebat
1438 1886 1607 1924 homines,

877 1942 977 1971 quam
1006 1930 1138 1961 dicendi
1163 1931 1269 1970 copia.
1292 1931 1310 1949 *ἕ
1327 1931 1439 1970 opinio
1466 1932 1539 1960 orta
1565 1940 1606 1960 ex

875 1986 927 2013 eo,
944 1975 1033 2015 quod
1059 1985 1129 2005 esse
1154 1974 1287 2004 videtur
1311 1975 1393 2011 tale,
1417 1973 1513 2013 quale
1537 1982 1606 2003 non

875 2024 937 2050 est.
976 2018 1081 2049 Marc.
1121 2019 1152 2049 6.
1193 2020 1292 2058 specie
1329 2017 1472 2058 reipubl.
1511 2017 1607 2057 lapsi.

874 2064 974 2093 Tusc.
999 2063 1032 2093 ii.
1050 2064 1102 2093 ⁶23.
1127 2061 1247 2092 doloris
1274 2063 1408 2102 speeiem
1424 2061 1511 2091 ferre
1537 2070 1605 2091 non

875 2110 1024 2147 possunt.
1048 2106 1066 2125 *ί
1083 2106 1147 2136 Sed
1167 2106 1291 2136 dicitur
1303 2106 1405 2135 etiam
1421 2105 1606 2145 saepissime

875 2151 914 2180 de
931 2161 970 2180 eo
986 2151 1070 2191 ipso,
1087 2149 1176 2189 quod
1191 2149 1324 2179 videtur
1340 2158 1409 2179 esse
1424 2148 1506 2187 tale,
1524 2158 1607 2187 qua-

874 2194 904 2224 le
932 2204 997 2224 non
1016 2199 1078 2224 est.
1101 2194 1182 2224 Nat.
1208 2194 1251 2224 D.
1279 2193 1301 2222 i.
1333 2195 1363 2224 (2.
1387 2194 1502 2232 species
1515 2192 1605 2222 fictae

874 2238 1110 2268 simulationis.
1135 2237 1249 2267 Plane.
1271 2238 1321 2267 1⁶2.
1347 2237 1444 2276 sigua
1458 2236 1608 2276 probita-

875 2284 917 2312 tis
946 2292 1014 2312 non
1045 2282 1160 2311 fucata
1184 2281 1306 2311 forensi
1333 2281 1443 2320 specie.
1467 2280 1486 2298 ‘⁹⁵
1502 2279 1605 2310 Tusc.

875 2327 917 2356 iv.
939 2328 986 2356 14.
1011 2324 1068 2356 Or.
1095 2325 1142 2354 iii.
1167 2328 1220 2356 535.
1246 2325 1355 2365 prima
1375 2326 1488 2364 specie,
1514 2324 1604 2363 quod

875 2369 975 2409 vulgo
987 2369 1142 2406 dicimus,
1159 2369 1267 2408 primo
1276 2368 1448 2408 adspectu.
1464 2368 1483 2386 ᾗ
1499 2367 1604 2398 simu-

874 2414 1016 2444 lacrum.
1040 2413 1118 2443 Div.
1137 2413 1159 2442 i.
1190 2415 1239 2443 1⁶2.
1264 2414 1381 2452 speeies
1398 2423 1437 2442 ex
1455 2421 1519 2442 aere
1548 2421 1607 2440 xe-

874 2462 941 2487 tus.
965 2456 1045 2487 ibid.
1070 2457 1122 2486 36.
1146 2456 1234 2486 hanc
1261 2457 1396 2496 speciem
1424 2454 1606 2486 Praxiteles

875 2501 1006 2531 caelavit
1023 2504 1173 2539 argento.

919 2545 1109 2585 &weilhaim
1132 2544 1214 2574 Nat.
1238 2544 1282 2574 D.
1306 2543 1353 2573 iii.
1380 2545 1433 2575 ⁶222.
1456 2541 1608 2574 AEscula-

875 2589 1005 2628 piorum
1024 2588 1255 2628 primus—qui
1277 2589 1444 2627 specillam
1461 2587 1609 2616 invenis-

874 2642 922 2669 se,
938 2636 972 2662 et
998 2633 1125 2671 primus
1143 2631 1264 2661 vulnus
1281 2631 1444 2669 obligasse
1471 2630 1608 2660 dieitur.

875 2675 932 2705 Est
967 2676 1232 2705 instrumentum
1265 2675 1507 2714 chirurgicum,
1545 2673 1604 2704 Gr.

873 2718 967 2759 μήλη.
985 2719 1051 2748 wid.
1068 2718 1141 2748 lud.
1157 2719 1214 2748 Gr.
1235 2718 1384 2757 μκλῶσαιι.

920 2763 1101 2803 Specimcn,
1131 2762 1335 2801 exemplum.
1370 2762 1449 2801 Leg.
1490 2760 1537 2790 iii.
1575 2763 1607 2791 3.

876 2808 996 2836 veteris
1011 2808 1171 2846 specimen
1186 2809 1267 2835 esto.
1295 2805 1360 2835 Pis.
1372 2809 1425 2840 39.
1447 2806 1607 2845 specimen

876 2851 1090 2881 innocentiae.
1115 2850 1215 2879 Tusc.
1234 2850 1254 2879 i.
1281 2852 1330 2879 14.
1356 2859 1437 2879 num
1461 2849 1608 2884 dubitas,

876 2894 957 2933 quin
983 2895 1140 2934 specimen
1167 2893 1300 2923 virtutis
1325 2894 1396 2933 capi
1423 2892 1543 2923 debeat
1569 2900 1608 2922 ex

877 2939 1003 2978 optima
1016 2948 1147 2977 quaque
1166 2937 1308 2968 natura?

927 2982 967 3011 1³1
