1920 3196
232 213 296 244 Pis.

231 257 343 286 Scaur.
357 254 396 285 I'r.

230 297 306 329 Mil.

231 339 313 371 Rab.
329 340 416 370 Post.

232 380 380 414 Marcell.

231 424 340 463 Ligur.

232 466 342 497 Deiot.

229 507 314 539 Phil.
331 507 358 538 1.

229 549 314 581 Phil.
329 549 374 580 11.

230 590 313 623 Phil.
329 591 391 622 111.

229 633 313 665 Phil.
327 634 386 665 IV.

229 675 315 707 Phil.
328 676 368 706 V.

228 717 314 748 Phil.
331 717 390 748 VI.

229 759 315 790 Phil.
332 759 407 790 Vll.

231 801 316 832 Phil.
332 801 427 833 VIII.

231 843 316 874 Phil.
331 842 391 874 lx.

232 885 317 917 Phil.
330 885 374 916 X.

231 927 317 958 Phil.
333 928 394 958 xl.

233 969 316 1000 Phil.
331 969 410 1001 ΧΠ.

232 1011 316 1042 Phil.
332 1011 429 1042 XIII.

232 1053 316 1084 Phil.
333 1053 425 1085 xlv.

232 1096 273 1127 ad
295 1096 371 1128 Div.
389 1096 415 1126 1.
433 1105 458 1126 s.
474 1105 524 1135 ep.
540 1095 569 1126 1.

234 1179 275 1211 ad
290 1180 365 1212 Div.
380 1180 424 1212 ll.
440 1189 465 1210 s.
480 1189 530 1220 ep.
545 1178 589 1210 ΙΙ.

234 1223 305 1254 Att.
321 1224 347 1254 1.

234 1266 307 1296 Διί.
321 1266 366 1297 11.

235 1308 299 1348 Qu.
314 1308 364 1339 Fr.
383 1308 410 1340 1.
430 1311 456 1339 1.
475 1311 500 1338 1.

234 1391 302 1432 Qu.
320 1391 371 1422 Fr.
386 1392 432 1422 11.

235 1434 449 1474 Qu.1-'r.111.

235 1476 332 1507 Brut.
347 1487 398 1517 ep.
416 1477 442 1507 1.

235 1518 331 1550 Brut.
342 1520 418 1550 Ger.
431 1529 484 1560 ep.
505 1521 532 1549 1.
551 1521 577 1548 1.

235 1602 427 1635 Aead.1.1.

234 1644 405 1677 Acad.1v.
425 1649 452 1678 l.

236 1686 309 1718 Fin.
326 1688 353 1718 1.
372 1691 399 1718 l.

236 1727 308 1759 Fin.
322 1729 368 1761 11.
386 1733 413 1761 1.

238 1769 308 1801 Fin.
325 1771 387 1803 111.
406 1775 433 1803 l.

239 1812 309 1844 Fin.
323 1813 380 1846 IV.
402 1817 428 1845 1.

236 1854 308 1886 Fin.
323 1855 363 1888 V.
382 1860 408 1888 I.

238 1896 318 1928 Nat.
332 1897 376 1929 D.
392 1898 419 1929 1.
440 1902 466 1930 1.

238 1937 319 1970 Nat.
333 1939 377 1971 D.
395 1941 439 1972 11.
461 1944 486 1972 l.

237 1980 317 2012 Nat.
334 1982 376 2012 D.
391 1983 453 2015 111.
475 1987 500 2014 l.

240 2022 316 2054 Dav.
335 2024 361 2054 I.
379 2027 405 2055 l.

239 2064 316 2096 Div.
336 2065 381 2097 11.
401 2070 427 2098 1.

239 2105 310 2138 fat.
329 2110 356 2138 1.

240 2150 320 2190 Leg.
337 2149 363 2179 1.
383 2153 408 2180 l.

239 2192 321 2227 Lea.
338 2191 382 2222 11.
403 2195 428 2221 1.

240 2234 306 2266 Off.
323 2234 348 2264 1.
369 2237 396 2265 l.

241 2277 306 2308 Off.
326 2276 369 2306 11.
389 2279 416 2307 1.

240 2319 306 2350 Off.
322 2318 384 2350 111.
406 2321 431 2350 Ι.

242 2362 317 2392 Scn.
338 2365 364 2392 1.

242 2404 346 2434 Amic.
367 2406 392 2432 Ι.

243 2445 357 2476 Parad.
377 2444 402 2475 1.
423 2447 448 2476 Ι.

243 2487 357 2517 Somn.
372 2488 421 2518 Sc.

247 2528 345 2560 Univ.

246 2571 344 2601 Petit.

706 120 867 171 mmai}
898 118 1182 149 smNonum.
1586 111 1667 149 523

685 206 800 238 Oratio
816 207 849 237 in
866 205 1026 237 Pisonem.

684 249 852 281 Orationis
868 258 926 288 pro
942 249 991 279 M.
1008 247 1142 278 AEmilio
1158 248 1280 278 Scauro
1295 246 1530 286 fragmentum.

683 291 800 322 Oratio
816 301 874 332 pro
889 291 930 322 T.
946 292 1057 321 Annio
1073 290 1210 320 Milone.

681 333 799 364 Oratio
816 343 874 374 pro
889 333 1022 363 Rabirio
1039 332 1232 363 Posthumo.

683 375 800 406 Oratio
815 386 873 416 pro
887 375 937 406 M.
952 374 1124 406 Marcello.

680 418 797 449 Oratio
813 428 871 459 pro
886 418 927 459 Ω.
943 417 1087 457 Ligario.

684 461 800 492 Oratio
812 470 872 510 pro
887 469 963 499 rege
977 460 1148 491 Deiotaro.

685 503 824 534 Oratio'
818 512 852 533 in
866 503 1050 533 Antonium
1068 501 1250 541 Philippica
1263 500 1379 541 prima.

1068 543 1250 584 Philippica
1264 543 1416 575 secunda.

1067 585 1250 626 Philippica
1263 586 1374 616 tertia.

1066 627 1248 668 Philippica
1262 633 1393 667 quarta.

1068 669 1251 710 Philippica
1264 670 1392 710 quinta.

1071 712 1253 752 Philippica
1265 718 1368 744 sexta.

1070 754 1252 795 Philippica
1265 755 1417 794 septima.

1069 796 1252 837 Philippica
1264 801 1392 828 octava.

1070 838 1253 880 Philippica
1266 848 1366 871 nona.

1070 881 1252 922 Philippica
1266 881 1402 913 decima.

1069 922 1251 964 Philippica
1265 923 1450 956 undecima.

1070 965 1251 1006 Philippica
1264 965 1468 1000 duodecima.

1070 1008 1253 1048 Philippica
1265 1009 1366 1039 tertia
1381 1009 1519 1041 decima.

1069 1050 1251 1091 Philippica
1263 1056 1382 1089 quarta
1395 1050 1532 1084 decima.

698 1093 796 1124 Liber
817 1094 942 1135 primus
964 1093 1192 1135 epistolarum,
1215 1101 1288 1132 quae
1305 1092 1404 1134 vulgo
1426 1094 1467 1124 ad
1489 1093 1666 1126 familiares

859 1136 1025 1167 dicuntur.

701 1177 798 1208 Liber
812 1178 971 1209 secundus
984 1178 1197 1219 epistolarum
1211 1189 1220 1215 ;
1244 1182 1278 1208 et
1293 1178 1338 1208 sic
1353 1177 1394 1208 ad
1408 1179 1499 1212 xvl.

697 1220 794 1251 Liber
807 1220 931 1261 primus
944 1220 1156 1261 epistolarum
1173 1220 1213 1251 ad
1227 1220 1389 1251 Atticum.

695 1263 794 1293 Liber
803 1262 962 1293 secundus
972 1263 1184 1303 epistolarum
1195 1262 1236 1293 ad
1245 1263 1413 1301 Atticum3
1427 1267 1460 1294 et
1471 1264 1517 1295 sic
1527 1264 1569 1296 ad
1578 1264 1666 1297 XVI.

628 1305 728 1336 Liber
743 1305 865 1346 primus
852 1305 1092 1345 >epistolarum
1113 1304 1152 1335 ad
1174 1305 1340 1344 Quintum
1355 1305 1516 1345 Fratrem,
1529 1308 1669 1348 epistola

871 1348 989 1387 prima,
1004 1352 1103 1387 caput
1116 1347 1269 1387 primum.

625 1389 722 1420 Liber
732 1388 892 1419 secundus
907 1389 1119 1429 epistolarum
1133 1388 1173 1419 ad
1187 1389 1362 1429 Ouintum.

621 1431 720 1463 Liber
732 1432 850 1462 tertius
866 1431 1078 1472 epistolarum
1094 1431 1134 1462 ad
1149 1432 1324 1471 Quintum.

622 1473 722 1506 Liber
733 1474 944 1514 epistolarum
960 1474 1000 1504 ad
1014 1474 1156 1505 Brutum
1171 1474 1310 1514 epistola
1321 1475 1438 1514 prima.

626 1516 724 1548 Liber
740 1516 954 1557 epistolarum
975 1516 1016 1546 ad
1037 1517 1181 1547 Brutum
1200 1526 1218 1546 a
1234 1516 1404 1547 Germanis
1419 1519 1584 1557 inventus,
1600 1520 1670 1560 epi-

862 1558 950 1590 stola
961 1559 1079 1600 prima.

611 1601 878 1634 Academiearum
893 1601 1122 1641 Quaestionum
1137 1601 1220 1631 liber
1232 1601 1370 1640 primus,
1386 1607 1486 1642 caput
1499 1604 1656 1643 primum.

612 1643 878 1676 Academicarum
894 1644 1124 1683 Quaestionum
1139 1643 1222 1674 liber
1235 1649 1383 1682 quartus,
1400 1651 1499 1685 caput
1513 1646 1666 1686 primum.

610 1687 709 1718 Liber
723 1687 846 1726 primus
861 1686 900 1716 de
914 1686 1057 1722 Finibus,
1071 1691 1170 1726 caput
1184 1686 1340 1726 primum.

610 1729 710 1760 Liber
723 1728 882 1759 secundus
896 1728 935 1758 de
950 1728 1095 1766 Finibus,
1109 1733 1209 1769 caput
1224 1727 1379 1768 primum.

607 1771 706 1803 Liber
719 1771 848 1801 tertius.

608 1814 707 1845 Liber
721 1819 867 1852 quartus.

608 1856 707 1887 Liber
717 1856 863 1895 quintus.

608 1898 708 1929 Liber
721 1898 846 1937 primus
860 1896 898 1927 de
915 1901 1033 1928 natura
1044 1896 1205 1934 Deorum,
1220 1902 1319 1938 caput
1335 1900 1489 1939 primum.

609 1939 708 1971 Liber
719 1939 890 1971 secundus.

786 605 838 1034 lllllllllll

882 603 932 1033 lllllllllll

980 561 1028 1075 lllllllllllll

608 1981 707 2013 Liber
721 1982 848 2012 tertius.

607 2024 705 2055 Liber
722 2024 844 2064 primus
859 2023 897 2054 de
913 2023 1139 2061 Divinatione,
1155 2030 1255 2064 caput
1268 2025 1424 2065 primum.

608 2066 707 2097 Liber
720 2065 891 2097 secundus.

607 2109 657 2140 De
671 2108 752 2139 Fato
765 2114 865 2149 caput
876 2109 1030 2148 primum.

605 2150 704 2181 Liber
717 2150 840 2190 primus
854 2150 892 2181 de
907 2150 1061 2190 Legibus,
1077 2155 1176 2191 caput
1191 2152 1345 2191 primum.

608 2193 705 2223 Liber
717 2192 887 2223 secundus.

610 2235 710 2266 Liber
724 2235 847 2275 primus
861 2234 900 2265 de
914 2234 1049 2272 Officiis,
1066 2240 1163 2276 caput
1176 2236 1331 2276 primum.

612 2277 712 2308 Liber
724 2276 894 2308 secundus.

614 2319 712 2350 Liber
722 2319 853 2350 tertius.

615 2361 654 2392 de
667 2361 841 2392 Senectute
854 2366 952 2401 caput
965 2361 1119 2401 primum.

614 2403 653 2433 de
667 2403 821 2434 Amicitia
832 2408 931 2443 caput
946 2404 1100 2443 primum.

617 2445 807 2476 Paradoxon
821 2445 976 2485 primum,
993 2453 1090 2485 caput
1107 2446 1259 2485 primum

615 2487 786 2518 Somnium
800 2487 971 2528 Scipionis.

610 2529 648 2558 de
664 2529 834 2560 Universo.

616 2571 655 2602 de
672 2572 833 2604 petitione
848 2571 1056 2604 Consulatus.

869 2805 1038 2844 FINIS.
