1920 3196
684 109 830 137 INDEX
853 107 989 136 LATIN
995 107 1151 137 1TAT18.

1598 95 1680 134 269

160 202 386 244 cupiditatem
443 198 634 239 significat-e
685 197 898 227 videbantur.
936 196 994 236 jus
1019 197 1163 228 civitatis
1187 198 1301 237 petere
1326 195 1362 226 et
1383 194 1552 234 consequi.
1571 194 1614 235 τᾷ
1629 196 1680 225 ιιι·-

168 247 256 277 Male
281 244 416 284 quidam
443 245 710 283 interpretantur
726 250 898 277 coronam,

168 300 242 330 quae
269 289 366 318 hodie
395 288 466 326 cjns
489 288 556 316 vim
581 286 722 315 obtinet.
756 284 840 313 Phil.
865 284 899 313 ii.

168 337 220 364 34.
261 332 396 362 sedebat
435 332 469 360 in
501 330 616 360 rostris
647 328 776 366 collega
806 333 900 365 tuns,

169 377 313 406 amictus
338 383 416 414 toga
439 383 619 414 purpurea,
637 373 670 402 in
687 372 770 403 sella
785 381 899 408 aurea,

168 426 346 450 coronatus
380 418 448 457 (bie
478 417 525 447 nil
554 417 696 455 regium,
725 418 759 445 et
784 419 900 444 tamen

167 473 298 493 coronae
319 460 459 500 mentio)
478 473 484 490 :
510 460 696 497 adst-endis,
713 459 841 489 accedis
860 458 902 488 ad

167 507 298 543 sellam,
315 506 467 536 diadema
488 504 649 534 ostendis.
666 504 810 542 gemitus
827 506 901 532 toto

166 551 322 581 foro-——tu
339 550 492 579 diadem-za
509 548 701 588 imponebas
718 556 793 576 eum
809 546 902 585 plan-

169 604 248 634 gore
261 593 386 634 populi.
400 603 430 623 v.
445 593 566 632 Cuper.
591 592 670 621 Obs.
689 592 708 620 i.
722 591 752 620 6.
778 591 901 619 Casau-

167 639 244 668 bon.
258 638 299 667 ad
315 639 453 667 Sueton.
468 636 550 666 Cass.
561 639 613 669 79.
631 635 798 675 Ciampin.
810 643 901 673 oper.

169 682 292 714 Musiv.
312 692 340 711 c.
361 683 409 710 14.
436 690 466 720 p.
485 683 555 709 llo.
581 682 640 708 oie.

211 725 336 761 Dima,
350 724 439 754 lenia
460 722 620 757 remedia,
636 722 787 761 inprimis
804 719 901 758 illud,

168 768 258 808 quod
281 769 350 798 dies
374 771 408 797 et
428 772 562 807 teinpus
579 766 696 796 affert:
722 766 903 805 opponitur

169 814 227 843 vis.
246 812 316 842 Att.
333 813 373 842 iv.
386 815 416 842 3.
441 812 538 841 dioeta
551 810 659 841 curari
674 810 808 849 incipio,
823 818 901 839 nam

170 857 345 895 chirurgia²
362 855 477 885 taedet.

214 900 387 931 Diarium.
426 899 498 929 Att.
528 898 596 927 viii.
630 899 679 928 1-1.
716 896 754 926 iis
785 895 904 925 diariis

172 945 283 975 Caesar
307 943 455 973 militum
479 942 686 972 celeritatem
711 940 843 977 incitat,
864 944 904 970 ut

169 989 324 1025 timeam,
337 997 378 1017 ne
393 987 491 1016 eitius
504 985 545 1016 ad
557 984 789 1020 Brundisium,
802 993 903 1023 quam

171 1042 254 1072 opus
279 1032 334 1069 sit,
356 1031 544 1060 accesserit.
571 1028 699 1060 Diaria
722 1027 754 1058 h.
776 1028 798 1057 1.
823 1032 905 1057 sunt

173 1074 343 1115 stipendia
365 1079 424 1104 aut
447 1075 586 1113 praemia
609 1073 644 1102 in
667 1071 816 1111 singulos
834 1071 903 1101 dies

194 1119 347 1155 romissa,
370 1128 415 1148 sc.
441 1119 468 1148 si
496 1116 651 1147 celeriter
676 1116 723 1145 ire
748 1119 903 1155 pergant.

172 1129 262 1193 {Iam
285 1161 444 1201 quicquid
467 1161 567 1191 datur
590 1161 624 1190 in
648 1159 717 1190 dies
742 1158 904 1198 singulos,

171 1208 317 1236 diarium
331 1205 467 1235 dicitur.
490 1205 666 1234 Servorum
682 1213 813 1242 quoqne
825 1206 905 1233 sunt

171 1251 292 1288 dim-ia,
310 1250 331 1278 i.
347 1260 377 1278 e.
395 1249 459 1279 cibi
484 1249 517 1277 in
540 1248 608 1277 dies
633 1247 782 1286 singulos
803 1247 905 1286 assig-

172 1295 257 1331 nati,
282 1298 381 1333 prout
408 1303 442 1322 se
470 1292 552 1322 fidos
580 1291 812 1331 praestiterint.
838 1290 904 1321 vid.

172 1337 254 1367 Intt.
279 1337 320 1367 ad
344 1336 477 1366 Petron.
496 1347 523 1365 c.
549 1337 601 1366 ⁶24.
627 1335 777 1365 Graevius
801 1335 904 1364 etiam

170 1381 287 1411 laudat
297 1381 436 1411 Victorii
448 1380 526 1410 Var.
541 1379 714 1409 lectiones.
730 1378 841 1409 Locus
854 1383 906 1410 est

174 1425 195 1455 1.
212 1426 233 1455 1.
251 1436 279 1455 c.
300 1427 350 1455 13.

218 1469 401 1508 Dibaplzus,
430 1467 531 1496 vestis
559 1466 609 1496 bis
643 1467 764 1504 tincta,
796 1466 904 1506 primo

173 1523 284 1549 cocco,
302 1511 421 1541 deinde
445 1520 607 1550 purpura,
632 1520 698 1550 qua
720 1510 906 1541 utebantur

171 1557 372 1586 sacerdotes.
403 1554 444 1584 ad
467 1555 548 1584 Div.
568 1555 601 1584 ii.
624 1555 673 1585 16.
706 1554 841 1585 Curtius
857 1555 906 1584 cli-

173 1601 316 1640 baphum
340 1599 479 1638 cogitat,
496 1598 553 1628 sed
577 1609 653 1628 eum
675 1599 818 1628 infector
834 1608 907 1628 1110-

171 1650 275 1674 ratur.
305 1643 376 1673 Att.
401 1643 436 1672 ii.
453 1647 483 1676 9.
514 1648 680 1672 strumam
705 1642 830 1673 Vatinii
853 1652 905 1672 sa-

172 1687 311 1717 cerdotii
336 1687 471 1727 dibapha
487 1686 644 1716 vestiant.
661 1696 689 1716 v.
708 1686 780 1716 Ind.
798 1686 904 1716 Graec.

170 1728 300 1770 Bissaooe.

215 1774 316 1811 Dica,
333 1772 446 1816 γραφὴ,
463 1774 563 1810 actio,
582 1783 655 1812 qnae
672 1773 771 1803 alicui
795 1773 907 1803 inten-

176 1819 278 1848 ditur.
310 1818 403 1847 Verr.
428 1818 461 1846 ii.
488 1820 536 1847 14.
568 1817 725 1847 scribitur
749 1817 905 1847 Heraclio

173 1863 259 1892 (lica.
276 1861 355 1892 ibid.
374 1864 422 1891 15.
439 1861 529 1890 dieas
544 1861 727 1897 sortiri,est
744 1860 854 1890 forum
872 1871 905 1890 a-

174 1915 270 1945 gere;
297 1912 332 1935 et
355 1915 432 1934 cum
457 1905 581 1934 dicitur
603 1905 711 1934 dicam
731 1905 854 1942 sortiri,
872 1904 906 1935 id

173 1955 225 1979 est
235 1949 366 1987 judices
383 1949 460 1978 dare
476 1948 670 1978 sortitione:
695 1952 729 1979 et
746 1949 905 1988 quoniam

171 1993 205 2024 id
232 1993 272 2023 fit
303 2003 380 2023 cum
406 2002 507 2022 causa
535 1992 666 2031 agenda
695 1997 758 2030 est,
783 1992 907 2022 dicitur

173 2038 277 2067 etiam
309 2046 368 2076 pro
399 2046 535 2065 causam
565 2045 784 2075 cognoscere:
824 2046 906 2076 quo-

174 2081 264 2110 niam
289 2081 325 2110 in
349 2084 516 2109 conventu
540 2079 677 2120 forensi,
695 2090 772 2109 cum
797 2089 906 2110 causoe

175 2124 313 2163 agendae
340 2130 432 2160 sunt,
450 2123 582 2163 judices
606 2123 747 2153 sortitur
770 2127 905 2163 praetor,

174 2168 231 2206 qui
245 2177 380 2197 causam
394 2171 598 2206 cognoscant
610 2167 817 2207 etjudicent.
839 2168 906 2207 Qui

172 2215 296 2252 putant
320 2211 484 2241 rationem
509 2210 660 2248 ductam,
677 2220 697 2240 a
715 2211 906 2248 sortitione,

174 2256 286 2285 neseio
310 2265 388 2294 qua,
413 2255 561 2294 ipsarum
585 2255 749 2292 divarum,
774 2259 812 2284 ut
834 2255 906 2285 scil.

172 2309 238 2337 quo
261 2299 377 2328 ordine
401 2298 539 2337 agendae
562 2298 630 2327 sint
646 2308 766 2336 causae,
784 2299 908 2328 consti—

172 2349 304 2379 tuatur,
322 2343 432 2372 locum
456 2342 625 2372 Ciceronis
641 2352 707 2371 non
725 2348 815 2372 recte
832 2352 907 2382 per-

173 2386 376 2426 penderunt.
422 2385 529 2416 Dicas
556 2386 680 2423 sortiri,
705 2386 842 2424 dicitur,
868 2390 908 2416 ut

167 2430 297 2469 judicia
312 2430 462 2468 rejicere,
479 2439 539 2469 pro
556 2430 687 2467 judices
704 2430 855 2468 rejicere,
872 2434 908 2459 et

174 2473 240 2502 alia
261 2473 312 2503 his
336 2472 469 2503 similia.
515 2474 600 2504 Rem
625 2473 812 2503 conficiunt
835 2473 907 2503 haec

172 2517 273 2546 verba
297 2527 325 2547 e.
354 2520 403 2550 17.
433 2517 525 2546 venit
548 2517 583 2546 in
609 2520 773 2553 mentem,
791 2527 808 2546 e
833 2517 906 2555 lege

174 2559 310 2600 Rupilia
335 2561 424 2590 dicas
449 2561 560 2590 sortiri
590 2564 755 2600 oportere.
785 2560 908 2590 Educit

175 2614 215 2632 ex
241 2614 327 2633 urna
349 2610 433 2634 tres:
459 2604 498 2633 iis
522 2611 561 2633 ut
578 2603 775 2634 Heraclium
791 2604 908 2634 absen-

175 2652 245 2677 tem
264 2647 504 2685 condemnent,
522 2647 677 2687 imperat.

219 2690 406 2721 Dicam'tus:
432 2691 511 2730 quid
528 2692 594 2721 sit?
629 2692 686 2721 Or.
704 2691 737 2719 ii.
756 2692 808 2721 54.

223 2734 362 2765 Dicatio.
395 2735 487 2765 Balh.
515 2738 564 2764 11.
595 2744 662 2764 11011
686 2734 795 2763 solum
819 2734 909 2765 diea-

174 2779 270 2816 tione,
287 2778 345 2808 sed
368 2778 471 2807 etiam
496 2778 704 2818 postliminio
727 2782 839 2817 potest
863 2779 909 2808 ci—

176 2821 261 2852 vitas
278 2823 414 2852 mutari.
432 2822 497 2852 vid.
516 2822 637 2851 dicare.

216 2865 351 2896 Dieare.
384 2865 476 2895 Balb.
505 2868 554 2895 11.
585 2866 696 2895 dicare
715 2874 750 2895 se
768 2866 908 2896 civitati.

174 2909 254 2940 ibid.
289 2912 339 2941 19.
369 2910 480 2940 dicare
506 2918 541 2940 se
568 2909 602 2941 in
629 2909 825 2940 civitatem:
856 2913 908 2942 est

941 251 1019 270 care
1034 241 1217 281 opponitur
1232 240 1367 270 donare.
1389 239 1475 269 *On
1493 239 1539 268 iii.
1553 242 1583 269 53.
1601 238 1679 268 ado-

942 283 1121 321 lescentes,
1139 286 1194 322 qni
1221 284 1338 313 Crasso
1363 293 1397 313 se
1420 283 1587 319 dicarant,
1605 283 1629 311 i.
1646 293 1678 311 e.

942 338 976 357 se
993 329 1216 368 applicarant,
1233 327 1304 367 ejus
1322 332 1433 367 partes
1450 326 1680 366 sequebantur

945 372 1004 402 &ru

987 415 1182 446 Dichoreus.
1206 413 1328 454 duplex
1344 413 1494 444 choreus.
1511 414 1607 443 Orat.
1624 412 1680 443 63.

988 459 1120 494 Dicere,
1138 469 1196 499 pro
1221 459 1400 495 affirmare,
1415 457 1599 497 opponitur
1621 466 1681 486 ne-

944 512 1034 540 gare.
1062 503 1145 533 Rab.
1165 503 1252 532 Post.
1274 504 1322 532 1⁶2.
1350 501 1469 540 quibus
1489 510 1555 530 non
1574 499 1681 530 credi-

944 550 1001 575 tur
1024 547 1237 586 negantibus,
1255 545 1371 575 iisdcm
1396 545 1552 574 credatur
1572 544 1680 574 decen·

945 591 1040 620 tibus.
1065 591 1158 620 Verr.
1174 590 1221 619 iii.
1235 592 1264 619 8.
1289 589 1397 628 legem
1414 589 1531 625 dicere,
1545 588 1584 617 de
1602 597 1681 617 cen·

945 644 1030 671 sore,
1045 635 1101 673 qui
1118 633 1325 663 conditiones
1343 632 1587 662 redemtoribus
1603 641 1681 671 pro-

944 679 1054 717 ponit,
1071 678 1190 717 quibns
1214 677 1326 717 pactio
1350 677 1399 706 fit.
1425 679 1443 697 *ι
1459 676 1679 712 constituere,

945 721 1096 751 definire.
1129 722 1224 752 Verr.
1248 721 1270 750 i.
1292 724 1343 754 57.
1373 720 1462 749 diem
1486 721 1564 750 dicit
1588 719 1681 758 operi

944 765 1113 795 faciundo.
1145 764 1253 794 Flacc.
1274 767 1325 795 34.
1344 769 1429 793 extr.
1462 763 1532 793 doti
1547 762 1683 794 Valeria

945 819 1079 839 omnem
1105 809 1284 849 pecuniam
1309 818 1403 837 suam
1429 808 1570 838 diverat.
1594 807 1613 825 ²*
1628 810 1683 836 est

945 853 1050 883 etiam
1073 853 1245 893 proprium
1266 852 1401 882 verbum
1420 852 1454 881 in
1472 850 1615 881 creando
1632 851 1682 881 di-

946 901 1086 927 ctatore.
1116 897 1188 927 Att.
1214 897 1257 926 ix.
1290 899 1338 927 15.
1371 895 1460 924 volet
1488 896 1612 932 Caesar,
1640 897 1685 925 ut

946 944 1070 981 praetor
1093 940 1289 970 dictatorem
1314 940 1413 969 dieat.
1441 940 1459 957 ²*
1473 937 1545 969 Inv.
1568 939 1603 970 ii.
1625 940 1680 970 22.

946 985 1051 1015 dicere
1069 985 1113 1014 ⁴ab
1131 985 1331 1014 auctoritate
1355 983 1532 1021 aetorum,
1550 987 1585 1013 et
1601 992 1683 1013 eon·

945 1032 1001 1059 tra
1017 1029 1268 1058 auctoritatem.

990 1072 1085 1103 Dicis
1105 1082 1215 1102 causa.
1245 1072 1340 1102 Verr.
1356 1071 1398 1101 iv.
1415 1073 1468 1102 24.
1501 1074 1537 1100 at
1551 1074 1698 1109 tamen,‚

946 1120 986 1146 ut
1009 1116 1113 1156 possit
1135 1126 1169 1146 se
1190 1117 1309 1146 emisse
1327 1115 1449 1153 dicere,
1467 1114 1681 1154 Archagatho

946 1160 1102 1200 imperat,
1129 1165 1168 1190 ut
1195 1159 1319 1199 aliquit!
1350 1159 1415 1189 illis
1448 1158 1681 1198 numulorum,

946 1205 1026 1234 dicis
1051 1214 1164 1242 causa,
1190 1204 1302 1234 daret:
1336 1202 1368 1233 11.
1396 1213 1424 1232 e.
1453 1204 1488 1232 in
1519 1203 1681 1243 speciem,

946 1258 1026 1278 zum
1051 1248 1184 1285 Schein,
1200 1252 1238 1278 ut
1257 1248 1368 1287 imago
1382 1246 1503 1277 saltem
1521 1247 1680 1277 emtionis

946 1296 1046 1322 esset.
1075 1292 1162 1322 hanc
1187 1291 1369 1322 formulam
1395 1291 1497 1321 etiam
1526 1290 1683 1321 Ciceroni

947 1336 1124 1366 restituere
1155 1336 1217 1365 viri
1241 1335 1341 1366 docti.
1374 1335 1509 1365 Muren.
1537 1337 1586 1365 12.
1622 1334 1682 1364 sed

947 1389 1034 1410 anne
1069 1385 1108 1410 tu
1140 1380 1218 1410 dieis
1247 1389 1348 1409 causa
1376 1378 1607 1415 vindicaveris,
1640 1377 1681 1408 de

946 1424 1100 1454 vindiciis
1124 1424 1342 1462 imaginariis,
1362 1422 1396 1453 h.
1420 1433 1449 1452 c.
1474 1422 1513 1452 de
1536 1423 1568 1451 vi
1593 1421 1682 1452 civili

948 1467 1006 1497 illa
1022 1472 1056 1497 et
1073 1468 1282 1507 imaginaria.
1307 1466 1404 1496 Hanc
1421 1465 1601 1495 formulam
1615 1467 1682 1505 pri-

947 1521 1022 1541 mus
1047 1517 1136 1542 recte
1161 1511 1341 1551 explicavit
1363 1510 1487 1540 Laelius
1503 1509 1681 1540 Taurelluss

948 1555 988 1585 de
1020 1555 1149 1586 militiis
1181 1565 1221 1585 ex
1252 1565 1344 1591 casu,
1367 1554 1401 1584 in
1424 1553 1596 1584 Thesauro
1619 1554 1682 1584 Ot-

946 1600 1047 1630 tonis.
1071 1604 1098 1629 t.
1123 1599 1164 1629 iv.
1185 1609 1218 1639 p.
1245 1599 1339 1629 1635.
1363 1603 1397 1628 et
1420 1597 1595 1637 post‘Ant.
1613 1598 1683 1628 Au-

947 1647 1035 1682 gust.
1067 1643 1245 1673 Emendat.
1277 1643 1311 1672 ii.
1344 1644 1374 1672 2.
1415 1641 1494 1671 ibid.
1524 1651 1555 1681 p.
1584 1643 1679 1676 1472.

947 1687 989 1718 cf.
1006 1688 1134 1718 Victor.
1146 1686 1224 1717 Var.
1240 1685 1336 1716 Lect.
1352 1686 1393 1715 iv.
1410 1687 1462 1726 23.
1490 1690 1525 1716 et
1542 1686 1575 1715 in
1599 1686 1681 1716 Lex.

948 1731 1044 1761 Fabri
1062 1730 1101 1761 de
1114 1730 1179 1761 hae
1191 1730 1337 1760 formula
1352 1729 1452 1760 dicta.

992 1774 1180 1812 Dicrotum,
1205 1775 1296 1804 navis
1322 1774 1471 1803 biremis.
1495 1772 1528 1803 h.
1552 1782 1582 1803 e.
1607 1781 1682 1812 quae

948 1817 1030 1848 dnos
1057 1828 1228 1849 remorum
1253 1817 1387 1848 ordines
1411 1817 1524 1847 habet.
1555 1816 1627 1847 Att.
1651 1826 1683 1848 v-

951 1865 1000 1892 11.
1032 1863 1097 1892 xvi.
1115 1865 1146 1893 4.
1177 1872 1208 1892 V.
1225 1861 1345 1892 Scheff.
1372 1862 1431 1891 Rc.
1447 1871 1522 1890 nav.
1539 1861 1572 1890 ii.
1590 1863 1621 1891 53.
1649 1870 1683 1900 p.

952 1909 1023 1936 100.
1053 1906 1277 1936 Foemininum
1302 1914 1407 1945 genus
1426 1909 1475 1934 est
1498 1904 1587 1944 apud
1605 1903 1684 1934 Hir-

947 1951 1034 1979 tium
1059 1949 1098 1980 Β.
1128 1949 1166 1980 A.
1194 1953 1247 1984 47.
1274 1949 1364 1988 qnod
1386 1948 1538 1978 defendit
1564 1954 1685 1980 contra.

949 1993 1154 2023 Schefferum
1172 1993 1442 2032 Oudendorpius.

991 2037 1160 2075 Dictator,
1202 2037 1420 2077 magistratus
1467 2034 1683 2075 municipalis

949 2090 1072 2111 nomen
1086 2081 1119 2111 in
1134 2081 1318 2121 municipio
1330 2080 1516 2110 Lanuvino.
1536 2079 1609 2110 Mil.
1631 2082 1682 2110 10.

993 2124 1147 2163 Dictata,
1170 2129 1251 2155 sunt
1275 2124 1400 2161 theses,
1428 2127 1610 2163 praecepta,
1627 2123 1684 2153 de-

949 2172 1053 2206 creta,
1065 2178 1138 2208 quae
1151 2179 1171 2198 a
1182 2169 1350 2208 magistrIS
1368 2168 1448 2197 artis
1462 2168 1602 2207 alicujus
1616 2167 1682 2197 dis-

949 2212 1069 2252 cipulis
1096 2212 1273 2243 scribenda
1297 2211 1494 2249 traduntur,
1516 2216 1555 2241 ut
1577 2211 1618 2241 ab
1643 2211 1684 2241 iis

949 2256 1154 2286 ediscantur.
1181 2256 1226 2286 Et
1249 2256 1407 2295 quoniam
1425 2255 1618 2295 hujusmodi
1635 2255 1685 2284 di-

948 2304 1039 2330 ctam
1061 2310 1129 2329 non
1153 2300 1236 2330 adeo
1259 2299 1370 2330 solent
1394 2303 1454 2329 aut
1473 2299 1598 2329 debent
1613 2308 1685 2328 esse

949 2349 1051 2374 acuta
1072 2348 1106 2373 et
1130 2343 1278 2381 subtilia,
1297 2344 1331 2373 in
1347 2343 1386 2373 iis
1403 2344 1627 2382 acquiescere,
1644 2343 1687 2373 iis

950 2387 1014 2424 uti,
1031 2388 1065 2416 in
1090 2393 1266 2418 contemtu
1283 2386 1437 2416 habetur.
1462 2387 1502 2426 Q.
1521 2387 1571 2416 Fr.
1589 2387 1635 2416 iii.
1657 2390 1688 2417 1.

950 2441 979 2460 c.
994 2433 1026 2461 4.
1053 2441 1162 2461 meam
1188 2432 1222 2461 in
1243 2430 1339 2460 illum
1356 2431 1541 2460 orationem
1567 2439 1687 2460 omnes

951 2475 1046 2513 pueri
1062 2479 1237 2514 tamqnam
1250 2475 1375 2504 dictata
1391 2474 1558 2504 ediscunt.
1582 2474 1687 2505 Tusc.

950 2518 985 2547 ii.
1008 2521 1057 2548 11.
1086 2528 1199 2549 versus
1223 2518 1400 2555 admiscet,
1429 2519 1522 2557 quasi
1547 2519 1686 2555 dictata,

950 2560 1043 2591 nullo
1061 2561 1201 2600 dilectu,
1215 2561 1309 2592 nulla
1325 2561 1504 2601 elegantia.
1521 2562 1600 2592 Nat.
1611 2562 1653 2592 D.
1664 2562 1687 2592 i.

950 2606 1004 2636 26.
1030 2605 1095 2635 ista
1117 2607 1208 2637 enim
1227 2616 1246 2635 a
1261 2606 1352 2635 vobis
1370 2610 1546 2645 tamquam
1563 2606 1689 2636 dictata

950 2648 1150 2680 redduntur.
1183 2650 1254 2679 Pin.
1271 2650 1304 2679 ii.
1322 2651 1375 2683 ⁶29.
1392 2653 1478 2679 extr.
1503 2651 1528 2679 si
1553 2649 1689 2689 longuS,

951 2691 1045 2729 levis,
1062 2694 1088 2722 si
1104 2694 1226 2732 gravis,
1242 2693 1361 2723 brevis.
1390 2693 1473 2723 Haec
1491 2698 1571 2724 sunt
1584 2694 1691 2723 dic-ta-

951 2740 998 2766 ta.
1031 2736 1110 2766 ibid.
1136 2738 1178 2767 iv.
1200 2740 1232 2768 4.
1265 2737 1305 2766 de
1331 2736 1563 2776 Peripateticis
1587 2737 1692 2767 disse-

952 2779 1046 2809 rendi
1079 2781 1160 2810 artis
1193 2780 1330 2821 peritis:
1363 2790 1437 2819 quae
1470 2780 1605 2819 quidem
1637 2790 1690 2811 res

952 2823 1068 2860 efficit,
1085 2834 1126 2854 ne
1150 2824 1195 2854 sit
1219 2833 1368 2861 neeesse,
1384 2823 1424 2853 de
1449 2824 1568 2854 iisdem
1592 2824 1692 2855 rebus

952 2876 1085 2906 semper
1101 2868 1195 2906 quasi
1208 2868 1332 2898 dictata
1346 2867 1539 2905 decantare,
1550 2877 1611 2898 nec
1628 2877 1692 2900 uu-

953 2920 1056 2950 quam
1070 2920 1090 2942 a
1104 2911 1390 2944 commentariolis
1408 2913 1475 2947 suis
1492 2910 1672 2943 discedere.
