1920 3196
687 83 831 113 INDEX
863 82 1159 111 LATINITATIS.

178 171 229 202 uti
252 171 468 212 putabantur.
499 171 552 201 Sic
588 171 624 201 in
656 170 752 201 Brut.
778 173 830 202 ⁶28.
865 172 905 201 la·—

175 218 280 246 terctee
305 215 406 254 loqui.
437 226 467 244 v.
499 217 637 245 literato.
693 213 782 244 Male
809 215 903 244 illum

175 257 286 289 locum
304 259 544 298 interpretatus
558 264 609 287 est
625 257 785 287 Graevius.

220 302 307 339 Lito,
332 308 483 341 parento‚
519 301 632 331 hostiis
658 301 762 340 placo.
800 299 906 330 Flaec.

176 347 229 375 38.
262 347 391 375 litemus
432 345 588 375 Lentulo,
624 346 756 374 *litare
787 344 904 373 ‹licun-

175 392 243 424 tur,
268 390 323 427 qui
356 389 389 418 in
422 388 537 418 hostiis
565 388 652 417 bona
674 391 749 417 exta
776 387 904 416 inveni-

177 436 250 460 unt.
277 432 352 461 Div.
378 433 411 461 ii.
441 434 488 461 15.
520 432 669 471 proxima
699 431 808 460 hostia
831 432 905 460 lica-

177 478 234 504 tnr
257 484 344 515 saepe
376 474 610 514 pulcherrime.
648 473 688 503 cs.
713 484 741 503 0.
770 474 817 503 16.
842 473 906 503 vid.

179 516 321 548 Gronov
346 519 387 548 ad
420 519 491 548 Liv.
516 518 581 547 viii.
605 521 636 551 9.
669 517 727 546 sed
760 517 904 547 maxime

177 560 340 591 Schwarz.
367 562 408 591 ad
432 561 515 591 Plin.
542 561 620 590 Pan.
646 570 677 599 p.
703 561 776 591 ‘2⁶2ss.

220 603 354 635 Litura.
380 605 471 634 Verr.
495 605 515 634 i.
540 604 593 635 36.
619 612 740 633 nomen
771 603 805 633 in
829 604 904 632 liw-

172 656 213 676 ra
230 648 318 678 fecit.
342 649 430 678 ib.ii.
449 650 501 678 452.
528 656 649 676 nomen
671 654 722 676 est
740 648 770 675 in
791 648 903 676 litura.

174 689 206 720 h.
231 701 260 721 c.
285 692 339 721 ubi
366 691 448 721 illud
473 701 595 720 nomen
612 694 674 726 est,
700 689 790 719 aliud
825 695 902 719 :inte

171 733 250 770 fuit,
268 735 355 773 quod
371 734 518 764 deletum
543 743 612 763 csse
636 738 784 772 apparet.

220 778 325 808 Litas.
356 779 438 817 Top.
469 782 500 811 7.
535 777 662 807 solebat
694 776 901 815 Aquillius—

172 830 250 851 cum
274 821 313 850 de
338 823 480 851 litoribus
503 820 792 859 ageretur,—quid
816 825 903 849 esset

171 865 250 894 litus
273 865 319 894 ita
341 865 496 894 definire:
523 874 587 902 qua
604 863 723 893 fluctus
739 863 898 893 eluderet.

172 907 274 947 Atqui
292 908 405 938 Celsus
419 909 452 937 in
469 908 597 946 Digest.
612 906 651 936 de
664 907 761 937 Verb.
780 906 897 945 Signis.

172 951 224 985 96.
261 953 334 981 litus
361 956 423 987 est,
448 961 512 990 quo
540 951 704 980 maximus
733 951 852 980 fluctus
881 961 900 980 a

174 995 256 1024 mari
281 996 446 1034 pervenit:
473 994 570 1033 idque
597 993 642 1023 M.
658 992 802 1030 Tullius,
821 1004 898 1023 cum

173 1038 295 1067 arbiter
310 1044 408 1075 esset,
425 1039 550 1077 primus
569 1037 754 1066 constituit.
776 1036 898 1066 Viden-

173 1080 264 1116 dum,
281 1087 395 1111 utrum
412 1082 445 1111 in
462 1081 523 1111 1100
544 1080 629 1110 Celsi
646 1079 716 1109 1000
734 1080 898 1119 Aquillius

171 1125 406 1163 corrigendum
429 1125 485 1160 sit,
504 1124 590 1161 quod
611 1133 660 1152 res
677 1123 837 1163 postulat,
856 1134 897 1153 an

173 1167 287 1197 Celsus
315 1168 423 1197 locum
454 1167 622 1197 Ciceronis
650 1176 714 1196 non
743 1173 897 1196 accurate

171 1210 223 1240 vel
239 1212 432 1250 inspexerit,
449 1211 500 1240 vel
516 1211 676 1247 tenuerit,
692 1214 725 1239 et
743 1211 897 1240 memori-

170 1258 224 1284 ter
239 1254 390 1291 laudans,
407 1255 617 1284 aberraverit.

217 1298 347 1328 Limus.
377 1298 441 1328 Div
466 1299 486 1327 i.
513 1300 561 1331 17.
595 1296 680 1326 unde
705 1296 836 1326 dicatur
860 1298 898 1326 li-

171 1345 246 1372 tuus
261 1341 450 1380 augurum?
476 1341 546 1371 Att.
559 1341 601 1370 xi.
618 1343 666 1371 12.
691 1342 810 1370 litascm
824 1351 897 1380 pro-

170 1384 322 1415 fectionis
347 1395 429 1414 mcae
453 1385 570 1414 fuisse:
603 1383 634 1413 h.
660 1394 687 1413 e.
713 1391 895 1414 auctorem.

171 1437 249 1458 nam
265 1430 342 1459 lituo
358 1438 450 1468 aeque
467 1438 504 1458 ac
516 1428 597 1457 tuba
614 1428 647 1457 in
660 1427 746 1457 bello
761 1428 895 1466 signum

172 1471 281 1502 datur.
829 1494 833 1497 .

218 1515 351 1551 Loeare,
365 1525 462 1545 usum
473 1514 611 1552 alicujus
624 1514 668 1543 rei
681 1520 738 1543 aut
748 1513 895 1544 fructum

170 1558 267 1588 alteri
283 1563 373 1589 certa
389 1558 538 1588 mercede
557 1557 747 1587 concedere.
773 1558 896 1588 Csecin.

171 1603 202 1633 6.
232 1603 336 1633 locare
358 1602 511 1632 fundum.
536 1602 632 1631 Rosc.
657 1601 750 1631 Com.
773 1605 819 1631 10.
853 1603 896 1631 lo-

169 1655 246 1676 care
261 1655 294 1676 se
311 1645 444 1682 dicitur,
463 1646 517 1684 qui
542 1654 677 1684 operam
695 1654 788 1674 suam
806 1650 898 1674 certa

171 1689 323 1719 mercede
347 1689 441 1719 alteri
461 1688 648 1728 pollicetur.
671 1687 689 1705 *ε
704 1688 897 1718 consistere.

171 1733 266 1763 Offie.
283 1733 328 1762 iii.
350 1736 397 1767 17.
422 1732 601 1772 prudentia
614 1736 664 1761 est
676 1733 779 1762 locata
793 1733 826 1762 in
843 1731 898 1761 ‹le-

175 1775 264 1806 lectu
281 1777 454 1806 bonorum.
466 1778 485 1796 ’Ἠ
502 1777 607 1805 locant
633 1775 747 1812 etiam,
765 1776 820 1814 qui
849 1785 900 1806 re-

173 1820 315 1850 demtori
340 1819 463 1858 aliquid
487 1819 656 1849 addicunt.
674 1829 703 1848 ν.
721 1819 896 1849 redemtor.

170 1863 263 1893 Verr.
280 1865 301 1893 i.
320 1866 371 1893 54.
396 1864 447 1894 56.
470 1862 540 1896 Att.
558 1866 677 1896 rr.17.
701 1862 778 1892 hinc
796 1864 896 1892 etiam

172 1908 282 1937 locatio
297 1908 343 1937 sic
360 1906 493 1943 dicitur,
511 1916 540 1935 v,
558 1916 587 1935 0.
609 1905 679 1935 Att.
698 1906 738 1935 iv.
755 1909 786 1936 3.
803 1906 898 1937 *Atn

172 1950 217 1980 vi.
237 1954 264 1980 l.
289 1951 404 1980 civitas
422 1950 456 1979 in
472 1950 542 1987 ejus
559 1948 622 1978 fide
639 1951 753 1979 locata.

215 1994 382 2033 Locuples,
413 1993 451 2022 de
482 1993 637 2029 testibus,
669 1993 896 2032 cognitoribus

171 2037 231 2067 ἂρ.
260 2037 391 2067 dicitur.
424 2037 512 2066 Part.
536 2039 588 2067 34.
620 2036 726 2066 Flacc.
756 2040 803 2070 17.
838 2038 897 2067 ἃς.

170 2080 372 2111 Passeratius
403 2080 444 2110 ad
473 2080 590 2120 Quint.
626 2083 674 2110 11.
711 2081 898 2119 locupletem

172 2123 237 2154 dici
262 2127 359 2164 putat
375 2134 394 2154 a
407 2123 493 2159 loco,
511 2133 610 2163 quem
629 2124 702 2162 quis
718 2123 897 2153 honestum

171 2168 303 2198 obtinet
326 2168 359 2197 in
383 2168 527 2197 civitate.
551 2167 598 2197 sic
615 2167 796 2206 cognitoris
813 2167 896 2205 ejus,

170 2212 226 2250 qui
243 2221 277 2241 se
293 2211 437 2249 aliquem
455 2220 548 2240 nosse
565 2211 753 2250 profitetur,
770 2210 898 2249 epithe-

171 2260 231 2285 ton
248 2259 299 2285 est
313 2254 485 2284 honestus.
523 2254 586 2284 Sed
603 2264 679 2283 vero
694 2253 833 2284 similior
849 2257 899 2284 est

171 2308 288 2328 eorum
311 2297 490 2334 sententia,
507 2298 562 2336 qui
587 2307 606 2326 a
622 2297 707 2334 loco,
723 2307 782 2337 pro
805 2307 897 2336 agro,

170 2341 275 2372 fundo
300 2341 428 2372 dictum
446 2346 578 2380 putant.
603 2340 758 2371 *Hm-en.
783 2341 826 2371 iv.
845 2344 897 2371 33.

172 2388 226 2420 47.
249 2386 353 2425 copiae
371 2386 544 2424 locupletes.

216 2429 332 2466 Locus,
350 2433 451 2468 caput
468 2427 697 2468 philosophiae,
710 2434 769 2457 aut
785 2428 897 2465 cujus-

170 2482 302 2511 cunque
326 2474 420 2509 artis,
442 2471 591 2501 materia.
615 2471 691 2501 Div.
718 2471 751 2500 ii.
772 2474 798 2501 l.
823 2481 896 2510 per-

172 2519 332 2555 purgatus
358 2520 409 2545 est
437 2516 520 2545 Iocus
545 2514 584 2544 de
613 2514 733 2544 finibus
759 2514 835 2544 bon.
862 2518 896 2544 et

172 2558 250 2589 mal.
265 2568 285 2588 a
300 2559 391 2588 nobis
415 2558 560 2597 quinque
576 2557 677 2588 libris.
701 2557 779 2587 ibid.
798 2557 896 2596 quin-

170 2606 225 2632 tus
253 2612 330 2632 eum
357 2603 460 2632 locum
486 2601 677 2641 complexus
701 2606 762 2631 est.
787 2601 897 2631 simile

170 2650 222 2675 est
244 2647 315 2676 Att.
334 2646 354 2675 i.
374 2646 422 2676 16.
448 2647 530 2675 loeus
554 2644 608 2674 ille
632 2643 651 2674 a
669 2654 720 2673 me
736 2647 787 2674 est
801 2644 898 2674 indu-

171 2695 256 2719 ctus.
283 2689 305 2718 i.
331 2689 370 2718 de
397 2698 436 2718 eo
462 2692 661 2727 argumento
691 2687 756 2717 late
788 2687 896 2717 dicere

171 2733 266 2772 coepi.
293 2732 402 2762 *sunt
425 2732 525 2762 etiam
551 2732 607 2761 loci
631 2730 816 2767 rhetorum,
840 2731 896 2770 qui

170 2780 249 2806 sunt
271 2774 380 2805 fontes
404 2779 692 2814 argumentorum.
719 2774 776 2805 Or.
800 2775 822 2804 i.
841 2778 894 2805 31.

170 2820 205 2850 in
227 2819 361 2858 Topicis
383 2819 517 2859 passim.
535 2819 617 2848 item
634 2817 668 2847 in
684 2821 753 2847 arte
771 2827 898 2848 memo-

170 2864 241 2895 riae.
270 2862 327 2894 Or.
344 2862 378 2893 ii.
395 2865 447 2898 87.
479 2861 588 2895 *Lm
610 2866 724 2894 autem
748 2871 899 2894 eommu-

1594 75 1677 123 347

950 179 1007 200 nes
1025 176 1117 208 sunt,
1130 179 1207 200 cum
1225 168 1265 199 de
1283 179 1316 200 re
1330 169 1485 200 universa
1500 174 1680 212 tractatur,

950 224 1026 243 cum
1044 214 1150 244 oratio
1168 218 1343 244 revocatur
1358 213 1399 243 ad
1416 223 1532 252 genus.
1556 217 1614 247 Or.
1634 218 1681 249 iii.

949 258 1002 290 97.
1028 267 1058 288 v.
1083 257 1290 287 Communis.
1314 257 1466 293 *status,
1490 258 1524 287 in
1550 270 1583 289 re
1607 261 1678 299 gla-

951 299 1091 329 diatoria
1118 304 1152 329 et
1179 300 1328 337 militari,
1355 303 1393 329 ut
1416 300 1548 339 gradus.
1581 303 1681 336 Catil.

949 343 982 372 ii.
1006 346 1032 372 1.
1062 345 1123 373 loco
1145 342 1200 372 ille
1225 348 1333 373 motus
1357 347 1421 380 est,
1439 354 1514 373 cum
1540 355 1580 375 ex
1595 347 1677 377 urbe

949 393 1000 416 est
1025 386 1194 426 depulsus.
1226 386 1410 424 *dignitas
1442 387 1484 416 ad
1510 388 1586 418 Div.
1614 391 1679 421 xiv,

955 432 1001 459 18.
1041 430 1103 459 isto
1132 431 1193 459 loco
1217 429 1352 459 femina.
1387 429 1428 459 cf.
1460 430 1552 461 Verr.
1580 433 1601 462 i.
1624 436 1678 464 48.

950 472 1070 509 *ordo,
1098 471 1209 502 classis
1241 473 1275 502 in
1302 473 1448 502 civitate.
1482 475 1598 513 Quint.
1630 479 1679 508 13.

947 517 1045 553 locus,
1072 525 1170 554 quem
1197 515 1429 545 honestissime
1458 517 1616 549 obtinuit.
1648 530 1678 551 ν.

948 559 1151 589 Passeratius
1167 559 1208 588 ad
1221 559 1252 588 h.
1266 559 1286 588 l.
1313 559 1475 590 *fundus
1497 561 1613 600 Agrar.
1630 563 1677 594 iii.

948 604 978 632 9.
1017 603 1065 632 ita
1090 602 1331 642 interpretatur
1356 602 1547 638 Turnebus,
1576 616 1675 645 quem

947 645 1029 674 vide.
1055 646 1147 675 *res
1170 647 1201 675 in
1229 646 1340 675 Caecil.
1368 649 1417 676 15.
1444 648 1496 676 cui
1522 650 1584 677 loeo
1600 660 1679 679 con-

946 689 1045 718 sulite
1063 700 1101 718 ac
1115 689 1296 729 providete.
1313 690 1457 727 *genus,
1475 701 1560 730 pars.
1579 694 1675 723 Offic.

945 732 967 761 i.
986 733 1017 762 6.
1047 734 1117 768 [οι-ἑ,
1135 733 1169 762 in
1194 742 1274 771 quos
1298 732 1430 762 honesti
1455 740 1610 766 naturam
1627 737 1676 767 di-

945 776 1093 805 visimus.
1119 775 1196 805 ibid.
1221 779 1269 806 14.
1295 776 1380 805 alter
1401 779 1485 806 loeus
1501 780 1677 811 cautionis.

947 818 1045 849 Catil.
1068 819 1109 848 iv.
1137 821 1185 849 10.
1218 824 1269 848 est
1292 829 1359 849 uno
1384 821 1444 849 loco
1462 821 1577 852 melior
1597 833 1676 853 con-

943 861 1025 892 ditio
1044 861 1207 892 ‘externae
1245 863 1389 892 victoriae
1422 873 1520 902 quam
1561 866 1676 896 dome-

941 906 1043 935 sticae.
1069 906 1200 936 *locum
1227 905 1413 945 relinquere
1437 912 1471 936 ct
1494 908 1584 947 dare,
1609 920 1676 943 11011

942 949 1057 978 eodem
1103 949 1201 978 modo
1241 949 1374 979 (licitur.
1419 951 1512 980 Verr.
1559 963 1588 983 ν.
1620 957 1672 985 50.

943 992 1086 1022 fortunae
1107 992 1247 1032 alicujus
1265 993 1393 1023 veniam
1411 1001 1444 1024 et
1463 996 1564 1026 locum
1582 997 1672 1035 dare,

942 1039 993 1065 est
1020 1036 1203 1074 ignoscere,
1233 1036 1424 1067 concedere.
1458 1038 1592 1070 Cluent.
1621 1043 1674 1072 22.

943 1080 1046 1108 locum
1062 1079 1246 1108 defensioni
1266 1089 1333 1109 non
1350 1080 1549 1120 relinquere,
1566 1091 1617 1114 est
1632 1085 1672 1114 de

935 1123 1063 1160 judice,
1080 1123 1137 1161 qui
1161 1123 1303 1162 pecunia
1324 1128 1499 1164 corruptus
1519 1127 1674 1158 inutilem

942 1165 1168 1195 defensionem
1188 1166 1304 1196 reddit.
1328 1167 1369 1196 ad
1385 1168 1462 1198 Div.
1480 1169 1500 1199 i.
1518 1172 1544 1200 1.
1569 1173 1673 1201 locum

944 1219 1010 1239 non
1039 1209 1196 1248 relinquit
1222 1211 1387 1249 precibus,
1415 1212 1454 1241 de
1479 1223 1530 1251 eo,
1559 1215 1615 1253 qui
1638 1219 1673 1246 et

943 1262 1008 1282 non
1027 1258 1161 1291 rogatus
1180 1253 1272 1290 facit,
1287 1264 1360 1292 quae
1375 1255 1540 1293 volumus,
1555 1262 1592 1287 ut
1605 1267 1672 1288 non

942 1305 1024 1335 opus
1041 1297 1084 1325 sit
1100 1297 1263 1335 precibus.
1287 1298 1356 1327 Att.
1369 1299 1410 1327 vi.
1429 1302 1455 1329 1.
1481 1310 1546 1329 non
1563 1308 1614 1331 est
1630 1303 1674 1332 lo-

941 1349 998 1369 cus
1009 1339 1049 1369 ad
1060 1340 1358 1379 tergiversandum.
1373 1342 1521 1373 *ven-‚xm
1535 1347 1582 1374 14.
1595 1345 1673 1375 aedi-

942 1382 1017 1412 litas
1031 1383 1064 1412 in
1081 1385 1142 1413 loco
1158 1384 1283 1423 posita:
1310 1384 1342 1414 h.
1359 1395 1388 1415 c.
1406 1391 1495 1416 recte
1511 1387 1671 1427 beneque.

986 1426 1119 1456 Locutio
1128 1429 1372 1466 pronunciatio.
1388 1428 1546 1464 Brut.74.
1563 1441 1670 1471 graeca

943 1470 1065 1500 locucio.
1089 1471 1145 1500 Or.
1164 1473 1212 1504 19.
1239 1472 1347 1501 omnis
1361 1474 1472 1503 locutio
1488 1476 1594 1505 oratio
1606 1482 1670 1514 est,

941 1513 998 1542 sed
1021 1514 1162 1543 oratoris
1185 1517 1297 1545 locatio
1312 1515 1372 1544 hoc
1390 1518 1522 1557 propr10
1539 1519 1671 1558 signata

942 1562 992 1586 est
1011 1558 1158 1587 nomine.

985 1600 1118 1639 Lag-zea.
1131 1600 1231 1632 Tusc.
1243 1602 1284 1632 iv.
1297 1604 1344 1632 14.
1357 1612 1429 1641 quae
1439 1604 1527 1634 sint?
1543 1605 1585 1635 cf.
1599 1605 1680 1640 Ind„

943 1642 999 1673 Gr.
1017 1644 1140 1683 λογικαί.

988 1687 1115 1726 Loligo,
1134 1697 1238 1726 genus
1255 1689 1365 1728 piscis.
1387 1690 1464 1721 Div.
1481 1691 1514 1721 it.
1532 1695 1584 1726 70.

988 1731 1196 1769 Lomentum,
1219 1732 1371 1762 fabarum
1397 1734 1517 1772 farina,
1541 1745 1607 1774 qua
1629 1736 1671 1767 ad

946 1774 1214 1814 interpolandam
1230 1775 1364 1813 faciem,
1375 1781 1409 1806 et
1419 1778 1597 1816 tegendam
1615 1780 1671 1809 de-

945 1818 1151 1848 formitatem
1168 1819 1361 1849 utebantur.
1390 1821 1430 1850 ad
1442 1822 1518 1851 Div.
1533 1822 1600 1853 viii.
1621 1826 1672 1854 14.

947 1862 1130 1891 Censuram
1148 1862 1321 1892 lomentum
1338 1868 1372 1893 et
1389 1865 1516 1895 nitrum
1532 1871 1641 1905 putat.

990 1905 1170 1944 Longulam.
1185 1905 1256 1936 Att.
1270 1907 1333 1936 xvi.
1347 1910 1395 1938 13.
1412 1910 1580 1947 longulzmz
1593 1919 1672 1940 sane

946 1953 1019 1979 iter.

991 1992 1171 2029 Lucanica,
1189 2002 1294 2032 genus
1318 1993 1511 2025 farciminis·
1535 1996 1576 2026 ad
1595 1996 1672 2028 Div.

946 2035 989 2066 ix.
1011 2036 1059 2066 16.

990 2079 1130 2117 Lucere,
1147 2079 1179 2109 in
1197 2080 1310 2118 primis
1327 2081 1485 2119 eminere,
1501 2092 1672 2122 apparere.

943 2123 1013 2153 Att.
1030 2123 1075 2152 iii.
1092 2126 1139 2153 15.
1163 2124 1271 2153 officia
1285 2129 1318 2154 et
1335 2124 1447 2155 studia
1464 2136 1538 2155 mea
1553 2137 1670 2165 parum

945 2171 1024 2196 ante
1049 2167 1214 2197 luoeewmt.
1247 2167 1288 2196 cf.
1312 2167 1408 2198 Brut.
1432 2172 1463 2203 7.
1495 2169 1579 2199 Phil.
1602 2171 1672 2202 xiii.

948 2213 996 2240 11.
1029 2213 1226 2239 ornamenta
1250 2211 1283 2240 in
1301 2212 1423 2241 virtute
1448 2218 1482 2242 et
1506 2213 1672 2244 industria.

943 2253 1052 2293 posita
1064 2255 1179 2284 lucent.
1196 2254 1214 2271 ²*
1224 2254 1296 2284 Mil.
1309 2256 1362 2285 ⁶23.
1378 2265 1428 2285 res
1443 2256 1513 2296 ipsa
1526 2258 1608 2287 lucet
1620 2262 1673 2289 tot

943 2301 1013 2326 tam
1032 2295 1127 2326 claris
1143 2298 1351 2335 argumentis
1367 2299 1547 2338 signisque.
1573 2301 1636 2331 Off.
1649 2301 1672 2332 i.

944 2345 974 2374 9.
999 2341 1234 2379 extr.a²quitas
1247 2342 1412 2381 luc-etipsa
1429 2353 1551 2382 perse3
1577 2344 1673 2375 dubi-

944 2385 1026 2413 tatio
1044 2384 1281 2422 cogitationem
1299 2385 1466 2424 significat
1483 2387 1625 2425 injuriae.

989 2427 1154 2457 Lucerna.
1181 2427 1251 2458 Att.
1265 2429 1329 2458 viii.
1344 2431 1374 2459 2.
1402 2430 1518 2460 eadem
1536 2432 1670 2463 lucerna

943 2471 1029 2500 hanc
1054 2470 1228 2510 epistolam
1252 2473 1380 2512 scripsi,
1398 2483 1463 2512 qua
1483 2474 1671 2506 inflamma-

944 2524 1014 2544 ram
1030 2519 1137 2544 tuam.

989 2558 1146 2588 Lucrari.
1174 2557 1266 2588 Verr.
1292 2560 1312 2588 i.
1338 2561 1385 2589 1⁶2.
1415 2561 1562 2590 lucretur
1584 2561 1670 2592 indi-

945 2601 995 2630 cia
1021 2601 1140 2631 veteris
1171 2601 1335 2632 infamioe:
1370 2603 1390 2632 i.
1415 2613 1444 2632 e.
1468 2613 1534 2633 non
1558 2605 1672 2637 audiet

943 2644 1104 2681 facinora,
1121 2654 1188 2674 non
1205 2645 1436 2685 proferentur:
1461 2647 1548 2685 quod
1565 2648 1619 2678 ille
1636 2650 1671 2680 in

943 2687 1034 2718 lucro
1051 2688 1150 2718 debet
1166 2698 1299 2728 ponere.
1344 2690 1397 2719 Sic
1421 2689 1527 2720 Graeci
1553 2691 1585 2722 τὸ
1608 2704 1671 2736 mg-

943 2729 1052 2762 Baium.
1069 2731 1141 2761 Aet.
1158 2732 1272 2772 Apost.
1289 2733 1387 2763 xxvii.
1405 2735 1457 2764 21.

990 2775 1152 2812 Lucrum,
1169 2775 1208 2805 de
1233 2776 1330 2813 bono,
1347 2776 1435 2815 quod
1457 2781 1579 2817 praeter
1600 2780 1671 2820 opi-

945 2818 1082 2848 nionem
1112 2819 1266 2858 contigit.
1297 2819 1339 2849 ad
1368 2820 1445 2850 Div.
1477 2822 1519 2850 ix.
1551 2825 1600 2856 17.
1631 2823 1671 2854 de

945 2863 1033 2892 lucro
1044 2871 1145 2903 prope
1153 2862 1228 2904 jam
1239 2863 1497 2904 quadriennium
1509 2865 1668 2899 vivimus:
