1920 3196
572 108 724 140 ‘INDEX
754 108 1034 139 LA'rlm'rA'rts
1041 128 1051 138 .

123 201 289 240 Probitas,
319 200 359 231 de
391 199 566 237 modestia,
597 200 654 231 Or.
696 200 718 230 i.
757 199 812 230 96.

74 247 246 287 probitatis
262 243 519 275 commendatio.
536 243 576 273 de
596 253 661 283 qua
676 244 706 273 vi
722 243 811 273 verbi

81 301 110 320 v.
128 291 280 320 Pearcius
296 287 443 317 adOffic.
462 287 495 316 ii.
513 288 566 318 520.

116 331 307 368 procedere,
316 331 404 361 oriri.
414 330 490 361 Div.
504 330 525 360 i.
536 333 589 366 39.
600 333 813 370 posteaquam

80 375 287 417 philosophia
295 375 460 414 processit,
479 382 577 404 nemo
599 373 815 414 philosophus

81 419 178 450 aliter
192 419 307 448 sensit.

123 462 310 493 proceritas
325 460 366 491 de
388 459 540 501 pedibus,
558 460 614 499 qui
630 459 737 500 longis
751 459 815 501 syl-

80 505 163 538 labis
179 509 336 535 constant
348 505 404 535 Or.
417 505 470 536 63.

124 548 311 580 procerius.
338 547 470 578 adverb.
500 545 643 586 longius.
678 548 736 578 Or.
768 547 816 577 iii.

80 596 132 630 59.
151 593 319 632 procerius
330 592 516 632 projectum
533 590 721 627 brachium,
737 600 818 629 qua-

77 636 105 667 ni
122 635 288 675 quoddam
302 635 410 665 telum
424 634 594 664 orationis.
617 634 671 664 Sic
676 643 818 675 procero:

79 679 200 721 palmae
216 689 268 719 ap.
286 678 470 709 Catullum.

123 723 309 760 Processus,
321 721 502 762 profectus.
525 720 622 752 Brut.
633 724 687 755 ΤΒ.
700 725 814 751 tantos

72 777 240 808 processus
263 766 418 804 faciebat,
443 768 483 795 ut
501 765 644 802 evolare,
668 774 734 795 non
761 775 817 796 ex-

79 820 212 840 currere
236 810 413 840 videretur.
442 809 461 827 *⁵
477 808 610 847 gradus.
646 808 740 839 Brut.
763 808 816 839 65.

74 864 239 895 processus
254 853 394 883 dicendi.
412 862 441 882 v.
454 852 586 891 gradus.

125 898 327 928 procinctus.
352 897 446 927 Orat.
463 896 485 926 i.
501 898 553 926 53.
579 894 658 926 Nat.
672 895 715 926 D.
732 895 765 925 ii.
782 897 813 926 3.

81 944 286 971 testamenta
297 941 330 970 in
342 941 521 979 procinctu.
545 939 630 968 Sunt
646 938 817 976 militaria,

84 994 158 1022 qnae
174 985 260 1014 fiunt
277 988 368 1019 ante,
391 993 490 1022 quam
505 982 547 1011 ad
564 981 717 1021 proelium
735 983 816 1019 itur,

81 1032 155 1058 tum
173 1029 263 1057 enim
281 1026 375 1057 miles
391 1030 443 1056 est
458 1027 492 1056 in
504 1026 686 1065 procinctu.

125 1071 367 1107 proclamator,
385 1069 509 1100 rabula.
534 1069 591 1099 Or.
604 1069 625 1098 i.
639 1069 692 1100 46.

125 1114 349 1151 Proelinatus,
379 1113 573 1143 inclinatus.
618 1114 688 1142 Att.
719 1121 752 1143 x.
784 1114 816 1143 8.

76 1159 261 1198 proclinata
271 1157 342 1196 jam
359 1165 405 1186 re.

123 1200 332 1237 proclivitas,
349 1199 428 1239 quid
443 1200 509 1229 sit?
535 1198 672 1230 Tuscul.
685 1199 727 1229 iv.
750 1200 800 1229 123.

125 1245 312 1281 proconsul,
329 1243 390 1273 hac
416 1243 536 1280 forma,
552 1252 620 1273 uno
636 1244 748 1280 verbo,
763 1248 815 1273 est

80 1287 208 1327 aliquot
220 1287 298 1317 locis
314 1287 403 1326 apud
413 1286 626 1317 Ciceronem:
643 1291 683 1317 ut
699 1286 813 1316 Vatin.

81 1334 112 1362 5.
137 1336 171 1361 et
198 1331 289 1367 alibi,
313 1341 412 1369 quam
440 1331 639 1370 scripturam
664 1330 731 1360 late
758 1330 814 1360 de-

80 1375 189 1405 fendit
204 1375 336 1405 Manut.
351 1373 393 1404 ad
409 1374 514 1413 Epist.
533 1373 575 1404 ad
586 1374 661 1404 Div.
677 1374 698 1403 i.
719 1377 745 1404 1.
758 1374 815 1404 ad-

80 1417 121 1448 de
152 1425 265 1448 nostra
284 1417 325 1447 ad
353 1417 523 1448 Tacitum.
568 1417 677 1457 Atque
711 1419 813 1447 etiam

79 1462 169 1501 apud
185 1461 315 1492 Livium
326 1471 413 1501 saepe
426 1462 459 1491 in
475 1461 629 1491 omnibus
646 1461 736 1491 libris
750 1466 813 1498 est,

79 1512 119 1534 ut
135 1505 256 1535 xxxvii.
271 1506 324 1535 46.
338 1506 447 1535 xxxix.
466 1507 519 1538 29.
535 1504 617 1535 adde
633 1504 723 1535 dicta
735 1504 814 1535 Ges-

79 1558 160 1580 nero
185 1558 216 1579 v.
251 1548 320 1578 Cel.
347 1549 382 1578 in
404 1547 586 1579 Thesauro.
618 1549 743 1586 Saepius
764 1554 817 1579 ta-

80 1601 159 1622 men
175 1592 291 1622 Cicero
307 1592 407 1622 habet
423 1591 561 1622 alteram
576 1592 718 1623 formam
744 1590 815 1621 Pro

84 1635 226 1673 Consule,
245 1636 279 1666 in
305 1635 451 1666 Veri-inis
477 1640 511 1665 et
535 1635 622 1666 alibi.
646 1635 665 1654 *⁵
681 1636 815 1675 Proprie

80 1685 195 1709 autem
213 1679 283 1710 Pro
301 1679 417 1709 Consul
431 1684 494 1716 est,
512 1680 566 1718 qui
591 1689 658 1709 non
675 1679 814 1717 Consul,

78 1726 193 1753 tamen
222 1732 297 1752 cum
326 1723 465 1762 imperio
489 1723 662 1753 Consulari
689 1723 815 1752 exerci-

77 1770 166 1803 tum,
184 1770 244 1797 aut
268 1767 469 1806 provinciam
489 1776 565 1796 cum
582 1767 730 1796 exercitu
757 1766 815 1796 ob-

77 1810 177 1840 tinet.
208 1809 271 1840 Sed
285 1813 399 1839 tamen
415 1809 584 1840 interdum
601 1811 701 1840 etiam
719 1809 759 1839 de
775 1820 814 1840 eo

79 1852 215 1891 dicitur,
230 1854 286 1892 qui
302 1858 436 1883 tantum
454 1854 603 1893 praetoris
634 1854 813 1894 imperium

79 1895 192 1934 habet,
216 1907 254 1926 ac
280 1895 469 1936 Proproetor
493 1897 557 1927 dici
581 1897 743 1927 debebat:
774 1901 814 1927 ut

77 1939 172 1971 verr.
185 1941 232 1970 iii.
248 1944 300 1974 91.
325 1941 382 1970 ubi
408 1949 438 1971 v.
454 1940 587 1971 Manut.
616 1941 658 1971 cf.
676 1942 710 1971 in
727 1941 816 1971 Prae-

77 1987 141 2014 tor.
159 1983 232 2014 add.
254 1983 433 2014 Dukerum
450 1984 492 2014 ad
506 1984 639 2014 Livium
656 1984 690 2015 ll.
708 1994 756 2015 ce.

123 2025 340 2065 Procurator,
366 2027 422 2066 qui
440 2037 490 2057 res
513 2027 649 2058 alterius
667 2028 812 2058 absentis

80 2076 188 2108 curat,
205 2080 337 2101 causam
355 2071 435 2110 agit,
449 2070 607 2102 defendit.
631 2071 673 2103 ad
695 2072 772 2102 Div.
790 2071 811 2101 i.

80 2116 111 2146 3.
133 2114 251 2154 Quint.
268 2118 300 2148 Τ.
325 2114 449 2144 Caecin.
466 2116 518 2145 20.

122 2157 279 2195 Prodere,
293 2157 492 2196 relinquere,
508 2157 650 2188 tradere.
674 2156 767 2189 Verr.
785 2167 814 2189 v.

82 2203 132 2231 14.
156 2201 310 2240 imaginis
331 2201 581 2240 prodemlaejus.
605 2201 687 2240 Leg.
710 2202 744 2231 ii.
764 2204 813 2236 19.

77 2248 118 2274 ut
147 2243 302 2284 deinceps
333 2244 467 2274 familiis
492 2245 689 2283 prodantur.
720 2245 815 2276 offic.

76 2288 123 2318 iii.
139 2290 192 2318 ⁶21.
212 2297 352 2327 regnum
370 2298 389 2318 a
403 2288 545 2318 Tantalo
557 2293 591 2318 et
607 2288 727 2328 Pelope
740 2299 814 2328 pro-

77 2331 184 2362 ditum
205 2332 282 2369 jure
305 2332 530 2362 obtinebatur.
562 2332 580 2349 ἐ
597 2341 722 2369 creare,
741 2342 815 2372 pro-

77 2375 148 2415 prie
172 2375 212 2404 de
236 2375 370 2405 flamine
395 2378 431 2405 et
458 2375 634 2415 interrege.
658 2375 731 2406 Mil.
767 2378 815 2406 10.

80 2418 250 2448 flaminem
262 2419 410 2458 prodere.
427 2419 514 2449 conf.
533 2420 632 2450 Dom.
654 2421 700 2449 14.
726 2419 746 2437 ³*
760 2419 816 2449 dc-

79 2471 199 2492 serere.
225 2461 329 2493 Flacc,
351 2465 405 2492 41.
428 2472 490 2501 ego
515 2467 550 2492 te
570 2462 752 2502 prodidero.
784 2472 814 2493 v.

80 2504 183 2535 Gron.
201 2505 279 2535 Obs.
294 2506 340 2535 iii.
355 2508 408 2536 20.
433 2506 538 2536 Graev.
557 2507 597 2536 ad
614 2506 646 2535 h.
664 2506 685 2534 l.

124 2547 310 2579 Prodictns.
333 2549 433 2579 Dom.
462 2553 510 2583 17.
529 2550 678 2588 prodicta
701 2548 775 2578 die:
795 2549 818 2578 i.

81 2600 111 2621 e.
130 2591 230 2628 dicta,
255 2592 404 2622 definita.
421 2603 451 2623 v,
475 2593 579 2632 Ryck.
595 2593 635 2622 ad
650 2593 759 2623 Tacit.
776 2592 816 2623 A.

79 2634 114 2665 ii.
128 2638 179 2668 79.
205 2635 458 2666 Drakenborch.
477 2636 519 2666 ad
538 2636 606 2666 Liv.
626 2637 658 2665 ii.
676 2637 729 2666 61.

124 2678 311 2708 Prodromi.
327 2680 427 2709 Attio.
444 2680 509 2709 xvi.
527 2680 558 2710 6.
581 2679 674 2709 venti
690 2678 818 2718 aquilo-

79 2730 139 2751 nes
155 2723 320 2762 spirantes
332 2722 444 2762 paullo
453 2727 531 2753 ante
542 2723 672 2753 etesias.
687 2733 715 2752 v.
732 2723 817 2763 Pop-

81 2773 138 2795 ma
149 2766 190 2795 ad
206 2765 238 2795 h.
255 2765 277 2796 l.

122 2808 320 2845 Producere,
353 2809 543 2849 provehere.
578 2808 659 2839 Her.
691 2809 734 2840 iv.
760 2811 814 2844 47.

71 2852 252 2890 productus
266 2852 378 2883 studio
401 2857 437 2883 et
459 2853 594 2882 viribus.
617 2853 663 2883 sic
680 2857 715 2882 et
736 2852 815 2883 alibi

78 2894 212 2929 dicitur.
247 2896 266 2915 ⁶
283 2905 400 2930 ornare
431 2896 626 2930 honoribus.
654 2896 755 2929 Dom.
782 2900 815 2932 9.

1507 100 1596 146 392

852 206 951 237 quem
968 202 1005 228 tu
1030 207 1096 229 non
1113 207 1172 238 pro
1188 197 1278 228 illius
1293 197 1456 235 dig-nitate
1467 197 1598 237 prodw.

851 242 978 271 :rer-as?
1002 241 1067 271 vid.
1084 241 1191 272 Graev.
1217 242 1258 271 ad
1281 241 1313 270 h.
1338 241 1359 270 1.
1386 246 1421 271 et
1445 240 1486 270 ad
1513 240 1590 271 Div.

854 285 909 314 xii.
932 287 980 315 13.
1005 291 1039 314 ct
1056 285 1136 315 Lael.
1154 287 1207 315 ⁴20.
1230 285 1249 302 *³
1265 285 1298 314 in
1314 285 1472 314 concione
1488 284 1593 314 alicui

855 331 1054 367 potestatem
1070 329 1146 358 dare
1172 328 1317 363 dicendi,
1332 329 1400 356 sive
1423 327 1510 366 quod
1536 338 1592 356 ve-

856 371 908 407 lit,
935 372 1004 401 sive
1025 372 1268 401 testimonium.
1302 372 1400 401 Dom.
1428 374 1477 401 15.
1501 371 1594 402 Sext.

860 417 910 445 14.
934 414 1029 446 Brut.
1046 416 1098 445 60.
1123 415 1218 452 item,
1241 415 1360 453 jubere
1386 414 1531 453 aliquem
1559 415 1596 447 in

858 459 1017 488 concione
1040 458 1237 498 respondere
1265 457 1307 487 ad
1332 458 1487 494 crimina,
1514 457 1596 496 Agr.

857 502 892 532 ii.
909 502 962 532 36.
986 511 1084 532 nemo
1106 501 1148 531 ad
1169 511 1246 542 pop.
1274 501 1314 532 R.
1334 511 1389 530 vos
1416 500 1595 539 adducere,

859 555 957 575 nemo
978 546 1158 585 producere
1184 546 1297 584 possit.
1326 545 1382 575 ubi
1404 554 1434 574 v.
1451 544 1595 576 Laured.

859 592 893 618 et
917 588 1065 619 Turneb.
1082 589 1122 618 ad
1138 589 1215 619 Div.
1231 589 1287 618 xii.
1305 591 1335 618 3.
1354 588 1532 628 productus
1557 589 1595 619 in=

859 633 1055 662 concionem
1082 643 1102 662 a
1126 632 1282 670 Canutio,
1308 632 1500 672 turpissime
1530 632 1596 661 dis-

860 676 970 706 cessit.
994 675 1253 715 *producuntur
1266 676 1382 712 etiam,
1399 675 1455 714 qui
1472 675 1506 705 in
1522 684 1596 715 spe—

858 719 998 749 ctaculis
1016 719 1227 749 exhibentur.
1251 719 1321 750 Att.
1340 719 1380 749 iv.
1402 722 1450 749 15.
1475 719 1501 748 is
1520 726 1600 755 erat.

858 767 937 792 ante
968 763 1206 799 manumissus,
1240 773 1341 801 quam
1372 762 1596 803 productus—-

858 806 1004 846 palmam
1039 806 1132 836 tulit.
1178 806 1198 824 ἢ
1213 806 1355 836 differre.
1389 806 1430 846 Q.
1467 805 1518 836 Fr.
1557 807 1594 837 ii.

859 853 888 879 3.
918 850 1083 889 producet}
1115 850 1183 879 dies
1214 855 1265 880 est
1293 850 1327 879 in
1353 849 1395 880 iv,
1421 849 1468 879 ld.
1498 849 1594 880 Febr.

857 892 1057 923 *extrahere
1086 893 1232 932 aliquem
1249 907 1258 923 ε
1282 894 1382 923 einen
1405 892 1593 923 anshalten.

856 936 974 976 Quint.
999 940 1029 967 8.
1054 937 1299 967 conditionibus
1316 936 1406 966 hunc
1431 937 1596 976 producit.

856 980 928 1010 *de
946 980 1029 1010 filio.
1052 980 1145 1010 Verr.
1171 981 1193 1011 i.
1214 982 1262 1011 12.
1282 990 1320 1010 ex
1351 990 1403 1017 eo,
1421 990 1520 1019 quem
1542 981 1594 1010 sui

856 1022 1066 1053 simillimum
1085 1024 1255 1063 produxit,
1279 1034 1477 1062 cognoscere
1499 1028 1594 1063 pote-

856 1067 927 1097 stis.
961 1067 1036 1107 ²¹²2.
1062 1067 1113 1098 Fr.
1144 1067 1178 1098 ii.
1207 1070 1257 1097 14.
1289 1068 1448 1098 Cicerone
1480 1071 1595 1098 nostru

857 1111 985 1140 minore
998 1111 1210 1149 producendo.
1226 1111 1289 1140 hoc
1304 1121 1371 1141 non
1388 1110 1551 1150 intelligo·

900 1153 1068 1184 Producte
1090 1154 1148 1184 Or.
1163 1157 1217 1186 48.
1234 1165 1309 1194 opp.
1334 1155 1489 1184 breviter.

899 1195 1117 1235 Productum,
1134 1197 1326 1240 προηγμένον,
1344 1198 1415 1228 Fin.
1434 1199 1480 1228 iii.
1497 1198 1547 1229 16.
1562 1208 1592 1231 v-

857 1246 1097 1280 argumentum
1115 1241 1135 1271 l.
1148 1242 1195 1271 iii.
1209 1242 1250 1272 de
1267 1242 1414 1272 Finibus.

899 1283 1074 1324 Profectio.
1109 1285 1244 1316 Cluent.
1267 1288 1321 1316 30.
1350 1285 1508 1326 profectio
1532 1296 1591 1326 pe·-

855 1329 963 1358 cuniae
983 1341 989 1358 ε
1014 1328 1048 1358 h.
1064 1339 1093 1359 e.
1109 1339 1130 1359 a
1154 1339 1220 1368 qno
1236 1329 1315 1359 data
1330 1330 1385 1359 sit.
1407 1329 1449 1359 ad
1462 1330 1538 1360 Div.
1556 1330 1592 1360 ii.

860 1373 910 1402 16.
928 1371 967 1401 de
984 1373 1091 1410 abitu,
1106 1383 1136 1403 v.
1151 1382 1180 1401 c.
1196 1373 1230 1402 in
1246 1373 1384 1403 exilium
1401 1373 1462 1404 &e.

900 1414 1072 1455 Prof'erre,
1114 1417 1257 1446 differre.
1297 1417 1398 1446 Attic.
1433 1417 1502 1447 xiii.
1539 1418 1591 1447 14.

855 1457 961 1489 laxius
979 1459 1132 1499 proferre
1159 1460 1258 1491 diem.
1277 1460 1356 1490 ibid.
1374 1462 1424 1491 12.
1442 1459 1598 1501 proferro

856 1504 1058 1534 auctionem.
1090 1504 1133 1534 cf.
1166 1504 1290 1534 Caecin.
1322 1507 1355 1534 4.
1392 1503 1505 1534 Plane.
1539 1506 1594 1538 20.

857 1546 1048 1585 provehere.
1071 1547 1154 1577 Sull.
1170 1549 1224 1578 23.
1240 1548 1267 1577 si
1279 1547 1409 1586 longius
1426 1558 1503 1578 eum
1515 1558 1593 1588 pro-

856 1591 980 1620 tulisset
997 1591 1115 1629 pietas,
1132 1591 1153 1620 i.
1171 1600 1201 1621 e.
1224 1592 1437 1631 provexisset.
1463 1591 1483 1609 ’5
1497 1592 1592 1622 inve-

857 1634 942 1671 nire,
969 1635 1196 1673 excogitatum
1220 1634 1400 1674 publicare.
1424 1635 1525 1666 Aead.
1549 1635 1595 1665 ἰν.

861 1679 887 1707 l.
911 1687 976 1713 ars,
996 1687 1069 1716 quae
1085 1681 1157 1708 tum
1176 1679 1324 1718 primum
1347 1677 1592 1719 proferebatur.

856 1720 934 1750 Nat.
952 1721 995 1751 D.
1013 1721 1058 1751 iii.
1081 1725 1135 1752 30.
1152 1721 1320 1760 judicium
1339 1724 1489 1762 protulit.
1513 1722 1591 1752 add.

857 1763 1007 1794 Broukh.
1035 1764 1078 1795 ad
1105 1765 1180 1795 Tib.
1211 1766 1232 1795 i.
1266 1768 1314 1795 ll.
1340 1769 1368 1797 l.
1400 1765 1593 1806 *perseum

857 1807 929 1838 Fin.
944 1808 991 1838 iii.
1005 1809 1058 1839 2⁶2.
1082 1819 1185 1848 usque
1197 1809 1240 1839 ad
1251 1819 1369 1848 rogum
1379 1811 1593 1849 protulissset.

855 1852 913 1883 sed
929 1861 959 1880 v.
978 1855 1046 1882 not.

900 1893 1073 1934 Prof'essio.
1107 1895 1179 1926 Att.
1201 1896 1271 1927 xiii.
1301 1899 1354 1927 33.
1379 1896 1485 1926 relata
1510 1906 1591 1936 pro-

842 1937 963 1977 fessio:
1001 1939 1022 1968 i.
1039 1949 1067 1969 e.
1085 1940 1249 1970 bonorum
1277 1940 1311 1970 in
1340 1950 1478 1970 censum
1501 1939 1592 1970 dela-

856 1982 915 2012 tio.
933 1982 975 2012 cf.
990 1982 1088 2013 Arch.
1105 1985 1137 2013 4.

900 2024 1079 2065 Proficcre,
1101 2027 1231 2056 efficere
1264 2027 1322 2057 Or.
1345 2027 1391 2057 iii.
1416 2030 1469 2058 51.
1507 2024 1598 2058 nihil.

850 2069 1009 2108 proficere
1023 2071 1174 2100 oratione
1191 2070 1232 2100 ad
1254 2075 1385 2100 mentes
1400 2071 1593 2102 flectendas.

856 2113 935 2142 ibid.
948 2112 1170 2153 pluspraeficit‚
1184 2113 1321 2153 (neutr.)
1338 2115 1364 2144 si
1381 2115 1588 2154 proponitur.

856 2156 878 2185 i.
895 2166 923 2186 e.
949 2157 1094 2195 prodest.
1119 2157 1161 2186 ad
1182 2158 1254 2188 Att.
1272 2158 1292 2188 i.
1313 2160 1340 2188 1.
1376 2168 1471 2198 spero
1499 2157 1593 2189 nobis

850 2199 977 2240 profic-i.

903 2243 1082 2282 Profiec'soi‚
1111 2244 1246 2274 initium
1275 2244 1394 2274 facere.
1419 2244 1500 2284 Leg.
1518 2244 1540 2275 i.
1558 2245 1590 2274 6.

859 2286 984 2326 placuit
995 2287 1156 2326 proficisci
1172 2298 1191 2317 a
1207 2287 1290 2327 lege.
1315 2288 1385 2317 I'in.
1402 2289 1437 2318 ii.
1459 2291 1505 2318 14.
1515 2293 1594 2327 pro-

845 2330 960 2370 jhc-lus
972 2341 991 2360 a
1007 2331 1156 2361 caritate.
1175 2331 1217 2361 cf.
1237 2332 1281 2361 iii.
1299 2333 1350 2361 21.
1375 2332 1394 2349 ’κ
1411 2332 1499 2361 oriri.
1512 2332 1591 2362 Div.

858 2375 878 2403 i.
895 2377 926 2405 3.
950 2375 1005 2413 qui
1029 2383 1048 2404 a
1063 2374 1198 2404 Zenone
1220 2374 1359 2414 profecti
1373 2381 1453 2405 sunt
1469 2387 1476 2404 :
1514 2374 1546 2405 h.
1563 2384 1594 2405 e.

858 2420 1047 2448 sectatores.
1071 2417 1164 2449 Verr.
1181 2419 1214 2448 ii.
1231 2422 1284 2452 71.
1309 2429 1347 2448 ex
1361 2417 1507 2458 equestri
1522 2418 1596 2448 loco

852 2459 1011 2500 profecta.

904 2503 1072 2544 I'nfiteri,
1089 2504 1198 2543 edere,
1216 2504 1336 2535 dicere.
1361 2505 1455 2536 Verr.
1478 2505 1524 2536 iii.
1542 2505 1596 2536 56.

857 2551 993 2578 tantum
1011 2548 1235 2578 decumanum
1256 2549 1441 2589 professum
1460 2559 1530 2578 csse
1547 2550 1591 2579 si-

859 2591 891 2620 bi
918 2592 1040 2622 deberi.
1059 2592 1158 2621 Arch.
1183 2595 1214 2622 4.
1234 2592 1399 2632 professus
1425 2598 1477 2623 est
1502 2592 1593 2633 apud

860 2635 1039 2665 Prtetorem
1055 2647 1060 2664 ς
1087 2635 1148 2665 int.
1166 2645 1300 2665 nomen.

906 2678 1107 2718 profligare,
1129 2689 1287 2718 magnam
1305 2680 1350 2709 rei
1368 2683 1495 2719 partem
1516 2689 1598 2709 con-

860 2722 968 2751 ficere.
991 2722 1091 2752 Tus-(2
1113 2732 1143 2752 v.
1170 2724 1200 2753 6.
1218 2722 1483 2763 profligalajam
1507 2733 1598 2762 quoe-

858 2766 923 2795 stio
954 2770 1018 2803 est,
1045 2773 1079 2796 et
1110 2776 1204 2805 paene
1231 2766 1273 2796 ad
1295 2768 1423 2797 exitum
1441 2767 1597 2797 adducta.

860 2809 953 2840 Prov.
971 2810 1070 2839 Cons.
1090 2812 1139 2840 14.
1163 2814 1332 2849 oporteret
1347 2811 1387 2840 ab
1404 2810 1521 2840 eodem
1539 2810 1598 2840 illa

859 2853 984 2890 omnia,
1002 2863 1022 2883 a
1046 2862 1112 2891 quo
1137 2853 1320 2894 profligata
1350 2859 1444 2891 sunt,
1474 2853 1596 2886 confici

859 2895 956 2934 velle.
972 2896 1016 2932 cf.
1031 2896 1074 2928 ad
1090 2897 1166 2929 Div.
1185 2897 1242 2930 xii.
1263 2900 1317 2932 30,
1334 2896 1422 2931 conf,
1444 2897 1524 2931 ibid.
1546 2899 1593 2941 ¹4?
