1920 3196
243 81 327 119 456

273 175 523 217 hilosophorum
547 185 618 206 mos
639 178 782 208 tenuiter
797 176 987 207 disserendi.

249 188 323 252 inv.
340 221 372 250 ii.
396 221 443 250 16.
473 219 529 249 sed
554 219 611 249 illa
628 222 768 258 tenuius,
786 221 939 251 subtilius
957 225 990 250 et

253 265 386 294 acutius
410 270 611 293 tractantur.
643 264 736 294 Vei-r.
759 265 792 294 ii.
811 265 861 295 (35.
893 265 991 294 ninii-

252 317 311 338 um
329 309 469 337 tenuiter
485 313 684 346 argumenta
699 307 829 347 colligo.

300 351 408 381 Tei-cs.
437 351 493 380 Or.
512 351 555 379 iii.
574 352 626 381 5⁶2.
661 351 758 391 plena
774 358 806 381 et
823 356 904 381 teres
920 361 991 381 ora-

252 394 313 425 tio.
331 395 431 424 ducta
444 394 637 433 metaphora
650 400 701 424 est
715 405 734 424 a
750 395 906 425 membris
921 405 992 425 cor-

255 439 342 479 poris
361 438 514 468 humanis
532 437 747 475 mooun-ntis,
763 446 795 468 et
814 438 890 468 hinc
905 445 991 468 tere-

255 483 358 518 tibus,
372 492 444 520 quae
459 482 491 510 in
507 482 620 520 primis
634 482 770 520 pulchra
785 488 882 512 sunt:
903 482 991 511 unde

254 526 376 555 toi-etia
392 524 537 561 brachia,
555 531 677 554 teretes
699 526 840 555 cervices
856 525 992 555 laudau-

255 572 322 599 tur.
351 574 433 599 feres
455 569 558 607 igitur
580 569 686 598 oratio
710 575 772 606 est,
794 579 866 608 quae
891 569 991 598 habet

254 613 385 652 copiam
398 622 521 648 reruni,
531 615 564 640 et
577 612 763 649 verborum,
774 618 808 642 et
816 622 991 642 ornamen-

254 660 381 693 torum,
400 666 504 694 neque
524 659 636 684 tamen
655 656 806 693 nimiam,
822 666 863 686 ne
879 661 992 686 tumor

254 705 491 738 consequatur,
515 709 580 737 quo
606 700 797 737 accedente,
821 704 859 729 ut
888 710 990 730 nwnl-

252 743 351 774 brum
378 743 410 772 in
436 752 585 782 corpore,
606 743 652 772 sic
676 744 781 773 oratio
804 743 935 774 tumida
957 747 991 773 et

255 786 413 817 deformis
442 787 490 816 tit.
521 786 608 816 *012
633 791 663 820 9.
695 788 775 826 Opt.
802 796 877 826 gen.
904 786 935 816 d.
959 789 990 817 4.

255 840 351 861 aures
375 834 499 866 teretes,
523 830 682 860 dicuntur
705 834 825 868 acutae,
843 830 884 859 ad
900 830 992 869 judi-

255 874 400 905 candum
420 873 459 903 de
476 874 624 903 oratione
642 878 731 913 apta.

302 917 546 956 Termi-erratio.
581 926 640 956 pro
667 917 880 947 cunctatione
911 927 991 957 qua-

253 962 313 992 vis.
329 961 401 991 Mil.
419 964 471 991 920.

301 1004 505 1035 Derminare.
537 1004 630 1034 offic.
650 1004 697 1034 iii.
714 1007 766 1034 33.
795 1004 883 1034 bona
898 1004 991 1034 volu-

278 1052 346 1078 tate
360 1050 538 1079 terminare
550 1061 556 1077 ι
578 1048 610 1078 h.
620 1059 648 1077 e.
660 1048 693 1077 in
704 1047 876 1087 voluptate
889 1048 990 1078 finem

254 1059 432 1128 gomorum,
451 1101 621 1122 summum
637 1092 762 1121 bonum
780 1101 914 1131 ponere.

300 1135 510 1173 Terminatio,
532 1136 617 1164 finis.
648 1135 719 1165 Fin.
743 1145 770 1164 v.
800 1138 848 1165 10.
880 1136 991 1165 termi-

253 1182 342 1211 natio
358 1189 468 1210 rerum
486 1178 758 1218 expetendarum.
779 1178 835 1209 Or.
853 1182 904 1210 53.
926 1183 990 1209 ter·

254 1225 387 1254 ηιιῖηαίίο
407 1224 551 1260 aurium,
569 1223 589 1252 i.
607 1233 635 1252 e.
651 1232 818 1252 mensura.

299 1267 523 1303 Terminntus‚
542 1276 716 1297 numerose
733 1265 864 1296 cadens.
895 1267 988 1297 Orat.

251 1312 282 1343 5.
314 1311 420 1341 oratio
437 1312 624 1341 teo-minam.

298 1354 529 1396 Terripavinm
546 1359 580 1384 et

295 1398 545 1438 Twripzcdium,
563 1397 644 1437 quid
658 1398 726 1428 sit?
746 1407 776 1426 ν.
793 1397 869 1428 Div.
886 1397 919 1427 ii.
936 1399 988 1427 34.

296 1442 528 1479 Tcrrz'torz‘um,
567 1452 645 1482 ager
682 1441 754 1472 urbi
793 1441 987 1472 attributus.

251 1483 337 1517 Phil.
355 1487 389 1516 ii.
406 1489 458 1517 40.
488 1487 589 1516 aratri
613 1495 745 1515 vomere
770 1489 900 1523 portam
926 1485 987 1514 Ca-

247 1540 324 1572 puae
350 1540 443 1570 paene
465 1529 698 1570 perstrinxisti,
716 1533 753 1558 ut
771 1528 918 1558 florentis
935 1538 988 1558 co-

249 1572 349 1604 loniae
377 1576 574 1604 territorium
604 1575 822 1603 minueretur.
848 1582 877 1602 v.
901 1573 987 1612 inpr.

249 1617 388 1648 Salmas.
405 1618 445 1648 ad
462 1617 620 1647 Pollionis
637 1627 710 1647 xxx.
726 1621 788 1656 tyr.
806 1626 837 1656 p.
854 1619 928 1649 317.

295 1661 488 1698 Ter-uncins,
507 1662 567 1690 int.
582 1670 717 1696 numus,
733 1661 797 1690 fuit
812 1660 891 1689 olim
908 1669 987 1698 qua-

250 1704 362 1742 drans,
380 1706 434 1744 qui
459 1711 527 1734 tres
547 1705 625 1736 assis
644 1706 759 1734 uncias
783 1704 986 1733 continebat.

247 1748 290 1779 ad
312 1749 386 1779 Div.
406 1749 439 1778 ii.
463 1752 510 1782 17.
534 1748 603 1778 Att.
623 1749 663 1777 vi.
679 1750 709 1779 ΞΖ.
734 1748 811 1777 hinc
828 1748 985 1786 quoniam

247 1796 321 1823 tota
343 1792 509 1823 hereditas
537 1801 607 1822 asse
634 1792 853 1831 significatur,
878 1802 917 1820 ex
941 1795 986 1821 te-

247 1837 362 1866 runcio
375 1836 479 1866 heres.
504 1836 571 1866 Att.
586 1836 639 1865 vii.
654 1837 684 1865 ⁶2.
710 1841 809 1871 esset,
820 1835 876 1873 qui
890 1845 987 1874 quar-

249 1883 318 1909 tam
347 1886 477 1920 partem
505 1880 641 1919 accipit,
664 1889 705 1909 ex
732 1882 841 1908 vetere
866 1879 895 1908 vi
919 1884 985 1909 ter-

248 1923 354 1954 uncii.
386 1924 447 1953 Sed
461 1928 605 1960 constat,
620 1923 789 1952 Ciceronis
805 1927 904 1952 aetate
919 1926 986 1952 ter-

249 1968 341 1998 uncii
375 1967 466 1997 illam
498 1967 794 2006 significationem,
817 1976 882 2004 qua
906 1977 987 2005 qna-

248 2010 402 2041 drantem
428 2010 557 2041 valebat
577 2011 610 2040 in
635 2011 763 2040 ratione
787 2010 984 2047 denariaria,

248 2054 407 2085 abolitam
432 2054 545 2091 fuisse,
563 2059 596 2084 et
620 2054 653 2083 in
678 2054 893 2090 sestertiaria„
912 2064 985 2092 quae

248 2098 450 2135 invaluerat,
483 2099 611 2128 ratione
642 2098 743 2127 fuisse
775 2098 986 2136 quadragesi-

249 2152 340 2172 mam
363 2148 489 2182 partem
516 2142 674 2178 sestertii,
692 2147 729 2171 ut
746 2144 821 2170 ante
847 2141 985 2172 denarii.

248 2186 400 2216 Sestertii
433 2189 545 2215 autem
576 2190 650 2215 tuni
683 2190 827 2224 quatuor
858 2185 985 2215 assibus

247 2236 355 2260 erant.
381 2228 476 2259 lieres
493 2239 571 2268 ergo
593 2239 632 2258 ex
657 2230 802 2258 {cruneio
823 2235 873 2258 est
890 2229 984 2259 heres

247 2282 288 2304 ex
313 2273 411 2303 uncia
427 2278 460 2303 et
477 2273 623 2312 quinque
642 2272 829 2312 scriptulis:
855 2273 917 2302 nisi
934 2280 984 2302 ta-

248 2317 375 2346 meniu
389 2326 421 2346 re
435 2316 632 2345 hereditaria
648 2317 770 2345 mansit
789 2323 882 2345 vetus
901 2317 984 2346 razio

246 2359 417 2398 loquendi.
445 2360 483 2389 Et
498 2360 580 2389 illud
599 2360 639 2388 ad
658 2360 731 2388 biv.
751 2360 783 2389 ii.
807 2363 854 2392 17.
870 2364 983 2389 terun-

246 2405 332 2435 cium
360 2413 425 2433 non
454 2404 564 2442 affigit
593 2404 781 2441 quisquan»,
806 2407 855 2432 est
878 2403 985 2433 forma

246 2446 418 2486 loquendi,
442 2458 481 2476 cx
507 2447 652 2485 antiquis
677 2447 881 2485 temporibus
909 2447 984 2476 reli-

246 2501 325 2530 qua,
350 2501 416 2530 qua
438 2491 660 2529 significatur,
679 2489 818 2526 nullam,
838 2500 898 2520 nec
922 2491 983 2520 mi-

244 2535 371 2565 nimam
403 2538 545 2573 partem,
563 2543 764 2573 quemquam
789 2535 926 2574 cepisse.
950 2545 980 2564 ν.

245 2577 388 2608 Gronov.
405 2578 488 2607 sesi.
507 2578 539 2607 ii.
561 2581 587 2607 l.

289 2622 424 2660 Tesqua.
437 2621 554 2659 fragm.
567 2622 684 2650 incert.
694 2625 775 2650 tom.
785 2621 828 2650 ix.
840 2631 872 2660 p.
887 2623 955 2651 14-1..
965 2632 982 2651 e

243 2665 340 2697 Festo
351 2665 420 2694 loca
439 2675 554 2704 aspera
563 2669 595 2694 ct
609 2664 768 2699 difficilia,
781 2674 879 2703 quem
898 2665 981 2694 vide.

289 2708 468 2739 Tessernla.
500 2709 557 2738 Or.
582 2708 628 2738 iii.
646 2710 697 2737 473.
730 2715 778 2737 est
798 2708 927 2747 lapillus
946 2709 978 2739 iu

242 2754 449 2793 pavimento,
463 2752 550 2782 unde
565 2762 646 2792 opus
659 2751 771 2781 tessell
783 2755 879 2789 «ium,
893 2752 981 2791 qnod

241 2797 331 2827 idem
353 2805 403 2826 est
427 2806 504 2826 vum
530 2795 766 2825 vermiculato:
792 2795 831 2825 de
849 2806 913 2834 quo
932 2797 983 2825 in-

238 2840 301 2872 fra.
335 2841 473 2869 Salmas.
492 2840 532 2869 ad
549 2840 651 2869 Solin.
670 2849 701 2879 p.
721 2842 795 2871 854.
825 2839 902 2871 add.
919 2839 982 2872 Ca-

235 2885 329 2917 anub.
347 2883 390 2916 ad
405 2883 543 2916 Suetou.
561 2884 645 2915 Caes.
661 2885 715 2917 47.

758 89 903 118 1NDEx
942 85 1077 115 LATIN
1084 91 1238 120 [TATIS.

1079 179 1188 216 Testa,
1205 177 1332 218 tegula,
1349 178 1486 209 imbrex.
1513 177 1614 209 Dom.
1628 180 1681 210 23.
1708 187 1767 209 ne-

1033 232 1096 261 que
1112 222 1167 251 illa
1182 231 1298 251 manns
1312 223 1414 262 copiae
1429 222 1581 252 Catilinae
1596 223 1769 253 caementie

1033 275 1071 295 ac
1098 267 1184 296 testis
1210 269 1374 295 tectorum
1403 275 1552 295 meorum
1580 275 1614 296 se
1640 266 1764 296 famem

1033 319 1127 338 suam
1144 309 1331 348 expleturas
1347 313 1562 349 putaverunt.

1079 351 1364 383 Testamentarius.
1398 352 1566 391 subjector
1585 356 1766 382 testamen-

1033 395 1072 431 ti,
1090 395 1210 425 falsarii
1229 405 1344 435 genus.
1376 397 1440 426 Off.
1458 397 1504 425 iii.
1526 399 1574 426 18.
1607 396 1694 425 Sext.
1716 398 1770 429 17.

1033 439 1052 456 ’ἓ
1063 439 1154 469 verr.
1178 439 1199 468 i.
1216 441 1268 469 42.
1299 439 1348 469 lex
1373 441 1629 470 testamentaria.
1646 449 1676 469 v.
1693 438 1767 470 ind.

1033 482 1136 521 Legg.
1154 482 1221 512 Lex
1240 482 1401 513 Cornelia.

1078 525 1111 556 T
1109 528 1207 556 estara'
1222 526 1261 556 de
1275 526 1385 563 factis,
1399 536 1456 566 pro
1468 530 1629 556 testatum
1647 524 1768 556 facere.

1034 569 1115 598 Sull.
1148 572 1193 599 14.
1225 570 1288 600 nisi
1316 570 1457 610 publicis
1484 570 1699 600 monimentis
1722 573 1768 599 te·

1032 617 1138 642 suctus
1153 622 1269 643 essem.

1080 655 1196 693 Testes,
1214 656 1373 687 testiculi.
1404 657 1445 687 ad
1461 657 1536 687 Div.
1555 655 1598 686 ix.
1616 657 1668 687 22.

1077 699 1241 729 Testiculz'.
1268 699 1416 730 Herenn.
1433 701 1478 730 iii.
1493 702 1544 730 ⁶20.
1570 710 1628 739 pro
1644 702 1768 736 scroto,

1034 752 1195 773 crumena
1224 747 1364 780 scortea,
1387 754 1404 773 e
1429 743 1513 783 pelle
1545 744 1767 773 testimclormn

1033 787 1264 824 arietinorum,
1281 797 1381 826 quam
1405 796 1480 816 reus
1500 786 1641 825 fingitur
1654 790 1769 815 tenere

1033 830 1142 860 medio
1154 840 1199 860 sc.
1217 830 1334 869 digito,
1348 831 1388 860 ad
1403 830 1657 870 significandam
1675 829 1770 859 here-

1033 873 1187 910 ditatem,
1204 874 1297 912 cujus
1322 884 1421 904 causa
1444 882 1571 903 veneno
1594 873 1768 903 hominem

1033 917 1191 947 occidisse
1208 917 1370 956 arguitur.
1395 917 1446 947 Ita
1462 921 1550 947 reete
1569 917 1768 956 interpreta-

1032 966 1087 992 tus
1114 966 1164 990 est
1193 961 1377 991 Politianus
1405 961 1546 992 Miscell.
1577 970 1605 990 c.
1632 960 1684 991 62.
1713 960 1769 990 Sic

1032 1014 1085 1043 ap.
1116 1004 1210 1034 Varr.
1232 1005 1272 1035 R.
1289 1005 1327 1035 R.
1345 1005 1391 1034 iii.
1414 1008 1461 1039 17.
1491 1005 1600 1034 vesica
1617 1013 1675 1043 pro
1692 1013 1768 1033 cru-

1033 1057 1132 1077 mena
1148 1058 1165 1078 e
1181 1049 1307 1078 vesica:
1331 1059 1395 1087 quo
1412 1058 1533 1087 genere
1550 1048 1653 1078 etiam
1669 1046 1770 1078 hodie

1033 1094 1178 1121 utuntur
1192 1091 1323 1132 plebeii.
1339 1102 1367 1122 v.
1384 1092 1427 1122 ibi
1445 1091 1622 1121 GesneruS.

1077 1135 1270 1175 Testg‘ficarz',
1293 1136 1435 1166 testibus
1459 1135 1615 1165 adhibitis
1637 1133 1768 1164 tabulae

1032 1181 1066 1208 et
1094 1179 1297 1219 syngraphas
1327 1179 1450 1216 faeere,
1473 1178 1615 1209 testibus
1646 1178 1767 1208 confir-

1033 1232 1136 1260 mare,
1152 1227 1315 1253 testatum
1333 1222 1453 1253 facere.
1483 1223 1601 1263 Quint.
1617 1222 1648 1252 6.
1677 1223 1767 1252 testi-

1019 1267 1164 1306 ficatur,
1191 1266 1371 1305 Quintium
1403 1275 1469 1296 non
1499 1267 1635 1296 stitisse.
1664 1265 1766 1296 Tusc.

1031 1320 1061 1339 v.
1083 1313 1130 1340 11.
1154 1310 1350 1350 testgflcare's,
1365 1309 1444 1348 quid
1460 1310 1612 1340 dixerim.
1630 1309 1766 1339 cluent.

1031 1356 1084 1384 51.
1108 1353 1213 1384 voluit
1225 1353 1392 1394 testificari
1406 1354 1465 1384 ἃς.
1479 1353 1543 1383 vid.
1558 1353 1767 1384 Hotomann.

1031 1397 1072 1427 ad
1098 1397 1215 1437 Quint.
1243 1398 1273 1427 6.
1307 1397 1455 1437 Sylvium
1472 1398 1513 1427 ad
1545 1396 1679 1426 Cluent.
1712 1399 1765 1428 51.

1032 1441 1191 1471 Passerat.
1212 1441 1254 1471 ad
1272 1441 1394 1471 Caeoin.
1414 1442 1464 1471 16.
1488 1443 1619 1471 *testes
1636 1441 1765 1470 invoco.

1030 1485 1071 1514 ad
1088 1485 1162 1515 Div.
1179 1485 1246 1515 viii.
1268 1485 1316 1515 16.
1339 1486 1429 1516 Deos
1445 1484 1663 1523 hominesque
1680 1484 1768 1514 testi-

1017 1528 1117 1568 ficor.

1075 1572 1280 1612 Testg'fieatio,
1299 1575 1350 1601 est
1371 1571 1536 1601 confectio
1558 1570 1765 1609 tabularum,

1030 1626 1103 1655 quae
1129 1617 1270 1646 testibus
1294 1615 1449 1646 adhibitis
1474 1616 1523 1646 fit.
1554 1615 1688 1646 Muren.
1711 1616 1766 1647 24.

1030 1660 1086 1690 ubi
1104 1670 1133 1690 v.
1159 1660 1266 1690 Graev.

1074 1703 1186 1740 Testis,
1203 1714 1261 1743 pro
1285 1707 1420 1733 auctore
1436 1712 1649 1742 quocunque,
1666 1711 1691 1732 s.
1707 1701 1766 1732 ad-

1028 1747 1239 1787 stipulatore,
1257 1753 1307 1777 est
1323 1747 1418 1777 Offie.
1436 1747 1482 1777 iii.
1500 1749 1552 1781 29.
1577 1745 1766 1786 philosophi

1029 1792 1209 1829 affirmant,
1234 1801 1375 1830 quorum
1407 1795 1518 1820 testem
1548 1799 1615 1820 non
1639 1789 1767 1820 medio-

1029 1834 1268 1865 crem—nolite
1282 1844 1392 1874 quaeso
1405 1835 1602 1874 vituperare.
1616 1834 1670 1864 Sic
1680 1833 1767 1864 dixit

1028 1884 1062 1909 et
1078 1879 1216 1909 Ovidius
1241 1879 1320 1908 Her.
1340 1878 1415 1908 xvii.
1436 1880 1506 1909 1⁶24.
1530 1883 1606 1909 teste
1623 1877 1706 1908 Dea.

1075 1923 1224 1958 Testuda,
1249 1922 1340 1952 locus
1370 1928 1636 1958 concameratus‚
1659 1919 1764 1950 sorni-

1029 1971 1134 1996 catus.
1161 1967 1253 1996 Brut.
1268 1968 1320 1997 22.
1345 1965 1439 1995 illum
1453 1966 1486 1995 in
1505 1966 1647 2004 quadam
1666 1969 1764 1995 testu-

1028 2011 1102 2040 dLne
1117 2019 1192 2039 cum
1211 2010 1311 2040 servis
1334 2009 1475 2039 literatis
1496 2012 1764 2039 commentatum

1028 2053 1140 2083 fuisse.
1158 2053 1198 2083 ad
1210 2054 1250 2093 Ω
1267 2053 1315 2082 Fr.
1330 2053 1376 2083 iii.
1395 2056 1420 2083 1.
1437 2064 1466 2084 e.
1482 2056 1509 2084 1.
1531 2053 1705 2083 honestate
1718 2056 1765 2082 te-

1027 2099 1166 2129 studinis
1181 2097 1357 2127 obtinebit.

1074 2141 1178 2171 Teter.
1211 2140 1363 2170 crudelis.
1387 2140 1487 2170 Tusc.
1504 2140 1526 2169 i.
1542 2142 1595 2170 40.
1627 2139 1662 2169 in
1685 2148 1765 2169 eum

1028 2184 1136 2214 fuerat
1152 2186 1346 2215 teterrimus.
1376 2184 1419 2214 ib.
1438 2184 1515 2217 ii.7.
1548 2185 1623 2213 tetri
1637 2183 1767 2213 crucia-

1027 2233 1093 2259 tus.
1117 2229 1135 2246 ²*
1148 2229 1264 2258 foedus.
1288 2228 1365 2258 Nat.
1383 2228 1425 2257 D.
1445 2228 1477 2257 ii.
1496 2229 1547 2259 56.
1575 2231 1656 2257 teter
1673 2226 1777 2261 edors.

1027 2272 1045 2290 ²*
1058 2273 1178 2311 turpis,
1194 2271 1269 2301 odio
1293 2271 1425 2311 dignus.
1457 2271 1498 2300 ad
1519 2271 1584 2311 Qu.
1610 2270 1661 2301 Fr.
1680 2270 1714 2300 ii.
1731 2270 1765 2301 6.

1027 2316 1056 2345 ei
1073 2321 1140 2345 tres
1164 2317 1337 2346 teterrimoe
1359 2315 1537 2344 sententiae
1561 2314 1765 2344 defuerunt:

1028 2360 1048 2389 i.
1061 2370 1090 2389 e.
1104 2360 1277 2390 hominum
1290 2359 1394 2388 trium
1407 2358 1677 2399 turpissimorum
1689 2366 1767 2387 sen-

1026 2404 1155 2433 tentiae.

1072 2447 1383 2483 Tet1·a‹lraelmmm,
1424 2449 1568 2484 quatuor
1612 2443 1763 2481 denarii3

1027 2500 1103 2519 nam
1115 2489 1273 2520 drachma
1285 2489 1463 2529 respondet
1476 2489 1622 2518 denario.
1634 2487 1675 2517 ad
1686 2487 1766 2521 Div.

1026 2535 1081 2563 xii.
1112 2537 1158 2564 13.
1191 2533 1295 2563 ternis
1329 2533 1581 2564 ten-adraclmn's
1609 2532 1764 2561 triticum

1026 2578 1115 2616 apud
1138 2577 1346 2607 Dolabellam
1371 2581 1433 2607 est.
1456 2586 1486 2606 v.
1511 2576 1654 2606 Gronov.
1678 2574 1766 2606 Sest.

1026 2622 1071 2650 iii.
1089 2624 1119 2651 4.
1144 2626 1177 2651 et
1196 2620 1327 2650 Manut.
1344 2620 1384 2650 ad
1400 2620 1422 2650 l.
1438 2630 1466 2650 c.
1483 2619 1558 2650 add.
1576 2619 1718 2649 Gronov.
1729 2621 1768 2651 et.

1026 2664 1155 2694 Duker.
1182 2664 1221 2694 ad
1237 2664 1307 2694 Liv.
1325 2664 1433 2695 xxxiv.
1452 2665 1503 2694 52.

1071 2708 1265 2743 sko-archa,
1291 2711 1342 2737 est
1365 2717 1502 2744 nomen,
1526 2705 1613 2746 quod
1637 2705 1766 2735 tribue·

1025 2752 1122 2781 batur
1147 2753 1199 2789 iis,
1214 2752 1334 2790 quibos
1359 2752 1494 2780 nomine
1518 2750 1609 2789 regio
1628 2749 1679 2779 uti
1696 2756 1765 2783 nou

1024 2795 1159 2832 licebat,
1173 2797 1234 2825 etsi
1253 2801 1348 2824 erant
1365 2795 1530 2833 dignitate
1547 2797 1582 2823 et
1597 2795 1769 2833 potestate.

1025 2840 1128 2878 regia,
1162 2840 1208 2875 (et
1239 2838 1373 2877 quidem
1406 2838 1536 2878 proprie
1567 2841 1656 2873 tum,
1683 2844 1764 2865 cum

1025 2883 1219 2914 obtinerent
1231 2887 1364 2924 partem
1379 2882 1475 2922 regni
1485 2882 1521 2913 in
1533 2885 1676 2921 quatuor
1686 2888 1766 2922 par·
