1985 3206
249 73 330 111 218

413 168 469 198 Or.
497 167 517 197 i.
547 166 599 196 56.
629 171 761 194 erctum
790 165 882 201 cieri,
908 165 928 195 i.
956 175 985 194 c.

248 212 417 243 distribui.
451 211 508 240 scd
539 209 578 238 de
607 216 700 237 creto
725 217 751 238 s.
775 207 891 237 herr-to
916 210 984 237 cito

250 257 337 287 infra
354 257 386 285 in
404 261 533 285 erctum
552 253 716 282 dim-mus.
763 252 922 281 Ceterum
943 262 982 281 ex

249 300 312 331 hoc
331 300 403 329 loco
416 298 563 327 concidit
580 301 653 325 tota
666 294 818 324 Salmasii
834 295 983 334 disputa-

248 345 297 374 tio
312 343 353 373 ad
379 342 529 373 Solinum
550 339 588 368 ‹le
611 349 690 368 voce
708 339 828 375 citum,
855 339 888 367 in
906 337 961 367 illo
975 361 981 367 .

250 388 406 418 heretum
440 386 556 414 citum.
587 394 619 422 p.
652 386 726 416 891.
785 382 832 411 Ex
874 391 982 421 graeco

252 430 319 468 κίω,
340 431 359 459 i.
377 440 405 458 c.
422 427 540 470 πορεύω,
559 427 600 456 ad
612 425 853 455 ambulandum
869 435 984 464 provo-

252 484 304 509 co,
324 479 421 513 putat
438 482 507 500 esse
528 472 624 504 ciere,
641 475 676 498 et
701 469 780 498 hinc
803 469 920 505 citare,
939 468 985 497 ci-

570 513 633 542 Sed
665 513 699 542 in
725 512 786 542 hoc
815 512 899 541 citus
919 512 983 551 pri-

251 571 341 591 mam
374 569 444 589 esse
477 558 620 587 brevem.
681 556 730 586 Ab
758 555 822 585 alia
851 556 980 593 origine

252 614 322 633 esse
340 604 426 632 citus
443 612 503 641 pro
521 601 654 631 divisus.
700 600 788 630 Nam
806 599 841 628 in
857 609 897 628 ea
913 599 983 638 pri-

251 658 341 678 mam
367 656 436 676 esse
461 644 596 684 longam
621 643 709 682 quod
725 643 829 672 etiam
850 643 981 672 videba-

251 696 311 721 tur
338 689 509 729 Stephano
543 694 575 718 et
602 688 798 718 Burmanno
828 686 870 716 ad
892 686 983 724 Virg.

253 736 332 766 AEn.
357 734 423 762 viii.
449 733 523 762 13⁴2.
549 732 605 762 ubi
637 731 792 761 Donatus
825 731 901 759 citae
934 730 984 758 in-

252 782 460 818 terpretatus
485 782 535 805 est
561 775 686 805 divisae.
731 774 810 804 Esse
827 778 941 803 autem
966 783 985 802 a

253 822 369 852 Graeeo
395 820 492 849 vni-bo
509 818 599 858 σχῖω,
616 828 675 857 pro
694 827 759 856 quo
779 821 813 847 et
830 816 929 856 σχίζω
944 820 984 846 ut

252 864 344 908 πρίω,
369 863 471 906 πρίζω.
518 863 580 892 Pro
604 860 682 901 σχῖω
705 871 775 891 esse
799 867 832 890 et
855 859 928 899 χῖω,
946 867 984 890 ut

253 907 392 950 σφαιρίζω
417 913 448 936 ct
473 905 605 948 φαιξίζω.
632 906 708 934 hinc
726 905 788 942 cio,
806 904 893 934 unde
911 903 984 933 her-

254 957 345 982 ctum
392 952 510 986 citum,
556 949 794 989 patrimonium
840 947 983 977 divisum

256 997 316 1026 &aa
363 995 444 1025 Ha’c
478 994 612 1032 quidam
644 998 819 1031 tamquam
851 990 986 1021 oracula

254 1040 361 1069 secuti
392 1043 482 1067 sunt.
522 1038 570 1066 Ex
607 1036 679 1066 loco
717 1041 831 1065 nostro
860 1034 982 1064 falsum

256 1093 327 1112 esse
356 1086 507 1122 apparet,
529 1081 634 1110 citum
653 1080 687 1109 in
716 1087 846 1109 erctum
875 1078 981 1108 citum

255 1137 326 1156 esse
351 1137 370 1156 a
393 1126 455 1154 cio.
480 1129 529 1154 cst
546 1125 636 1154 enim
660 1128 791 1153 erctum
808 1123 897 1158 cieri,
916 1131 982 1151 non

254 1171 325 1200 ciri.
370 1170 508 1199 Veteres
533 1168 687 1197 dicebant
712 1168 775 1196 cieo
798 1173 833 1196 et
856 1166 918 1195 cio.
942 1165 982 1195 ab

254 1214 312 1244 illo
329 1214 415 1242 citus
431 1213 518 1242 brevi
536 1212 655 1251 prima,
678 1211 718 1240 ab
735 1211 797 1240 hoc
813 1211 899 1240 citus
917 1209 984 1248 pri-

256 1268 313 1288 ma
337 1256 449 1295 longa,
470 1255 528 1285 sed
543 1255 659 1285 eadem
684 1255 725 1284 vi.
771 1254 825 1284 Sic
842 1255 876 1283 in
894 1263 984 1282 com-

297 168 376 198 (Vico.

251 523 322 553 tus,
339 527 398 556 pro
425 515 522 544 celer.

254 1317 384 1357 positis,
402 1319 439 1345 ut
454 1320 561 1355 poetae
579 1315 701 1345 docent
717 1314 828 1352 latini,
852 1300 982 1346 excitus

256 1379 291 1404 et
308 1362 449 1410 excitus,
468 1372 508 1402 ab
531 1370 657 1407 excieo,
674 1369 770 1406 illud,
785 1369 848 1399 hoc
873 1370 913 1400 ab
928 1380 984 1399 ex-

257 1418 320 1448 cio.
367 1418 558 1454 Utrumque
577 1420 625 1443 est
640 1420 841 1450 commotus,
859 1414 982 1444 excita-

255 1467 326 1499 tus,
342 1465 550 1502 provocatus.
596 1458 735 1487 Eretum
762 1458 845 1487 ciere
869 1462 983 1488 autem

258 1512 395 1536 nonest
421 1504 552 1545 proprie
575 1501 734 1538 dividere,
752 1501 809 1530 sed
835 1511 912 1531 cum
936 1511 985 1531 er-

257 1556 365 1586 ctum,
388 1549 420 1578 h.
448 1559 477 1577 e.
505 1551 543 1577 ut
571 1544 657 1574 infra
686 1545 985 1581 demonstrabitur,

258 1594 357 1630 bona,
376 1602 449 1631 quae
472 1591 596 1621 aedibus
614 1599 641 1618 v.
659 1599 687 1618 c.
706 1589 853 1628 paternis
878 1590 986 1618 conti-

260 1637 427 1666 nebantur
443 1641 477 1666 et
493 1640 666 1672 tamquam
686 1632 898 1668 acerbantur,
916 1643 985 1661 mo-

258 1686 356 1710 vetur
379 1680 450 1709 loco
465 1689 525 1708 suo
550 1683 585 1707 et
601 1676 773 1712 dividitur,
787 1675 934 1714 adeoque
953 1677 987 1706 in

260 1724 341 1754 alias
358 1723 444 1754 aedes
456 1722 588 1752 transit.

307 1768 494 1803 Cincinmts,
530 1765 588 1794 Or.
615 1763 661 1793 iii.
689 1765 741 1794 25.
767 1763 799 1792 in
827 1765 987 1793 ‹iticinnis

260 1812 401 1841 oratoris
412 1816 470 1840 aut
480 1812 587 1849 po'e'tae
603 1806 739 1844 offendi,
753 1807 792 1836 de
808 1817 987 1837 ornamen-

259 1856 303 1885 tis
322 1855 433 1884 nimiis
450 1859 483 1883 et
496 1851 671 1883 affectatis.

309 1897 531 1934 (incontritus,
564 1896 644 1926 Nat.
675 1895 718 1924 D.
749 1894 783 1923 ii.
811 1897 840 1924 5.
878 1893 984 1924 stellae

261 1943 463 1973 cim-innam.

310 1985 441 2016 Cinnas.
466 1984 522 2013 Or.
541 1983 586 2012 iii.
605 1983 634 2012 6.
668 1983 782 2015 cirinus
799 1981 986 2011 amborum.

260 2029 301 2059 de
318 2039 439 2068 genere
458 2027 588 2058 dicendi
605 2026 727 2062 medio,
743 2024 832 2064 quod
843 2025 891 2054 ita
907 2025 987 2053 dici-

260 2079 330 2109 tur,
346 2073 424 2112 quia
440 2072 582 2101 mixtum
597 2076 647 2099 est
662 2079 679 2098 e
695 2069 791 2098 tenui
808 2072 842 2097 et
858 2068 988 2107 magni-

262 2118 336 2146 fico.
383 2116 441 2145 Est
460 2116 549 2144 enim
575 2116 702 2149 cinnas,
719 2118 757 2142 ut
771 2112 902 2142 Nonius
919 2119 987 2140 tra—

263 2160 325 2197 dit,
344 2159 534 2189 commistio
561 2158 796 2197 plurimorum,
819 2155 908 2185 unde
925 2155 988 2184 eti-

265 2214 318 2233 am
337 2203 480 2242 potionis
497 2212 600 2240 genus
626 2211 666 2230 ex
683 2200 832 2240 pluribus
849 2198 991 2237 liquido-

266 2257 340 2277 rum
369 2246 544 2286 generibus
571 2245 724 2281 mistum,
757 2242 846 2282 quod
879 2243 985 2272 Graeci

263 2290 404 2327 κυκεῶνα,
428 2290 483 2329 qui
505 2299 525 2319 a
546 2290 649 2328 κυκᾷν,
669 2288 819 2323 miscere,
840 2292 990 2323 vocatur,

263 2334 393 2368 dicunt.
411 2333 499 2373 apud
516 2332 658 2362 eundem
670 2331 817 2361 Nonium
835 2335 867 2359 et
886 2330 990 2359 Arno-

263 2378 355 2407 bium
379 2377 498 2407 (invius
515 2377 647 2406 dicitur.
695 2375 784 2405 Hinc
801 2374 990 2404 Gatakerus

264 2420 482 2452 Miscellanea
498 2431 523 2450 s.
541 2419 737 2450 Adversaria
759 2428 820 2448 sua
848 2418 990 2448 cinnum

265 2465 446 2504 inscripsit.
464 2475 493 2494 ν.
513 2468 583 2493 not.
602 2462 622 2492 l.
641 2474 668 2492 c.

314 2509 478 2539 circuitio.
518 2506 561 2537 N.
588 2507 630 2536 D.
656 2507 690 2536 ii.
719 2508 768 2539 17.
804 2506 993 2534 circuitione

265 2552 408 2590 quadam
426 2553 514 2582 Deos
522 2549 623 2580 tollit.
634 2549 765 2580 barbari
778 2548 927 2578 dicerent
940 2549 991 2577 in-

265 2596 390 2625 directe
401 2605 425 2624 s.
438 2605 497 2634 per
509 2594 724 2624 indirectum.
741 2592 802 2622 *in
820 2592 993 2622 rhetoricis

264 2639 343 2678 quid
359 2639 415 2674 sit,
428 2649 456 2668 v.
470 2638 511 2667 ad
527 2637 676 2667 Herenn.
693 2638 735 2666 iv.
751 2638 803 2666 32.

314 2683 484 2712 (iv-cuitus.
509 2682 566 2712 Or.
584 2681 630 2710 iii.
662 2683 713 2710 51.
748 2680 905 2709 circuitus
921 2687 993 2707 ver-

263 2726 380 2756 borum
399 2733 448 2755 est
467 2724 631 2765 periodus.
649 2724 690 2753 cf.
707 2724 763 2753 Or.
791 2725 843 2754 23.
860 2722 919 2751 &c.

313 2770 486 2807 (ironicus,
505 2779 535 2806 a,
554 2777 623 2798 um.
652 2765 786 2797 Cornel.
804 2767 825 2796 i.
848 2765 994 2795 circuitis

264 2814 391 2844 rostris.

313 2856 487 2894 arculam,
512 2855 608 2886 Brut.
638 2856 690 2885 54.
708 2853 814 2893 judex
830 2854 993 2884 circulans

773 77 819 104 IN
826 77 919 104 DEX
949 78 1083 105 LA'rlN
1090 78 1206 105 1TAT1
1213 78 1246 105 S.

1029 169 1092 201 ost,
1128 165 1184 203 qui
1217 166 1249 195 in
1277 165 1348 205 ipso
1382 166 1524 205 judicio,
1548 166 1628 197 dum
1656 177 1756 198 causa

1028 209 1189 238 continua
1218 209 1370 238 oratione
1411 211 1535 248 agitur,
1569 212 1689 249 surgit,
1721 217 1757 241 et

1028 262 1104 281 cum
1137 252 1326 281 hominibus
1356 254 1520 292 consistit,
1548 260 1582 284 et
1616 254 1756 285 circulos

1027 295 1120 332 facit,
1139 295 1351 334 colloquitur.

1077 340 1270 369 (fii-culator.
1294 340 1335 369 ad
1352 340 1428 370 Div.
1454 351 1483 370 x.
1502 343 1554 370 3⁵2.
1579 343 1757 371 circulator

1028 383 1238 419 auctionum,
1277 391 1328 413 cst
1368 384 1665 421 circumforaneus,
1698 386 1755 423 qui

1028 436 1103 455 cum
1123 426 1243 455 scrutis
1265 431 1300 456 et
1322 427 1469 465 undique
1494 428 1641 458 collectis
1669 438 1756 458 mer-

1028 469 1119 498 cibus
1136 469 1208 498 fora
1224 470 1307 507 obit,
1335 476 1369 500 et
1387 478 1561 510 congestas
1580 482 1629 501 res
1650 473 1758 501 aucti·

1027 513 1145 541 onibus
1163 513 1288 543 vendit.
1343 513 1467 544 Eodem
1495 515 1592 544 modo
1617 517 1757 545 cir-rula-

1027 560 1109 585 tores
1121 556 1281 586 dicuntur
1298 558 1416 587 medici
1443 558 1710 589 circumforanci.
1726 569 1756 589 ν.

1026 599 1126 629 Salm.
1140 599 1180 629 atl
1193 600 1296 630 Solin.
1317 612 1348 641 p.
1368 604 1442 635 739.
1461 612 1489 631 a.
1507 602 1546 631 G.

1077 644 1236 680 (imulas,
1261 649 1444 674 conventus
1471 646 1620 684 privatus
1650 646 1758 676 homi-

1028 696 1110 716 num
1145 687 1355 726 colloquendi
1403 699 1512 718 causa.
1561 691 1618 720 Or.
1652 691 1672 719 i.
1704 693 1757 720 34.

1029 740 1262 769 quemcunque
1296 732 1572 771 patremfamilias
1599 734 1756 773 arripuis-

1028 774 1107 803 setis
1125 785 1164 804 ex
1182 775 1292 813 aliquo
1307 777 1438 805 circulo.
1457 776 1535 805 ibid.
1550 780 1601 807 38.
1630 788 1706 806 cum
1722 777 1756 806 in

1029 819 1147 847 civ-rulo
1164 818 1330 857 decipiare
1347 819 1523 848 adversarii
1541 820 1681 859 alicujus
1699 821 1757 849 sti-

1028 861 1271 901 pulatiuncula.
1295 861 1389 891 Balb.
1403 863 1455 893 26.
1481 863 1515 892 in
1529 864 1687 893 conviviis
1706 873 1757 893 ro-

1029 904 1127 941 dunt,
1146 906 1179 934 in
1197 907 1326 935 circulis
1341 905 1509 935 vellicant.

1076 948 1215 979 Circum.
1241 950 1360 989 Quint.
1385 951 1415 979 6.
1447 959 1565 988 pueros
1581 950 1705 979 circum
1721 959 1756 979 a·

1029 993 1131 1022 mic-os
1156 992 1311 1029 dimittit,
1335 1003 1364 1021 v.
1383 993 1544 1022 Passerat.
1562 993 1603 1022 ad
1624 993 1656 1023 h.
1673 993 1694 1023 l.
1712 993 1755 1023 ef.

1028 1036 1100 1066 Att.
1117 1037 1184 1065 viii.
1203 1041 1234 1070 9.
1249 1037 1307 1066 ἃς.
1331 1036 1424 1066 Verr.
1442 1037 1463 1066 i.
1481 1037 1534 1067 36.
1557 1038 1681 1066 circum
1699 1047 1757 1076 pe-

1029 1080 1085 1109 des
1103 1080 1253 1109 homines
1269 1079 1406 1109 formosi
1422 1085 1455 1109 et
1472 1079 1608 1110 literati.
1627 1080 1666 1110 de
1689 1090 1757 1110 ser—

1029 1124 1088 1160 vis,
1099 1124 1176 1162 quia
1186 1123 1255 1153 scil.
1267 1124 1301 1153 in
1316 1124 1472 1153 conviviis
1486 1123 1527 1153 ad
1540 1123 1639 1163 pedes
1652 1129 1756 1154 stant.

1077 1168 1325 1203 (sir-cznaewidere,
1349 1167 1477 1197 tollere,
1497 1167 1567 1196 Fin.
1587 1168 1607 1197 i.
1629 1171 1677 1198 13.
1693 1169 1758 1198 cir-

1027 1212 1232 1251 cumcisaque
1250 1212 1414 1240 inanitate
1437 1212 1529 1240 omni
1541 1216 1575 1240 et
1590 1220 1712 1242 errore.

1076 1256 1353 1285 (22'1-cnnn·n›·sm·e.
1399 1254 1440 1284 ad
1476 1255 1552 1284 Div.
1576 1255 1630 1284 vii.
1659 1258 1685 1285 1.
1717 1260 1758 1285 ut

1028 1304 1157 1328 nostras
1175 1298 1304 1328 villulas
1332 1298 1422 1328 obire
1440 1303 1474 1327 et
1489 1298 1590 1328 simul
1623 1309 1757 1329 mecum

1029 1341 1149 1372 lectica
1164 1344 1427 1372 circumcursare
1445 1351 1567 1381 posses.

1077 1385 1303 1426 (ircunqflare.
1326 1386 1419 1415 Verr.
1436 1386 1482 1414 iii.
1500 1388 1552 1416 41.
1569 1386 1675 1416 ventis
1686 1396 1759 1416 om-

1029 1430 1127 1459 nibus
1145 1429 1276 1459 iuvidiae
1293 1428 1508 1469 circumflari.

1080 1473 1329 1513 (Tiri-cungfluerffl
1348 1472 1530 1502 abundare.
1554 1472 1648 1502 Verr.
1666 1472 1712 1502 iii.
1725 1475 1757 1504 4.

1030 1517 1127 1547 rebus
1158 1518 1312 1547 omnibus
1332 1515 1570 1556 circumfluere.
1595 1515 1676 1546 Lael.
1707 1519 1756 1547 15.

1029 1561 1182 1591 omnibus
1196 1561 1298 1600 copiis
1311 1560 1551 1601 circumfluere.
1571 1560 1642 1590 Att.
1656 1560 1689 1589 ii.
1704 1562 1757 1591 21.

1028 1604 1257 1644 circumfluere
1274 1604 1389 1643 gloria.

1079 1648 1374 1687 Circzmgsbraneus.
1407 1646 1541 1677 Cluent.
1572 1649 1621 1677 14.
1659 1646 1759 1686 phar—

1032 1691 1204 1732 macopola
1218 1691 1507 1731 circumforaneus.
1525 1690 1591 1720 vid.
1618 1690 1759 1721 Salmas.

1032 1736 1072 1765 ad
1099 1736 1201 1765 Solio.
1227 1739 1301 1770 739.
1331 1735 1509 1773 Menagius
1537 1734 1759 1765 Amoen..1ur.

1031 1790 1058 1809 c.
1077 1783 1129 1810 35.
1155 1779 1225 1809 Att.
1241 1780 1274 1809 ii.
1301 1783 1328 1809 l.
1353 1789 1417 1809 aere
1434 1777 1690 1817 circumfiwaneo
1705 1788 1760 1808 me

1032 1824 1231 1859 obruerunt,
1260 1823 1281 1853 i.
1298 1833 1328 1853 e.
1351 1832 1414 1852 aere¹
1432 1822 1541 1851 alieno
1557 1822 1618 1851 sub
1634 1821 1759 1851 foenore

1031 1872 1155 1897 sumto.
1201 1867 1300 1896 Ratio
1326 1865 1458 1896 dicendi
1482 1865 1558 1895 inde
1576 1865 1678 1895 ducta
1694 1869 1759 1903 est,

1031 1911 1119 1949 quod
1135 1911 1279 1949 pecunia
1294 1911 1401 1940 omnis
1419 1910 1533 1939 Romae
1552 1909 1585 1938 in
1603 1909 1675 1938 foro
1691 1913 1760 1938 tra-

1031 1954 1198 1991 ctabatur,
1225 1955 1281 1984 ubi
1304 1953 1392 1993 apud
1415 1953 1622 1991 argentarios
1639 1952 1761 1992 deponi

1030 1997 1158 2027 solebat
1174 2008 1193 2027 a
1205 1997 1394 2034 ditioribus,
1408 1997 1465 2035 qui
1483 1996 1522 2026 de
1540 2005 1668 2032 mensa,
1685 2005 1759 2026 raro

1031 2041 1070 2070 de
1099 2051 1175 2070 arca
1198 2041 1381 2071 solvebant.
1419 2040 1485 2070 vid.
1501 2050 1531 2069 V.
1549 2050 1577 2069 c.
1594 2038 1761 2069 Budaeum

1032 2085 1073 2114 ad
1090 2085 1191 2114 Paud.
1205 2095 1236 2124 p.
1253 2095 1298 2115 m.
1322 2085 1390 2118 196.

1081 2128 1294 2169 Circunejicio.
1333 2126 1549 2167 complector.
1587 2124 1626 2156 de
1659 2126 1760 2156 Univ.

1034 2175 1064 2203 8.
1092 2172 1224 2201 animus
1242 2183 1261 2202 a
1276 2171 1387 2202 medio
1404 2170 1586 2211 profectus,
1602 2170 1763 2199 extremi-

1032 2220 1140 2245 tatem
1166 2215 1239 2245 coeli
1264 2226 1283 2245 a
1307 2224 1465 2254 suprema
1484 2214 1619 2252 regione
1643 2218 1761 2243 rotun-

1035 2259 1076 2289 do
1111 2259 1241 2289 ambitu
1275 2256 1486 2298 circumjecit.
1525 2258 1601 2288 Div.
1633 2257 1667 2286 ii.
1705 2259 1759 2287 28.

1035 2302 1123 2341 quod
1139 2304 1257 2342 anguis
1275 2302 1364 2332 domi
1381 2306 1512 2331 vectem
1535 2298 1763 2341 circumjectus

1031 2347 1160 2376 suisset.
1459 2364 1461 2366 -

1082 2390 1272 2420 Circumire.
1308 2388 1380 2418 Att.
1410 2389 1475 2418 xiv.
1500 2390 1552 2419 21.
1587 2388 1764 2417 circumire

1034 2438 1221 2469 veteranoS,
1234 2442 1280 2462 sc.
1297 2431 1435 2471 rogandi
1451 2441 1562 2462 eausa.
1576 2441 1606 2460 v.
1623 2431 1763 2460 circum.

1036 2478 1078 2507 cf.
1096 2477 1136 2506 ad
1153 2477 1228 2506 Div.
1244 2487 1274 2506 x.
1292 2478 1344 2506 30.
1367 2475 1386 2493 ²*
1402 2476 1474 2505 Att.
1490 2475 1559 2505 xiii.
1574 2476 1627 2505 ι20.
1653 2475 1708 2513 qui
1725 2484 1760 2504 se

1034 2521 1139 2550 totius
1169 2519 1249 2549 belli
1279 2519 1435 2549 fluctibus
1463 2520 1644 2556 circumiri,
1661 2528 1763 2557 quam

1037 2564 1134 2594 illum
1151 2563 1306 2603 progredi
1324 2562 1455 2592 maluit.

1085 2608 1315 2637 Circumlzecio.
1340 2607 1398 2636 Or.
1421 2606 1442 2636 i.
1459 2609 1512 2637 38.
1536 2606 1764 2637 circumluvz‘o-

1036 2661 1114 2681 num
1127 2652 1140 2690 j
1146 2660 1218 2680 ura.

1086 2694 1346 2733 Circumplccttrr,
1371 2692 1566 2732 amplector.
1585 2692 1671 2722 Phil.
1694 2692 1766 2722 xiii.

1037 2741 1067 2769 5.
1092 2738 1246 2768 Univers.
1264 2741 1294 2771 7.
1322 2737 1362 2767 de
1390 2737 1454 2766 hoc
1481 2736 1581 2765 verbo
1597 2746 1628 2766 v.
1646 2736 1762 2766 Heius.

1038 2786 1073 2812 et
1090 2781 1205 2811 Burm.
1219 2781 1260 2810 ad
1276 2781 1368 2820 Virg.
1382 2780 1458 2810 AEn.
1475 2789 1504 2808 v.
1521 2781 1596 2810 312.

1087 2826 1309 2864 (iv-campum.
1340 2824 1417 2855 Div.
1446 2823 1480 2852 ii.
1511 2824 1564 2854 28.
1590 2823 1614 2853 si
1644 2823 1763 2862 anguis

1037 2873 1168 2899 vectem
1184 2868 1500 2909 circumplicavisset.
