1985 3206
270 97 351 133 252

267 202 300 232 p.
325 201 370 222 m.
389 194 440 223 5⁶2.
465 197 499 223 ct
515 193 604 232 Lips.
628 193 668 223 ad
682 194 790 224 Tacit.
809 196 846 224 Α.
865 195 919 224 xii.
938 197 991 226 24.

267 236 379 266 Divin.
398 236 417 265 i.
440 239 486 270 17.
514 236 616 266 lituus
641 247 717 266 cum
742 238 824 267 situs
849 244 935 267 esset
957 239 990 268 in

264 281 359 308 curia
383 279 556 309 Saliorum.
608 280 706 310 Curia
729 281 894 311 Saliorum
918 291 991 321 pro-

264 322 355 351 fecto
384 323 430 351 nil
460 329 510 352 est
537 322 627 353 aliud
653 324 715 354 nisi
741 324 840 361 a‘des,
865 324 897 354 in
926 335 991 363 qua

265 366 481 395 convenirent
510 366 602 403 Salii,
629 377 704 396 cum
736 378 829 397 sacra
856 368 989 405 facturi,

263 413 337 438 tum
366 408 438 437 aliis
465 410 503 438 de
530 410 625 439 rebus
652 411 730 439 suis.
763 414 793 440 3.
824 418 874 441 ost
899 411 989 440 locus

264 452 391 481 consilii
417 452 552 491 publici,
570 454 624 483 ubi
650 456 790 483 Senatus
814 455 989 484 convenie-

263 495 332 531 bat,
346 496 412 524 sive
427 497 561 525 nomine
575 497 675 526 ducto
689 497 728 526 ab
746 497 801 527 illo
816 499 990 527 curiarum

263 548 397 576 genere,
421 538 461 568 (le
485 550 549 577 quo
573 547 651 569 :inte
675 540 801 570 «lictum
827 546 890 577 est,
909 542 988 578 sive,

261 582 350 619 quod
382 591 447 611 uon
478 589 588 613 essent
619 584 658 613 ab
689 585 727 613 iis
759 585 906 621 (lixvrsze,
932 585 989 614 sed

261 625 543 662 quemadmodum
574 627 605 656 in
631 627 757 667 templa
781 637 988 666 quaecunque

261 668 424 706 Deorum,
451 669 496 698 sic
527 670 560 698 in
592 670 676 699 :edes
708 671 857 710 publicas
886 672 988 700 curia?

260 712 488 751 cujuscunque
512 714 683 743 convocari
701 715 843 743 Senatus
860 719 985 754 posset,

259 765 462 794 quamquain
495 756 577 786 illud
607 758 725 787 verius.
763 757 850 787 Nam
882 757 985 787 Varro

258 798 381 828 diserte
419 799 484 828 duo
522 809 645 838 genera
682 802 853 830 cem-iarum
890 801 984 837 facit,

256 851 377 879 unum,
404 843 436 872 in
460 852 525 881 quo
549 853 599 873 res
623 843 753 881 divitur,
774 844 931 881 alterum,
949 845 983 873 in

257 896 323 923 quo
335 885 490 916 humanae
504 897 521 916 a
534 888 659 916 Senatu
677 893 865 925 agerentur.
885 887 982 917 Certe

256 929 371 959 Romae
388 939 454 959 non
471 940 538 959 una
555 933 648 960 curia
665 931 836 960 Senatoria
850 931 928 967 fuit,
945 936 983 960 ut

256 971 289 1001 in
318 974 439 1002 nostris
467 974 612 1003 urbibus.
648 975 724 1004 Div.
753 975 787 1003 ii.
813 978 843 1008 9.
883 974 983 1004 Caria

255 1015 413 1055 Pompeia
425 1022 647 1046 memoratur:
663 1017 721 1047 sed
734 1028 772 1047 ea
786 1022 859 1057 post
873 1018 981 1047 Caesa-

255 1060 297 1089 ris
316 1064 456 1089 mortem
473 1061 643 1090 obstructa
659 1067 722 1097 est,
739 1066 825 1090 teste
843 1062 982 1090 sueton.

255 1102 289 1132 in
314 1103 396 1132 Caes.
422 1106 472 1133 83.
500 1109 534 1134 et
558 1112 671 1133 tamen
695 1109 812 1143 postea
834 1114 920 1143 saepe
942 1105 981 1134 tit

257 1145 364 1176 Curioe
401 1147 542 1184 mentio,
575 1153 608 1177 et
638 1153 799 1186 praeterea
836 1147 981 1177 Hostilia

251 1189 391 1228 aliaeque
416 1196 656 1220 memorantur.
702 1190 740 1220 In
765 1191 900 1220 urbibus
921 1201 979 1220 au-

250 1238 319 1262 tem
341 1233 600 1272 municipalibus
615 1238 650 1263 et
666 1234 788 1263 Grsccis
805 1244 892 1264 unus
909 1244 979 1263 cer-

248 1280 303 1305 tus
321 1276 411 1306 locus
426 1277 504 1314 fuit,
521 1287 594 1316 quae
610 1278 702 1307 curia
720 1277 906 1313 dicebatur,
921 1278 978 1307 Gr.

248 1319 456 1362 βουλευτήξιον,
488 1326 623 1350 auctore
655 1322 725 1360 ipso
752 1321 911 1350 Cicerone
943 1321 977 1350 in

248 1362 407 1393 verrinis.
438 1363 502 1393 Sed
524 1365 596 1393 κατ’
621 1363 723 1403 ἐξοχὴν
744 1369 859 1394 tamen
883 1365 977 1394 curia

249 1406 371 1436 dicitur
396 1417 447 1443 ea,
473 1417 545 1445 quae
570 1416 641 1437 erat
668 1409 701 1436 in
727 1407 810 1444 foro,
834 1418 853 1437 a
877 1407 975 1438 Tullo

248 1450 394 1480 Hostilio
417 1451 456 1480 ad
475 1451 648 1480 comitium
667 1455 830 1481 extructa.
856 1451 896 1480 de
913 1452 975 1482 hac

248 1493 364 1523 Cicero
378 1493 483 1523 Flacc.
499 1496 551 1524 24.
576 1494 769 1534 speculatur
779 1499 879 1533 atque
890 1495 976 1525 obsi-

246 1536 302 1566 det
322 1545 428 1567 rostra
445 1538 562 1567 vindex
579 1538 793 1575 temeritatis,
810 1543 844 1567 et
863 1538 975 1568 mode—

245 1581 347 1610 ratrix
365 1581 476 1616 oflicii,
499 1581 608 1611 Clu-ia.
632 1581 710 1611 hinc
726 1582 854 1621 tropice
871 1583 972 1612 etiam

244 1625 382 1663 ponitur
403 1635 462 1664 pro
486 1625 557 1664 ipso
580 1624 720 1661 Senatu,
738 1630 873 1654 auctore
901 1626 970 1655 Cic.

243 1667 301 1697 Or.
321 1668 366 1698 iii.
383 1670 434 1698 42.
462 1671 480 1688 ²¹¹²
493 1669 550 1698 Or.
569 1669 588 1698 i.
602 1672 633 1701 Τ.
657 1672 788 1698 tantam
808 1669 840 1697 in
855 1669 972 1699 Crasso

242 1710 489 1741 humanitatem
513 1711 627 1748 fuisse,
642 1716 693 1748 ut,
710 1722 787 1741 cum
811 1711 895 1741 lauti
920 1723 972 1742 ac-

243 1755 449 1789 cubuissent,
464 1754 639 1784 tolleretur
661 1755 769 1785 omnis
794 1755 851 1785 illa
874 1766 972 1795 supe-

242 1798 336 1828 rioris
355 1799 493 1828 tristitia
508 1798 686 1828 sermonis:
712 1808 816 1837 eaque
833 1804 919 1830 esset
936 1800 970 1829 in

240 1840 375 1871 homine
386 1841 594 1880 jucunditas,
606 1847 640 1871 et
652 1845 767 1872 tantus
781 1843 814 1872 in
825 1843 970 1879 jocando

241 1883 344 1924 lepos,
362 1890 399 1915 ut
425 1885 492 1915 dies
516 1885 604 1915 inter
621 1895 675 1914 eos
692 1886 793 1915 eurioe
809 1885 908 1915 fuisse
923 1887 969 1915 vi-

239 1928 387 1965 deretur,
410 1929 599 1958 convivium
632 1928 825 1958 Tusculani.
855 1930 968 1968 Sigon.

239 1971 279 2000 de
297 1973 374 2002 Ant.
392 1972 464 2001 Jur.
483 1972 519 2002 C.
536 1972 575 2002 R.
593 1972 626 2002 ii.
643 1975 673 2002 3.
692 1976 776 2002 cxtr.
796 1976 894 2012 putat
919 1983 968 2002 re-

238 2015 322 2055 spici
341 2016 381 2045 ad
402 2015 679 2045 consuetudinem
704 2016 895 2054 curialium,
910 2017 965 2055 qui

239 2059 338 2089 certis
356 2059 470 2088 diebus
484 2060 686 2088 interessent
697 2059 811 2095 sacris,
824 2069 897 2099 quae
910 2070 969 2099 per

239 2102 418 2132 Curionem
444 2112 503 2142 pro
526 2104 620 2132 curia.
637 2103 775 2132 fierent:
801 2103 889 2141 quod
905 2113 966 2142 ego

237 2154 305 2174 non
322 2146 426 2185 capio.
451 2146 531 2176 Dies
548 2147 646 2175 cnrioe
662 2150 712 2175 est
725 2145 794 2175 dies
810 2147 965 2184 Senatus,

238 2188 287 2217 vel
311 2189 467 2228 legitimi,
483 2188 536 2218 vel
559 2195 654 2218 extra
676 2189 827 2218 ordinem
845 2199 966 2220 convo-

236 2233 313 2261 cati.
360 2234 474 2262 Sermo
495 2232 605 2262 fuerat
629 2232 669 2261 de
693 2232 863 2272 republica
877 2234 966 2263 inter

236 2276 402 2315 principes
425 2276 582 2313 civitatis,
600 2275 693 2314 isque
708 2285 840 2306 severus
857 2280 890 2306 et
905 2277 966 2306 tri-

236 2320 309 2356 stis,
327 2319 432 2359 qualis
455 2319 554 2355 foret,
571 2319 597 2349 si
622 2319 657 2348 in
681 2319 752 2359 ipso
774 2320 901 2349 Senatu
917 2320 978 2349 di·—

235 2363 361 2392 ,xis-sent
378 2363 417 2392 de
432 2363 537 2392 tantis
550 2363 664 2392 rebus:
691 2363 843 2401 sequitur
855 2364 966 2392 convi-

235 2407 326 2436 vium
344 2406 562 2436 nihilominus
579 2405 695 2443 hilare,
713 2406 809 2445 quale
827 2406 878 2436 vel
894 2416 965 2436 ina-

236 2449 323 2479 xime
347 2460 417 2480 esse
440 2449 524 2479 solet
546 2450 581 2479 in
603 2449 701 2486 villis,
719 2450 751 2479 in
776 2460 856 2488 quas
881 2449 964 2480 rela-

234 2493 334 2522 xandi
351 2494 455 2523 animi
471 2502 571 2522 causa
585 2492 781 2523 secedimus.

283 2536 434 2566 Citrialis.
452 2536 547 2566 Offic.
559 2537 594 2566 ii.
607 2539 655 2567 18.
675 2536 849 2566 Cimonem
860 2536 963 2566 Athe-

232 2580 282 2609 nis
322 2580 423 2610 etiam
462 2580 495 2610 in
524 2581 665 2610 curiales
696 2589 771 2609 suos
803 2579 962 2609 Laciadas

230 2623 431 2664 hospitalem
462 2623 573 2653 fuisse.
609 2622 755 2653 curiales
778 2632 843 2652 non
867 2627 960 2660 sunt,

234 2672 271 2697 ut
302 2667 476 2697 Manutius
510 2667 765 2706 interpretatur,
797 2665 959 2707 φξάτοςεςε

230 2711 266 2739 in
290 2720 387 2749 quem
408 2720 553 2740 errorem
570 2710 728 2739 inductus
744 2715 807 2745 est,
823 2710 911 2747 quod
927 2715 961 2738 et

230 2754 290 2784 hos
307 2755 446 2784 curiales
461 2754 674 2793 interpretari
697 2753 810 2783 Latini
828 2751 935 2782 solent
955 2764 962 2781 :

231 2807 292 2827 nec
316 2797 458 2836 φυλέτας,
483 2801 522 2827 ut
552 2796 718 2834 Nizolius,
741 2795 799 2825 sed
821 2792 961 2833 δημότας.

229 2840 316 2870 Nam
344 2839 452 2878 aazia,
475 2850 500 2870 S.
524 2837 678 2875 aanlassm,
705 2848 771 2868 non
797 2837 863 2868 fuit
887 2844 961 2879 φρα-

229 2883 320 2926 τςείιι,
355 2884 412 2919 sed
451 2881 549 2924 δῆμος,
586 2882 728 2924 populus
766 2881 817 2912 vel
855 2891 960 2922 pagus

772 107 918 135 INDEX
949 107 1245 136 LA’rlNlTA'rls.

1036 195 1142 224 tribus
1168 192 1288 235 (φυλῆς)
1314 192 1428 228 οἷνηΐδος
1462 197 1507 235 (v.
1532 196 1646 227 Potter
1669 197 1768 229 Areh.

1036 239 1092 267 Gr.
1117 238 1137 267 i.
1153 242 1183 271 9.
1215 248 1247 277 p.
1272 237 1338 276 51.)
1375 238 1491 277 Itaque
1515 249 1595 278 quos
1611 245 1645 271 ct
1663 252 1767 281 popu-

1037 281 1119 310 lares
1135 281 1245 311 Latini
1262 288 1393 318 vocant,
1412 283 1526 312 Cicero
1543 283 1575 313 h.
1591 283 1612 314 l.
1624 287 1766 315 curiales

1035 329 1142 353 vocat.

1082 367 1244 397 (furiatus.
1275 367 1353 405 Agr.
1370 367 1402 397 ii.
1424 371 1471 398 ll.
1505 369 1640 400 Curiam
1662 371 1766 400 comi-

1034 411 1082 439 tia
1106 417 1238 440 tantum
1265 411 1484 450 auspiciorum
1510 423 1610 442 causa
1633 423 1763 443 reman-

1033 459 1160 483 serunt.
1211 453 1348 483 Coeriata
1371 456 1507 485 comitia
1530 462 1622 493 sunt,
1642 457 1759 495 quibus

1034 508 1073 526 cx
1089 497 1244 526 instituto
1260 497 1392 527 Romuli
1409 508 1466 537 per
1482 500 1592 529 curia.»-
1608 500 1764 539 suffragia

1033 540 1198 569 seruntur.
1244 541 1295 570 De
1331 541 1369 570 iis
1400 549 1449 571 est
1482 542 1572 572 locus
1606 542 1760 573 classicus

1033 583 1110 621 Agr.
1138 584 1171 612 ii.
1191 587 1239 613 10.
1268 587 1315 613 11.
1347 586 1393 614 12.
1425 584 1463 614 111
1487 586 1525 614 iis
1545 585 1668 615 fiebant
1684 587 1762 615 ado-

1034 627 1176 665 ptiones,
1193 632 1228 656 et
1251 633 1397 666 potestas
1423 629 1468 657 rvi
1487 628 1639 658 militaris
1656 629 1762 659 admi-

1027 670 1207 699 nistrandae
1225 670 1375 700 dabatur.
1398 673 1475 709 Agr.
1492 672 1524 701 ii.
1551 676 1598 702 11.
1621 672 1689 702 Lex
1706 684 1763 703 ea>-

1026 714 1127 742 riam.
1153 723 1181 742 v.
1201 713 1273 743 lnd.
1300 714 1366 744 LL.
1398 714 1468 744 Att.
1486 715 1520 745 ii.
1537 719 1567 749 7.
1599 716 1680 754 legis
1704 727 1761 747 cu-

1026 757 1122 785 riatoe
1151 757 1314 796 auspices,
1339 762 1430 793 sunt,
1455 759 1508 796 qui
1542 759 1575 788 in
1607 761 1754 799 auspicio

1027 805 1153 836 essent,
1171 799 1250 829 dum
1268 800 1317 829 lcx
1336 802 1469 829 curiata
1485 801 1638 832 ferretur.

1072 842 1257 872 Curias-itas.
1289 843 1360 873 Att.
1386 844 1419 873 ii.
1438 848 1467 874 Β.
1497 854 1572 874 sum
1598 846 1630 874 in
1647 847 1756 875 curio-

1025 887 1120 915 sitate
1136 885 1282 923 ὀξύπεινος.

1072 929 1235 964 Curiosus,
1253 930 1286 959 in
1311 929 1395 959 bono
1415 934 1449 959 et
1474 930 1562 960 malo
1585 940 1683 961 sensu
1701 942 1757 961 oc-

1024 973 1138 1002 currit.
1168 973 1268 1002 Dom.
1296 975 1345 1002 1⁶3.
1379 973 1458 1011 quid
1481 978 1551 1003 tam
1575 976 1753 1013 curiosam,

1023 1026 1122 1054 quam
1147 1025 1187 1045 ea
1209 1016 1290 1045 scire
1309 1015 1404 1052 velle,
1419 1017 1458 1045 de
1475 1018 1593 1056 quibus
1611 1019 1750 1055 majores

1023 1059 1127 1088 nostri
1152 1068 1207 1088 vos
1230 1059 1315 1088 solos
1340 1060 1423 1089 scire
1447 1066 1481 1090 et
1497 1062 1626 1091 consuli
1642 1062 1753 1091 volue-

1023 1110 1113 1132 runt.
1149 1102 1189 1131 cf.
1216 1101 1321 1132 Flacc.
1348 1104 1400 1136 ⁶29.
1439 1103 1509 1133 Fin.
1534 1104 1568 1134 ii.
1597 1109 1628 1138 9.
1661 1114 1754 1144 repe-

1022 1146 1105 1175 riam
1123 1145 1259 1182 multOS,
1272 1155 1339 1175 non
1353 1151 1424 1176 tam
1440 1148 1590 1184 curiusos,
1605 1157 1665 1177 nec
1679 1155 1750 1178 tam

1020 1188 1190 1225 molestos,
1209 1199 1308 1227 quam
1332 1199 1388 1219 vos
1412 1190 1503 1226 estis,
1521 1191 1639 1229 quibus
1659 1192 1751 1230 quic-

1020 1232 1099 1270 quid
1115 1232 1227 1269 velim,
1242 1232 1339 1262 facile
1359 1233 1588 1272 persuadeam.
1613 1233 1655 1264 ad
1674 1235 1747 1265 Div.

1019 1276 1064 1305 iii.
1084 1279 1110 1304 l.
1137 1275 1236 1305 homo
1251 1285 1317 1305 non
1333 1276 1441 1306 solum
1458 1276 1618 1316 prudens,
1633 1288 1748 1309 verum

1019 1319 1134 1355 ctiam,
1151 1318 1239 1357 quod
1256 1320 1366 1357 juvet,
1383 1321 1538 1350 curiosus.
1567 1321 1610 1350 ib.
1634 1322 1676 1350 iv.
1699 1325 1745 1352 13.

1017 1363 1170 1391 curiosam-
1185 1362 1226 1391 ad
1243 1363 1525 1401 investigandum.
1544 1364 1622 1394 ibid.
1634 1364 1701 1396 viii.
1720 1368 1750 1395 1.

1017 1406 1152 1435 tametsi
1178 1410 1230 1442 tu,
1255 1407 1336 1442 scio,
1354 1416 1453 1444 quam
1481 1407 1524 1436 sis
1541 1408 1697 1444 curiosus,
1714 1414 1749 1439 et

1017 1459 1118 1487 quam
1134 1449 1289 1478 omnibus
1308 1450 1596 1489 peregrinantibus
1611 1455 1745 1490 gratum

1015 1492 1071 1529 sit,
1104 1493 1320 1522 minimarum
1356 1502 1486 1531 quoque
1515 1503 1639 1531 rerum,
1671 1505 1746 1534 quae

1016 1535 1105 1565 domi
1130 1541 1301 1575 gerantur,
1319 1536 1389 1566 fierl
1414 1537 1581 1567 certiores.
1605 1537 1703 1568 Tusc.
1719 1539 1744 1569 i.

1014 1582 1068 1610 45.
1100 1585 1151 1608 est
1174 1579 1208 1609 in
1232 1579 1324 1609 omni
1347 1579 1486 1610 historia
1500 1582 1651 1610 cariosus.
1676 1582 1696 1611 i.
1714 1592 1744 1612 e.

1013 1632 1147 1653 omnen]
1174 1623 1347 1652 historiam
1371 1633 1448 1653 cum
1469 1634 1549 1654 cura
1564 1623 1746 1664 diligenter

1013 1666 1182 1696 tractavit.

1061 1709 1210 1739 Currere.
1247 1709 1319 1739 Att.
1349 1709 1371 1740 i.
1401 1711 1454 1741 520.
1492 1711 1617 1750 pedarii
1648 1721 1744 1742 sena·

1011 1757 1100 1783 tores
1124 1753 1246 1793 raptim
1264 1753 1299 1782 in
1315 1763 1389 1783 eam
1405 1755 1610 1785 sententiam
1626 1765 1742 1785 cucur-

1000 1800 1141 1832 ‘vi-unt.

1058 1840 1277 1869 Curricultmz.
1302 1839 1384 1870 Phil.
1403 1841 1457 1870 vii.
1478 1843 1508 1871 3.
1533 1842 1738 1872 curriculum

1010 1883 1182 1913 industriae
1195 1889 1317 1913 nostrae
1330 1884 1364 1913 in
1374 1883 1446 1914 foro
1458 1884 1517 1913 &c.
1533 1884 1740 1915 elaboratum

1009 1930 1071 1956 cst.
1102 1927 1235 1956 Muren.
1266 1928 1317 1957 522.
1348 1937 1425 1957 cum
1454 1932 1489 1956 te
1513 1927 1552 1957 de
1576 1929 1741 1959 curriculo

1010 1970 1181 2009 petitionis
1212 1970 1408 2001 deflexisses.
1448 1970 1536 2000 conf.
1575 1970 1656 2000 Lael.
1691 1974 1739 2003 1⁶2.

1008 2013 1121 2043 Rabir.
1153 2013 1246 2042 Perd.
1271 2015 1301 2044 2.
1332 2023 1385 2042 me
1410 2024 1448 2043 ex
1465 2015 1651 2044 constituto
1666 2025 1739 2054 spa-

1007 2057 1054 2086 tio
1075 2056 1275 2086 defensionis
1293 2057 1327 2086 in
1343 2057 1516 2087 semihorae
1533 2060 1739 2088 cmo-iculum

1008 2100 1157 2139 coegisti.
1198 2100 1282 2129 Cato
1315 2103 1363 2130 ll.
1404 2100 1474 2130 haec
1505 2106 1585 2131 sunt
1613 2102 1740 2132 exerci-

1007 2144 1152 2173 tationes
1173 2143 1312 2182 ingenii,
1330 2143 1400 2173 haec
1415 2145 1583 2174 curricula
1601 2146 1737 2176 mentis.

1006 2187 1100 2216 Orat.
1132 2190 1162 2217 3.
1197 2196 1249 2216 me
1273 2194 1523 2217 oratorem—ex
1549 2187 1738 2219 Academiae

1007 2231 1121 2270 spatiis
1146 2230 1305 2260 extitisse.
1337 2230 1399 2260 Illa
1421 2231 1512 2260 enim
1535 2236 1615 2261 sunt
1629 2234 1736 2262 curri-

1006 2275 1082 2303 cula
1106 2273 1345 2313 multiplicium
1365 2275 1596 2313 variorumque
1612 2284 1736 2305 sermo-

1006 2326 1088 2347 num
1106 2317 1165 2347 διο.
1185 2317 1381 2356 metaphora
1396 2318 1498 2347 ducta
1513 2323 1564 2347 est
1581 2323 1600 2347 a
1614 2319 1734 2358 stadio,

1005 2361 1039 2389 in
1071 2370 1135 2399 quo
1166 2366 1366 2390 exercentur
1388 2361 1540 2391 homines
1563 2363 1734 2399 currendo,

1005 2404 1153 2433 athletae.
1192 2404 1256 2434 vid.
1288 2404 1382 2434 Cato.
1412 2408 1459 2435 10.
1497 2405 1732 2444 quadrigarum

1003 2448 1107 2477 etiam
1120 2448 1322 2477 curriculum
1333 2453 1394 2477 est.
1411 2449 1542 2478 Muren.
1558 2450 1608 2481 27.
1623 2449 1642 2467 *ἕ
1653 2448 1734 2480 Har.

1003 2490 1102 2530 Resp.
1134 2493 1180 2521 10.
1203 2495 1237 2520 te
1262 2490 1405 2530 appello,
1430 2490 1586 2529 Lentule,
1608 2493 1660 2522 tui
1683 2502 1735 2523 sa-

1004 2534 1142 2563 cerdotii
1171 2540 1251 2563 sunt
1278 2534 1421 2571 thensae‚
1444 2536 1626 2572 curricula,
1650 2546 1734 2575 prae·

1003 2577 1126 2613 centio,
1140 2577 1199 2606 &c.
1226 2577 1307 2607 Haec
1323 2579 1491 2608 enrricula
1504 2583 1583 2608 sunt
1598 2588 1730 2616 currus,

1003 2621 1121 2659 quibus
1134 2621 1167 2650 in
1180 2620 1265 2650 ludis
1275 2621 1476 2651 circensibus
1487 2626 1645 2652 certatur.
1657 2622 1733 2653 Alia

1003 2664 1155 2702 exempla
1177 2663 1242 2693 vid.
1266 2673 1317 2703 ap.
1339 2664 1459 2694 Scheff.
1482 2664 1522 2694 de
1539 2675 1573 2694 re
1588 2665 1692 2696 vehic.
1708 2666 1730 2698 l.

1002 2707 1022 2736 i.
1041 2717 1069 2736 c.
1093 2710 1119 2736 l.
1157 2730 1164 2736 .
1181 2710 1211 2737 3.
1236 2707 1383 2737 Graevius
1400 2708 1502 2737 etiam
1520 2708 1635 2738 laudat
1650 2709 1731 2739 Sue-

1002 2754 1071 2780 ton.
1089 2750 1122 2779 in
1141 2750 1220 2780 Caio
1238 2750 1343 2790 Calig.
1361 2761 1389 2780 c.
1410 2754 1458 2785 19.

1050 2793 1186 2830 Currus,
1203 2803 1262 2832 pro
1277 2804 1380 2824 curru
1401 2794 1611 2833 triumphali,
1628 2799 1729 2834 atque

1001 2836 1083 2866 adeo
1113 2837 1286 2877 triumpho
1315 2837 1398 2877 ipso.
1435 2837 1477 2867 ad
1506 2838 1581 2868 Div.
1612 2848 1662 2868 xv.
1697 2839 1729 2869 6.

1002 2890 1101 2919 quem
1117 2890 1254 2911 currum
1273 2886 1333 2911 aut
1355 2891 1455 2920 quam
1478 2880 1627 2912 lauream
1650 2892 1728 2913 cum
