1920 3196
658 151 806 179 INDEX
838 150 1135 178 LATiNlTA'rls.

143 249 315 280 merosque
332 249 435 270 manu
446 239 588 278 jactabit
601 239 758 275 eburnos,
779 239 825 279 (h.
837 249 865 268 c.

138 290 293 320 tesseras)
313 289 351 314 tu
368 283 455 313 male
466 284 609 322 jactato,
622 288 659 312 tu
677 282 866 321 malejacta

138 327 227 357 dato.
273 327 335 357 Sed
353 327 396 357 ibi
414 336 523 357 sermo
540 326 579 356 dc
606 325 684 356 ludo
709 336 767 356 aus
795 326 865 356 und

137 371 192 400 ein
219 380 244 400 5.
268 372 418 407 trictrac,
445 370 501 400 ubi
529 370 662 399 tesseris
687 379 780 410 opus.
828 369 865 400 ld

135 415 247 443 minus
265 418 355 444 reete
381 414 466 449 fieri,
483 418 600 443 contra
627 413 863 443 Casaubonum

136 456 343 488 demonstrat
360 457 381 488 l.
399 469 426 487 c.
452 456 646 493 Salmasius,
665 462 782 487 contra
807 467 864 487 cu-

128 501 186 537 jus
213 507 416 540 argumenta
442 500 526 531 nihil
550 501 735 531 Gronovius
756 500 862 531 affert.

135 543 235 574 Putat
254 555 373 584 nempe
390 544 507 574 ludum
531 544 705 574 duodecim
730 546 863 584 scripto-

132 597 210 617 rum
228 598 298 617 esse
316 598 406 624 eum,
425 598 524 627 quem
549 597 606 617 nos
631 597 786 618 vocamus
803 598 861 618 aus

132 631 201 660 und
229 633 296 669 ein,
322 633 354 661 in
384 642 449 671 quo
476 632 577 661 etiam
610 632 740 661 tesseris
767 641 860 671 opus.

130 675 194 704 Sed
211 675 376 714 quomodo
405 676 431 705 is
457 675 634 705 duodecim
666 676 860 714 scriptorum

130 717 227 748 ludus
245 729 315 749 esse
329 723 452 758 potest,
471 729 547 748 cum
567 719 635 758 ipsc
652 718 810 756 fateatur,
826 720 859 750 in

131 761 188 791 illo
206 762 283 792 ludo
301 773 358 792 aus
375 762 444 793 und
467 763 521 792 ein
542 768 723 801 utrumque
741 762 859 792 luden-

129 805 215 835 tium
226 806 418 845 quindecim
435 805 579 836 calculos
589 805 790 843 adhibuisse,
801 807 857 845 qui

127 849 162 878 in
179 849 354 880 duodecim
373 850 490 880 areolis
508 850 618 879 locum
637 859 701 879 non
722 849 856 880 habent.

128 891 303 923 Bur1n.ad
319 894 414 924 Oxid.
433 894 452 923 1.
471 904 498 923 c.
514 894 560 923 iii.
578 894 652 924 363.
668 899 780 933 putat,
798 903 857 923 no-

127 936 176 965 bis
194 938 359 967 rationem
376 938 471 967 istius
496 937 565 967 ludi
591 946 657 966 non
680 938 762 966 satis
781 947 855 977 per-

127 988 277 1019 spectam
308 991 391 1017 esse,
422 991 520 1020 quem
553 980 637 1010 vide.
694 980 854 1011 Ceterum

124 1025 319 1063 εσνίμΐωῆιυι
344 1024 522 1054 dicendum
540 1034 624 1062 esse,
643 1034 708 1053 non
725 1034 853 1064 serupo-

124 1077 213 1104 rum,
231 1068 418 1097 defendunt
446 1073 567 1108 praeter
592 1067 651 1097 hos
667 1068 852 1098 Burmann.

126 1110 167 1140 ad
190 1111 332 1151 Quintil.
359 1113 402 1141 xi.
421 1114 452 1142 2.
478 1111 602 1141 Victor.
620 1112 659 1141 V.
685 1111 723 1142 L.
741 1122 770 1142 ν.
803 1115 851 1142 13.

122 1154 266 1185 Gronov.
285 1155 306 1184 l.
325 1165 353 1185 c.

166 1198 354 1238 Scriptura,
369 1200 610 1229 commentatio
626 1199 779 1229 oratoris.
792 1200 849 1230 Or.

122 1241 142 1271 i.
171 1244 224 1272 33.
248 1243 330 1272 *ita
357 1249 393 1273 ut
420 1244 590 1282 scriptum,
618 1243 657 1272 de
683 1242 787 1273 literis
812 1254 849 1273 ac

120 1286 226 1316 verbis
242 1286 337 1325 Iegis,
354 1287 565 1324 testamenti,
582 1286 694 1316 edicti.
711 1286 752 1316 ad
770 1286 849 1318 Her.

121 1329 143 1358 i.
161 1332 192 1359 4.
217 1331 275 1360 &c.
295 1330 373 1360 hinc
395 1332 559 1370 scriptura
576 1330 727 1370 superior
750 1336 783 1360 et
799 1332 849 1361 in-

121 1372 233 1410 ferior,
250 1374 272 1403 i.
289 1384 318 1404 c.
337 1374 571 1404 antecedentia
595 1380 629 1403 et
646 1384 849 1413 consequen-

118 1416 177 1446 tia.
203 1416 275 1448 Inv.
302 1418 334 1447 ii¹
366 1421 397 1448 4.
422 1418 440 1435 ³¹·
454 1417 598 1456 vectigal
615 1419 721 1448 {erarii
738 1428 755 1447 e
775 1429 848 1458 pas—

119 1461 201 1491 cuis.
225 1461 318 1491 verr.
338 1462 371 1491 ii.
394 1465 446 1495 70.
469 1463 633 1500 scriptus-a
657 1461 789 1492 Siciliae.
806 1463 847 1492 ad

120 1503 194 1534 Div.
214 1505 283 1534 xiii.
300 1506 352 1536 65.
377 1506 411 1535 iu
428 1507 592 1544 scriptura
607 1515 666 1545 pro
686 1506 846 1545 magistro

117 1547 175 1577 dat
190 1558 318 1588 operas.
342 1549 406 1578 vid.
434 1551 468 1579 in
493 1549 566 1578 Ind.
594 1549 683 1579 Hist.
709 1549 846 1580 Alabar-

116 1591 205 1621 ches.
243 1592 305 1622 Sed
329 1593 509 1632 aperienda
534 1598 585 1622 est
603 1592 722 1623 elarius
745 1593 844 1631 hujus

116 1636 207 1665 verbi
222 1637 282 1666 vis.
306 1636 436 1676 Nempe
455 1636 596 1675 iectigal
614 1636 674 1666 hoc
704 1638 845 1676 scriptu-

118 1689 156 1708 ra
184 1686 361 1719 propterea
385 1680 520 1717 dicitur,
554 1690 628 1709 mea
661 1682 843 1718 sententia,

115 1723 205 1761 quia,
238 1724 293 1762 qui
321 1724 356 1754 in
386 1725 517 1763 pascuis
545 1724 686 1762 publicis
709 1734 842 1764 pascere

114 1766 252 1804 vellent,
269 1767 406 1797 nomina
422 1778 483 1797 sua
499 1767 693 1798 deferebant
708 1774 743 1798 et
765 1769 842 1798 suh-

115 1811 304 1841 scribebant
321 1811 410 1851 apud
431 1822 523 1848 eum,
541 1811 594 1841 cui
611 1812 681 1849 ejus
699 1813 746 1841 rei
763 1823 844 1843 cura

115 1854 194 1883 data
208 1860 292 1891 erat,
310 1854 342 1884 h.
365 1865 394 1885 e.
411 1862 449 1885 ut
467 1866 484 1885 e
502 1855 594 1885 Varr.
622 1855 661 1885 R.
686 1855 726 1885 R.
752 1856 786 1885 ii.
813 1860 841 1886 1.

118 1898 166 1928 16.
197 1898 368 1935 discimus,
401 1899 490 1939 apud
528 1899 767 1939 publicanum:
807 1908 841 1930 et

113 1950 170 1980 pro
185 1942 326 1981 singulis
342 1943 514 1982 pecoribus
526 1947 651 1972 certam
662 1944 840 1982 pecuniam

110 1984 293 2015 solvebant.
351 1986 436 2016 Nam
472 1987 518 2016 ita
545 1987 649 2016 etiam
687 1987 721 2016 in
753 1988 839 2027 agris

111 2029 252 2067 publicis
276 2029 470 2060 decumanis
491 2031 648 2060 obtinuit.
684 2030 775 2060 Verr.
793 2031 839 2061 iii.

111 2075 163 2102 51.
189 2082 349 2103 numerus
365 2080 534 2104 aratorum
553 2075 732 2113 quotannis
749 2075 839 2114 apud

111 2117 327 2155 magistratus
357 2117 488 2156 publice
526 2119 739 2148 subscribitur
777 2120 836 2148 ἂρ.

108 2160 248 2190 accessit
278 2160 400 2192 deinde
424 2161 642 2191 decumarum
681 2163 836 2201 vectigal,

110 2213 188 2233 cum
205 2207 296 2240 ante,
313 2211 448 2234 auctore
466 2205 587 2242 Plinio,
604 2215 710 2235 unum
728 2216 745 2235 e
763 2216 836 2245 pas—

112 2247 183 2277 cuis
212 2248 342 2278 fuisset.
374 2249 516 2278 retinuit
543 2249 721 2287 antiquum
753 2249 836 2279 illud

108 2290 253 2330 vectigal
282 2301 404 2321 nomen
435 2303 547 2330 suum,
575 2299 609 2322 et
635 2302 718 2322 novo
745 2293 836 2323 :iliud

108 2333 225 2364 datum
244 2340 307 2372 est,
324 2336 386 2365 etsi
405 2337 534 2376 proprie
558 2337 591 2366 in
624 2335 687 2366 hoc
711 2347 833 2367 novum

108 2387 202 2417 aeque
229 2384 330 2427 atque
356 2380 390 2409 in
418 2380 502 2410 illud
532 2385 628 2410 vetus
659 2382 836 2411 convenie-

106 2421 174 2452 bat.

150 2465 351 2506 Seripulum.
374 2466 445 2497 Att.
462 2468 503 2497 iv.
524 2468 572 2497 16.
592 2477 700 2505 neque
717 2478 835 2507 argen-

105 2509 132 2538 ti
160 2510 343 2549 scripulum
369 2520 439 2540 esse
457 2511 562 2541 ullum
582 2511 615 2540 in
631 2510 690 2540 illa
712 2511 833 2542 insula.

105 2551 308 2592 Smipulum,
326 2554 413 2592 quod
427 2557 619 2598 scriptulum
645 2556 834 2585 accuratius

103 2595 241 2634 dicitur,
257 2602 308 2627 est
333 2597 563 2628 ducentesima
579 2606 612 2628 et
629 2599 835 2636 octogesima

101 2644 220 2670 octava
234 2651 309 2680 pars
326 2641 431 2678 librae,
448 2652 473 2671 s.
487 2649 606 2680 quarta
629 2646 663 2670 et
678 2642 836 2672 vicesima

103 2684 227 2721 unciae‚
247 2694 321 2723 quae
344 2692 395 2715 est
419 2685 616 2715 duodecima
638 2685 731 2715 librae
746 2696 833 2725 pars.

106 2726 146 2756 de
177 2728 339 2768 scriptulo
370 2739 400 2759 v,
429 2729 573 2759 Gronov.
600 2730 685 2758 sest.
712 2730 753 2759 iv.
785 2733 833 2761 13.

102 2771 240 2810 ejusque
257 2773 360 2811 signis
377 2778 412 2802 et
423 2772 653 2811 notis,quibus
665 2782 710 2802 sc.
725 2774 834 2812 expri-

103 2816 220 2852 mitur,
238 2815 284 2845 iii.
307 2818 354 2846 15.

148 2857 234 2888 Seru
269 2860 374 2889 closus.
397 2858 499 2889 Tusc.
516 2860 558 2889 iv.
590 2862 639 2890 14.
663 2861 833 2899 scrupulo-

101 2901 146 2930 sis
161 2902 229 2931 coti
254 2912 304 2932 us.
329 2902 503 2933 Bentleius
520 2909 555 2933 et
572 2903 741 2940 Davisius,
759 2913 834 2943 pro-

103 2943 206 2974 bante
243 2945 403 2985 Buherio,
443 2952 626 2987 reponunt,
661 2949 831 2988 scruposis.

1568 139 1645 175 421

915 237 1078 267 Putabam
1105 235 1282 275 aliquando
1312 234 1520 274 scopulosus,
1546 240 1585 266 ut
1610 235 1643 264 in

910 280 1022 311 Caecil.
1045 283 1093 310 11.
1118 280 1174 309 sed
1189 280 1398 319 scrupulosus
1415 285 1447 308 et
1464 288 1642 319 scruposus

909 324 1178 360 confunduntur,
1209 326 1242 352 et
1263 327 1314 352 est
1337 322 1397 352 hoc
1425 322 1554 353 melius.
1574 322 1640 353 vid.

908 368 1025 398 Heius.
1043 367 1084 397 ad
1100 367 1209 396 Valer.
1222 365 1328 396 Flacc.
1347 367 1380 395 ii.
1399 369 1473 396 518.

951 411 1148 450 Scrupulus,
1188 409 1344 449 quicquid
1383 410 1496 439 animo
1536 408 1639 439 mole-

906 460 996 485 stum
1015 462 1078 491 est,
1095 460 1128 484 et
1147 463 1206 483 nos
1224 460 1395 491 tamquam
1413 453 1491 482 urit.
1510 452 1580 483 Fin.
1593 453 1636 482 iv.

906 500 958 529 ⁶23.
992 499 1186 538 scrupulum
1227 497 1375 526 abeunti.
1411 496 1482 526 Att.
1519 506 1548 525 v.
1584 499 1634 527 13.

903 544 1108 582 scrupulum,
1133 550 1232 580 quem
1259 550 1325 569 non
1355 541 1498 579 ignoras.
1533 540 1577 570 ib.
1601 550 1634 570 Χ.

908 589 956 616 14.
975 585 1106 615 odiosus
1123 585 1306 624 scrupulus.
1320 584 1379 613 ἃς.
1404 583 1500 613 Rosc.
1513 583 1587 613 Am.
1601 584 1631 613 2.

903 631 1094 669 scrupulum
1115 639 1153 658 ex
1176 629 1288 658 animo
1316 626 1456 656 evellere
1473 639 1478 656 :
1507 627 1527 656 i.
1545 637 1573 656 e.
1589 627 1634 657 ti-

903 683 1044 703 morem.

946 717 1110 756 Sculptus.
1134 714 1235 745 Acad.
1264 715 1305 744 iv.
1330 717 1382 745 31.
1417 723 1484 743 non
1512 724 1528 743 e
1553 723 1631 744 saxo

901 762 1056 801 sculptus.
1087 759 1146 790 sed
1173 758 1353 798 legendum
1384 757 1519 787 videtur
1548 757 1632 788 scal-

901 810 991 844 ptus.
1004 815 1032 834 v.
1043 808 1113 834 not.

944 848 1085 885 Scurra,
1107 853 1158 877 est
1176 846 1352 886 parasitus,
1379 847 1437 875 aut
1452 844 1552 874 homo
1570 855 1628 885 pa-

900 893 1042 922 rasiticis
1071 892 1239 921 moribus:
1280 888 1369 928 quod
1394 898 1499 927 genus
1521 888 1629 919 homi-

899 945 995 972 num,
1009 935 1118 965 studio
1133 933 1285 974 placendi
1301 939 1335 962 et
1352 932 1555 969 delectandi,
1572 942 1630 972 pe-

897 979 1085 1009 tulantibus
1109 986 1144 1008 et
1160 977 1320 1008 obscoenis
1337 976 1484 1006 dicteriis
1505 976 1626 1013 utitur,

897 1023 1003 1062 iisque
1023 1024 1124 1053 etiam
1150 1022 1184 1051 in
1202 1031 1256 1051 eas
1273 1030 1323 1051 res
1346 1023 1528 1059 grassatur,
1545 1030 1627 1058 quas

898 1068 1039 1096 revereri
1057 1066 1235 1102 debebant,
1253 1069 1292 1094 ut
1309 1064 1343 1094 in
1370 1063 1566 1103 religionem
1591 1069 1626 1094 et

896 1110 998 1147 Deos,
1016 1111 1234 1150 magistratus
1257 1109 1454 1138 innocentes
1471 1108 1530 1137 διο.
1549 1107 1626 1138 Mu-

896 1164 967 1184 ren.
980 1155 1010 1185 6.
1034 1162 1231 1184 scurra-rum
1247 1152 1447 1182 convicium.

940 1198 1109 1229 Scarrilis.
1133 1197 1189 1227 Or.
1207 1197 1241 1226 ii.
1260 1197 1312 1227 60.
1337 1196 1486 1226 scurrilis
1502 1194 1625 1225 dicaci-

894 1246 956 1273 tas.

937 1285 1090 1317 Scutmn.
1115 1284 1215 1315 Tusc.
1241 1285 1275 1314 ii.
1300 1285 1353 1315 23.
1379 1281 1509 1320 abjecto
1534 1286 1623 1312 scuto

893 1328 990 1369 fugit.
1009 1331 1079 1360 Att.
1093 1339 1142 1359 xv.
1157 1330 1208 1363 29.
1230 1331 1359 1358 scutum
1376 1327 1531 1365 abjicere,
1549 1336 1622 1366 pro,

893 1373 932 1403 ab
948 1372 1240 1404 armis-discedere.
1258 1373 1353 1402 Orat.
1369 1371 1402 1400 ii.
1420 1372 1473 1404 72.
1498 1374 1537 1400 ut
1554 1379 1622 1401 non

892 1417 991 1447 modo
1009 1427 1075 1447 non
1093 1417 1235 1455 abjecto,
1252 1415 1310 1445 sed
1326 1424 1366 1444 ne
1395 1415 1520 1453 rejecto
1547 1414 1620 1452 qui·

891 1460 967 1490 dem
984 1465 1084 1497 scuto,
1101 1461 1217 1499 fugere
1233 1459 1355 1489 videar.
1386 1458 1436 1488 Sc.
1451 1457 1620 1496 fugientes

889 1505 1034 1544 turpiter
1071 1509 1201 1535 scutum
1239 1502 1415 1542 abjiciunt,
1445 1501 1620 1531 honestius

889 1555 1002 1578 autem
1020 1549 1169 1578 retinent
1193 1551 1323 1577 scutum
1339 1550 1374 1575 et
1390 1550 1465 1585 post
1481 1551 1616 1584 tergum

889 1592 1060 1631 rejiciunt,
1079 1602 1120 1622 ne
1136 1591 1212 1621 telis
1230 1590 1329 1631 petiti
1353 1600 1373 1619 a
1389 1589 1620 1629 persequenti-

887 1636 947 1666 bus
965 1636 1040 1666 laedi
1059 1636 1194 1676 possint.

931 1680 1088 1711 Scutella.
1104 1678 1244 1710 'rust-ul.
1260 1677 1308 1707 iii.
1327 1680 1376 1711 19.
1391 1677 1528 1706 seutella
1545 1675 1619 1706 dul-

887 1724 1003 1754 ciculae
1036 1724 1192 1764 potionis.
1215 1722 1248 1752 h.
1274 1721 1295 1751 l.
1313 1731 1384 1750 esse
1411 1730 1470 1760 pro
1498 1719 1618 1759 poculo

886 1767 983 1797 facile
997 1767 1210 1806 intelligitur.
1235 1765 1411 1804 Significat
1423 1763 1525 1793 etiam
1544 1763 1618 1794 lan-

886 1821 971 1841 cem.
987 1822 1016 1840 v.
1033 1811 1072 1841 de
1090 1811 1152 1840 hoc
1170 1810 1267 1839 verbo
1284 1809 1411 1848 Popma
1436 1806 1479 1836 ad
1495 1806 1616 1838 Caton.

884 1854 924 1884 R.
940 1855 981 1885 R.
1000 1865 1028 1885 c.
1051 1859 1098 1886 10.
1122 1860 1157 1884 et
1171 1853 1311 1884 Salmas.
1327 1852 1368 1882 ad
1386 1851 1519 1891 Vopisc.
1538 1851 1614 1882 Car.

885 1900 937 1929 20.
963 1909 994 1938 p.
1020 1899 1094 1929 861.
1119 1898 1175 1937 qui
1202 1903 1318 1927 tamen
1349 1894 1435 1924 male
1460 1904 1480 1924 a
1501 1899 1616 1924 scutra

884 1942 946 1972 hoc
963 1943 1100 1972 verbum
1118 1942 1195 1972 oriri
1213 1945 1324 1980 putat,
1345 1949 1422 1968 cum
1440 1938 1485 1968 sit
1501 1939 1612 1977 potius

883 1996 902 2015 a
924 1992 1033 2016 scuto:
1058 1992 1097 2016 ut
1125 1987 1209 2015 bene
1237 1988 1352 2013 monet
1377 1992 1529 2012 summus
1551 1982 1613 2019 vir,

882 2030 1117 2061 Hemsterhus.
1140 2030 1182 2059 ad
1197 2026 1366 2067 Aristoph.
1384 2026 1472 2056 Plut.
1487 2036 1518 2066 p.
1537 2026 1613 2060 276.

882 2075 956 2107 277.

925 2117 1075 2154 secessio,
1111 2117 1223 2146 factio.
1263 2115 1376 2153 Ligar.
1405 2114 1435 2144 6.
1469 2114 1613 2143 secessio-

880 2171 954 2191 nem
970 2167 1009 2191 tu
1027 2161 1118 2190 illan]
1133 2159 1331 2190 existimasti
1346 2160 1405 2198 (sc.
1421 2158 1510 2187 inter
1523 2162 1558 2187 te
1577 2162 1615 2189 et.

881 2205 1091 2244 Pompeium)
1105 2213 1173 2234 non
1187 2203 1322 2233 bellum.
1338 2202 1356 2219 ’ἕ
1366 2201 1490 2231 dicitur
1505 2201 1608 2232 etiam

880 2248 919 2278 de
942 2250 994 2286 iis,
1020 2250 1074 2288 qui
1100 2257 1249 2277 seorsum
1272 2251 1368 2282 eunt,
1391 2245 1610 2282 deliberandi,

879 2292 1090 2331 colloquendi
1121 2301 1230 2321 causa.
1256 2290 1344 2320 Mur.
1364 2291 1416 2319 ⁶24.
1441 2288 1610 2318 seductio-

879 2345 957 2366 nem
967 2337 1104 2366 testium
1112 2359 1120 2371 ‚
1132 2336 1332 2365 secessionem
1340 2333 1608 2372 subscriptorum

878 2380 1162 2409 animadvertunt.
1208 2379 1260 2407 Sic
1278 2376 1365 2417 apud
1383 2376 1454 2406 Liv.
1473 2375 1537 2405 xlv.
1554 2376 1608 2406 36.

876 2424 1004 2453 tribuni
1029 2423 1070 2453 ad
1087 2421 1338 2452 deliberandum
1360 2420 1522 2450 secedunt.
1551 2419 1606 2450 ubi

877 2477 907 2496 v.
922 2467 1094 2497 Dukerus.

921 2510 1009 2547 seco,
1027 2511 1164 2540 verbum
1190 2508 1430 2547 chirurgicum.
1453 2506 1554 2536 Tusc.
1572 2506 1606 2535 ii.

878 2556 930 2585 22.
956 2555 993 2585 C.
1011 2554 1138 2584 Marius
1156 2563 1233 2583 cum
1254 2556 1439 2582 secaretur:
1464 2559 1523 2590 pro
1539 2560 1604 2589 quo

877 2598 942 2628 alio
958 2597 1043 2635 loco,
1061 2607 1137 2627 cum
1156 2597 1186 2626 ei
1199 2596 1323 2626 varices
1337 2599 1538 2625 secarentur.

921 2641 1016 2672 Secta
1033 2652 1092 2681 pro
1109 2641 1174 2677 via,
1192 2641 1266 2670 iter.
1284 2639 1327 2669 N.
1343 2639 1387 2669 D.
1405 2639 1439 2667 ii.
1463 2639 1515 2667 22.
1540 2646 1600 2667 na-

876 2690 954 2716 tura
969 2685 1070 2715 habet
1096 2685 1183 2713 viam
1200 2691 1235 2713 et
1257 2683 1351 2722 quasi
1367 2686 1488 2712 sectam
1503 2690 1604 2720 quam

876 2734 1046 2768 sequatur.
1070 2729 1088 2746 ’ἓ
1104 2734 1227 2767 partes.
1243 2727 1284 2756 ad
1310 2726 1385 2756 Div.
1402 2725 1471 2756 xiii.
1496 2728 1528 2755 4.
1543 2725 1601 2764 qui

875 2778 995 2803 sectam
1020 2772 1159 2802 Caesaris
1183 2773 1381 2809 sequnntur.
1428 2769 1542 2798 Potest
1554 2774 1603 2798 et·

876 2817 942 2846 iam
960 2826 1045 2852 esse,
1061 2815 1115 2854 qui
1135 2815 1169 2845 in
1188 2813 1328 2844 Caesaris
1344 2813 1492 2842 exercitu
1512 2815 1605 2848 sunt,

876 2865 915 2889 ut.
943 2860 1030 2889 idem
1061 2858 1198 2888 verbum
1234 2867 1286 2897 ap.
1318 2856 1451 2887 Livium
1483 2855 1608 2885 dicitur

877 2905 964 2933 xxix.
981 2905 1033 2936 27.
1057 2902 1143 2932 conf.
1157 2901 1252 2931 Brut.
1265 2903 1295 2931 2.
1321 2899 1518 2930 Ciceronem
1536 2908 1606 2928 ver-

877 2948 958 2982 bum
982 2946 1136 2976 Graecum
1164 2943 1268 2986 αἵρεσις
1294 2953 1426 2984 semper
1441 2943 1605 2983 interpre-

923 2993 1028 3020 Ee3
