1985 3206
721 89 866 120 INDEX
896 87 1192 116 LATlNl'rA'ris.

251 183 400 222 Concedo,
425 183 598 224 permitto.
630 181 709 221 Agr.
726 181 748 211 i.
774 183 803 210 1.
839 188 933 218 agros

205 228 379 265 concedere.
404 237 434 257 v.
457 231 492 256 et
515 225 694 256 concessio.
731 224 750 243 ἒ
773 223 865 254 cedo.
889 222 931 252 ad

206 271 282 302 Div.
299 272 340 301 iv.
365 273 395 301 3.
419 270 548 301 concedo
573 268 714 305 nemini,
741 267 798 306 qui
824 266 931 303 majo-

207 324 276 344 rem
293 324 332 344 ex
356 314 503 354 pernicie
519 314 600 352 reip.
616 311 803 342 molestiam
820 315 933 339 traxe-

210 358 263 387 rit.
287 358 357 387 Att.
374 357 437 387 xiv.
459 360 506 387 13.
524 365 631 394 neque
655 356 685 385 ci
702 354 882 393 quidquam
897 353 931 381 in

207 401 438 441 desperatione
465 400 603 429 concedo.
639 399 731 428 Verr.
758 398 791 427 ii.
817 399 870 427 44.
895 400 934 426 ut

205 445 260 474 vix
276 444 421 483 Apronio
447 443 486 473 de
511 442 741 472 familiaritate
765 439 934 470 concedere

208 487 369 517 videatur.
393 487 489 517 Rosc.
505 486 581 516 Am.
599 488 652 516 40.
670 484 710 514 de
725 490 797 515 arte
823 493 934 513 conce-

208 531 292 562 dere.
310 531 376 560 huc
395 531 543 570 pertinet
562 529 653 559 locus
673 528 770 558 Catil.
787 528 808 557 i.
828 531 859 561 9.
878 526 933 556 ubi

209 575 357 604 Graevius
379 573 479 604 habet
509 573 631 608 cedere,
656 572 808 610 maleque
834 574 935 608 negat

209 618 376 648 concedere
398 617 445 647 sic
468 617 544 647 dici.
578 618 597 634 *ἓ
612 615 811 645 condonare.
841 614 935 644 Verr.

210 662 232 691 i.
246 664 299 695 49.
324 660 404 700 quid
419 663 470 690 est
491 659 582 689 aliud
608 664 746 699 peccata
771 657 936 687 concedere

211 705 378 742 omnibus,
402 704 444 733 cf.
467 704 523 733 Or.
548 704 595 733 iii.
619 706 670 733 51.
695 702 792 732 Rosc.
808 701 883 730 Ain.
909 704 935 730 1.

213 758 320 787 neque
335 752 460 777 temere
485 747 574 776 dicto
597 746 723 776 concedi
747 749 868 784 potest.
896 744 936 773 ad

212 792 288 822 Div.
304 792 346 821 vi.
359 792 390 822 6.
415 800 481 820 non
497 794 596 829 putat
611 799 645 819 se
662 789 825 819 sustinere
842 797 936 827 posse

213 845 330 865 causas
364 834 562 870 multorum,
586 834 613 863 si
637 833 710 869 sibi,
736 833 789 862 cui
810 832 936 871 jiistius

214 878 346 908 videtur
362 878 457 907 irasci
473 887 580 917 posse,
591 877 784 907 concesserit.
831 874 937 914 Inpri-

216 922 278 952 mis
293 922 464 961 eleganter
479 921 602 950 dicitur
615 920 780 950 concedere
791 918 936 956 aliquem

217 964 330 1002 alicui,
353 975 430 995 cum
454 964 553 994 alicui
578 964 780 1002 ignoscimus
803 962 938 991 alterius

217 1018 327 1039 causa.
345 1019 373 1039 v.
389 1019 416 1038 c.
434 1007 583 1038 Marcell.
602 1011 627 1037 l.
647 1017 723 1036 cum
735 1007 781 1036 M.
797 1005 937 1035 Marcel-

217 1051 288 1082 lum
311 1052 441 1081 senatui
465 1050 654 1091 populoque
680 1050 719 1080 R.
752 1050 938 1080 concessisti.

218 1095 312 1125 Prov.
343 1095 441 1125 Coris.
476 1098 523 1125 18.
553 1094 718 1124 concedere
747 1093 939 1123 inimicitias

218 1139 299 1178 reip.
326 1139 494 1177 cf.Liga1-.
517 1140 566 1168 12.
592 1137 725 1168 Cluent.
751 1138 802 1171 69.
828 1137 939 1166 Etiam

211 1182 343 1221 judices
381 1182 552 1221 eleganter
589 1181 747 1211 (licuntur
776 1181 941 1210 concedere

218 1225 335 1256 alienis
352 1226 511 1265 peccatis,
533 1234 611 1254 cum
627 1224 803 1254 absolmint
829 1224 940 1253 crimi-

219 1270 316 1299 nibus
332 1269 511 1298 convictos.
533 1268 626 1298 verr.
646 1268 692 1298 iii.
716 1268 769 1302 96.
805 1270 824 1288 ³*
842 1268 940 1297 Doin.

220 1313 272 1343 36.
295 1322 399 1352 remp.
416 1313 584 1342 concedere
600 1312 698 1341 unius
715 1311 871 1340 discessu.
909 1311 942 1340 Si

219 1366 297 1386 vera
311 1359 360 1385 est
386 1356 497 1392 lectio,
520 1356 684 1385 concedere
698 1354 731 1384 h.
760 1354 781 1384 l.
798 1361 849 1384 est
874 1354 943 1384 abi-

221 1410 267 1429 re.
294 1399 353 1429 sed
381 1399 584 1429 commodior
612 1404 664 1429 est
695 1398 794 1428 lectio
825 1398 942 1435 altera,

220 1453 320 1482 quam
331 1442 431 1472 habet
442 1442 627 1479 Graeviana,
636 1442 807 1472 concidere.
819 1441 838 1459 ²*
847 1442 942 1472 Rosc.

224 1488 318 1517 Com.
335 1487 364 1516 6.
383 1487 509 1516 crimen
522 1486 637 1525 gratiae
653 1486 849 1521 concedebas.
865 1485 898 1514 h.
911 1495 940 1514 e.

224 1530 456 1567 criminabare,
473 1531 587 1568 gratiae
612 1539 631 1559 a
647 1529 772 1559 Fannio
788 1529 943 1559 ineundae

221 1583 332 1604 causa.
356 1573 375 1591 ᾗ
392 1574 465 1603 Cat.
482 1574 503 1603 i.
519 1570 550 1608 9.
581 1573 753 1603 concedere
765 1573 845 1612 reip.
857 1580 944 1602 tem-

222 1617 357 1658 potibus
373 1616 544 1653 dicuntur,
561 1617 617 1656 qui
628 1616 743 1646 ferunt
756 1620 790 1646 et
800 1616 943 1653 faciunt,

221 1670 425 1701 quamquam
456 1661 566 1698 inviti,
583 1670 656 1698 quae
685 1661 766 1700 reip.
793 1664 946 1699 tempora

223 1704 409 1745 postulant.
434 1706 452 1725 ’ἓ
471 1704 556 1734 Phil.
572 1704 605 1734 ii.
624 1706 655 1735 2.
673 1704 868 1743 petitionem
886 1703 945 1733 ali-

222 1749 277 1778 cui
301 1748 480 1785 concedere,
496 1750 547 1777 est
570 1748 736 1778 abstinere
752 1758 772 1776 a
786 1747 944 1787 petendo,

224 1791 360 1822 alterius
380 1801 489 1821 causa.
520 1791 540 1809 ᾗ
555 1792 797 1831 obtemperare.
822 1790 944 1821 Caecin.

224 1838 278 1867 24.
307 1835 481 1866 Concedere
500 1834 607 1866 JCtiS.
640 1834 659 1853 ᾗ
675 1834 774 1865 Tusc.
798 1835 832 1864 ii.
859 1838 890 1868 7.
914 1835 945 1864 ei

221 1879 456 1910 concedendum
472 1883 524 1909 est
539 1879 699 1917 gementi,
716 1877 749 1908 h.
765 1888 794 1908 e.
810 1887 878 1908 non
895 1888 946 1908 re-

223 1922 480 1963 prehendendus
511 1927 574 1959 est,
601 1922 658 1952 sed
685 1922 715 1952 ei
746 1922 944 1963 permitten-

223 1967 305 1997 dum
321 1971 373 1996 est
388 1970 428 1996 ut
443 1970 567 2005 gemat.

271 2010 505 2041 concelebrare.
529 2009 635 2039 Inv.i.
652 2012 682 2039 3.
706 2009 817 2039 studia
839 2019 946 2040 conce-

226 2054 353 2084 lebrata
370 2054 411 2083 ab
427 2054 562 2093 optimis
580 2053 639 2083 διο.
663 2057 743 2082 sunt
767 2053 947 2092 diligenter

224 2100 370 2126 tractata
383 2101 417 2126 et
433 2096 535 2127 culta.
558 2095 677 2126 Manil.
694 2099 745 2127 21.
762 2097 853 2126 omni
875 2102 947 2126 stu-

222 2140 278 2170 dio
293 2141 396 2170 visere
411 2145 446 2170 et
461 2141 679 2170 concelebrare
692 2152 700 2170 :
725 2140 758 2170 h.
775 2150 804 2170 e.
823 2150 945 2179 magna

223 2184 412 2222 frequentia
427 2183 615 2214 honestare.

275 2229 448 2258 L'oncentio.
465 2227 555 2257 Sext.
577 2231 628 2258 55.
648 2232 781 2257 caterva
795 2232 869 2257 tota
884 2227 947 2265 (hi-

223 2269 403 2309 strionum)
419 2270 601 2301 clarissima
615 2272 824 2308 concentione,
842 2272 875 2300 in
891 2281 946 2306 ore

223 2315 348 2355 impuri
374 2314 518 2345 hominis
546 2315 726 2345 imminens
751 2315 949 2345 concionata

224 2362 287 2389 est.

274 2402 458 2433 Concentus.
483 2402 558 2431 Div.
574 2402 608 2431 ii.
630 2405 678 2433 15.
703 2406 870 2432 concenlus
886 2412 945 2432 na-

225 2450 327 2483 turae,
355 2451 407 2475 est
432 2445 617 2484 συμπάθεια.
652 2446 710 2476 Or.
739 2446 785 2475 iii.
810 2446 840 2476 6.
877 2456 949 2476 con-

225 2493 339 2520 centus
361 2489 603 2526 doctrinarum,
630 2495 682 2519 est
703 2499 808 2519 nexus
830 2493 865 2519 ct
894 2500 948 2519 co-

228 2533 344 2573 gnatio
359 2542 485 2562 earum.

276 2576 449 2615 Conceptio.
474 2575 546 2606 Inv.
562 2576 596 2606 ii.
617 2579 666 2609 19.
690 2576 734 2606 ibi
755 2576 863 2606 omnis
878 2587 949 2607 con-

226 2621 327 2660 ceptio
342 2620 546 2660 privatorum
555 2619 761 2658 judiciorum
775 2621 950 2650 constitui-

225 2668 292 2694 tur.
308 2674 337 2692 v.
353 2664 525 2702 concipere,
542 2663 618 2693 init.

276 2707 474 2737 Concertcztio
497 2707 687 2744 verborum,
710 2706 810 2737 Tusc.
836 2707 871 2736 ii.
901 2710 949 2737 13.

226 2749 428 2790 λαγομαχὶαι.

277 2794 540 2824 Concertatorius.
571 2792 667 2823 Brut.
700 2796 752 2824 83.
782 2792 951 2834 Thucydi-

229 2836 286 2867 des
318 2837 384 2882 hoe,
406 2837 537 2867 forense
566 2838 835 2868 concertator-ium
859 2837 952 2878 judi-

228 2880 312 2911 ciale
328 2890 394 2912 non
409 2880 568 2912 tractavit
581 2889 701 2921 genus.

1621 75 1703 113 253

1028 178 1195 208 (oncessio.
1229 175 1265 206 in
1293 174 1376 215 Tog.
1409 174 1513 205 Cand.
1543 176 1694 205 concessio

976 221 1248 260 competitorum.
1265 229 1294 249 v.
1310 219 1486 249 concedere.
1525 218 1544 236 ᾗ
1559 217 1637 257 Agr.
1654 219 1701 249 iii.

978 268 1008 295 3.
1032 265 1238 294 concessiones
1260 272 1426 301 agrorum.
1451 261 1562 292 differt
1577 272 1699 291 conces-

976 311 1020 338 sio
1036 308 1076 337 ab
1089 307 1324 346 assignatione.
1370 306 1409 335 In
1426 305 1484 335 illa
1500 311 1551 335 est
1562 305 1703 345 simplex

977 351 1154 391 permissio
1181 348 1384 389 occupandi,
1421 349 1554 380 fruendi
1587 350 1646 379 &cu
1675 359 1704 379 v.

975 394 1124 425 Turneb.
1143 390 1184 423 ad
1199 393 1234 423 h.
1251 393 1272 422 l.

1024 437 1264 476 conchyliatis,
1277 445 1476 476 purpureus.
1502 434 1586 466 Phil.
1602 435 1636 466 ii.
1649 437 1702 471 27.

978 482 1183 519 conchyliata
1200 481 1446 521 peristromata.

1025 525 1203 556 Concidere.
1227 524 1292 563 Ωιι.
1306 523 1356 553 Fr.
1378 523 1412 552 ii.
1429 525 1461 552 4.
1484 522 1670 560 Vatinium,
1685 532 1706 554 a

977 579 1042 608 quo
1058 568 1168 608 palam
1187 567 1444 607 oppugnabatur
1456 567 1544 605 [reus
1558 567 1706 605 Sextius,

977 622 1037 653 pro
1051 621 1116 650 quo
1132 615 1183 640 est
1198 610 1316 649 oratio)
1332 610 1494 640 arbitratu
1509 613 1622 646 nostro
1633 620 1711 640 con-

977 656 1127 692 cidimus,
1151 654 1213 684 diis
1237 654 1492 692 hominibusque
1513 653 1705 693 plaudenti-

977 699 1038 729 bus
1057 711 1064 728 :
1083 699 1177 728 sc.in
1197 698 1360 735 oratione,
1377 707 1403 727 s.
1431 697 1542 737 potius
1566 697 1710 727 interro-

979 743 1112 781 gatione
1124 742 1159 771 in
1172 741 1360 778 Vatinium,
1374 751 1440 780 qua
1455 741 1497 777 ei,
1515 741 1671 779 quiequid
1688 751 1709 771 a

978 787 1154 817 tribunatu
1171 784 1304 814 sceleris
1329 788 1541 823 conceperat,
1571 784 1703 824 objecit.

980 833 999 851 ¹*
1017 830 1187 859 damnare.
1214 829 1279 868 Qu.
1308 828 1358 858 Fr.
1376 829 1410 858 ii.
1427 828 1458 858 6.
1482 827 1539 857 sed
1565 827 1628 857 hoc
1654 829 1708 858 in-

979 872 1194 903 commodum
1242 872 1460 902 consolantur
1501 871 1705 910 quotidianae

980 917 1212 947 damnationes
1226 915 1454 952 inimicorum,
1470 915 1505 944 in
1521 915 1640 954 quibus
1652 925 1707 945 me

980 960 1116 990 lubente
1133 960 1264 989 Servius
1291 959 1404 989 allisus
1420 962 1483 996 est,
1507 960 1608 988 ceteri
1635 968 1708 989 con-

980 1005 1147 1034 ciduntur.
1181 1006 1200 1023 ’F
1216 1003 1399 1033 verberare.
1421 1002 1514 1033 Verr.
1530 1003 1552 1033 i.
1568 1005 1621 1036 47.
1646 1003 1711 1033 vir-

981 1049 1029 1087 gis
1046 1047 1176 1087 plebem
1194 1046 1233 1076 R.
1249 1047 1431 1076 conciderit.
1465 1046 1552 1077 *On
1566 1046 1618 1080 69.
1636 1056 1709 1076 con-

981 1092 1086 1121 cidere
1110 1091 1293 1120 sententias
1310 1090 1483 1127 dicuntur,
1496 1090 1550 1128 qui
1562 1090 1710 1120 minutos

983 1144 1139 1165 numeros
1151 1138 1350 1172 sequuntur,
1364 1143 1432 1163 non
1448 1134 1590 1173 periodis
1608 1138 1710 1164 utun-

981 1185 1049 1209 tur.
1075 1178 1094 1197 *
1112 1177 1274 1215 refellere,
1291 1181 1324 1207 et
1336 1177 1468 1217 quidem
1487 1177 1599 1217 paullo
1616 1187 1708 1207 acer-

981 1223 1066 1252 bius.
1091 1221 1170 1251 Nat.
1188 1222 1231 1251 I).
1247 1221 1269 1251 i.
1292 1224 1344 1251 33.
1367 1221 1529 1251 concidere
1559 1217 1705 1260 aliquem

982 1267 1061 1296 totis
1078 1265 1318 1295 voluminibus.

1032 1309 1208 1340 Concidere.
1243 1310 1301 1339 Or.
1323 1311 1377 1339 43.
1402 1317 1482 1338 num
1511 1317 1593 1337 meae
1620 1312 1709 1339 artes

984 1354 1207 1383 concidissent:
1230 1352 1265 1382 h.
1290 1362 1318 1382 e.
1346 1351 1458 1382 nullus
1485 1361 1601 1382 earum
1628 1361 1707 1382 usus

985 1396 1128 1436 amplius
1145 1399 1242 1425 esset.

1033 1441 1217 1471 conciliare.
1233 1439 1326 1469 verr.
1339 1439 1373 1468 ii.
1391 1442 1442 1469 55.
1465 1440 1637 1469 conciliare
1653 1449 1712 1479 pe-

985 1485 1133 1521 cuniam,
1155 1493 1213 1523 pro
1226 1493 1343 1522 capere
1359 1483 1491 1522 injustis
1509 1483 1628 1521 modis,
1645 1484 1708 1513 eri-

986 1537 1075 1568 pere.
1094 1527 1136 1557 cf.
1153 1526 1232 1557 ibid.
1257 1529 1309 1557 58.
1332 1526 1379 1556 iii.
1395 1529 1447 1557 30.
1462 1528 1514 1557 84.

1034 1571 1227 1602 conciliatio.
1250 1570 1323 1600 Fin.
1347 1570 1393 1600 iii.
1409 1571 1441 1600 6.
1460 1570 1569 1610 prima
1584 1571 1709 1601 concili-

985 1617 1051 1646 atio
1075 1614 1232 1645 hominis.
1257 1623 1287 1644 v.
1314 1613 1573 1643 commendatio.
1595 1613 1614 1631 *ἓ
1629 1615 1709 1644 Nat.

986 1661 1030 1690 D.
1048 1659 1082 1688 ii.
1106 1661 1158 1689 31.
1183 1658 1272 1687 inter
1282 1667 1316 1687 se
1332 1657 1422 1686 civili
1437 1658 1657 1688 conciliatione
1673 1662 1709 1689 et

987 1703 1147 1733 societate
1158 1702 1285 1740 juncti.

1036 1746 1308 1777 Conciliatricala.
1331 1745 1423 1775 Sext.
1446 1749 1477 1779 9.
1502 1743 1624 1774 blanda
1639 1755 1709 1776 con-

986 1791 1198 1826 ciliatricula,
1225 1789 1350 1818 dicitur
1380 1788 1536 1818 nobilitas
1561 1798 1646 1826 esse,
1669 1793 1711 1819 ut

988 1839 1122 1870 natura,
1138 1833 1340 1863 conciliatrix
1363 1836 1397 1862 et
1419 1832 1512 1871 quasi
1535 1833 1587 1862 sui
1618 1831 1708 1871 lena,

986 1878 1066 1908 Nat.
1083 1877 1159 1907 D.i.
1174 1879 1228 1911 27.
1258 1886 1332 1915 quae
1356 1876 1418 1906 sibi
1443 1885 1609 1915 quemque
1626 1886 1706 1906 eon-

990 1921 1118 1951 ciliavit
1134 1926 1171 1950 ct
1185 1919 1442 1950 commendavit.

1036 1965 1178 1996 Concino.
1202 1964 1273 1993 Fin.
1295 1973 1326 1994 v.
1343 1965 1396 1994 23.
1418 1963 1566 2000 videsne,
1584 1968 1624 1994 ut
1638 1963 1711 1994 haec

987 2010 1156 2039 concinant
1172 2008 1188 2037 ?
1210 2008 1290 2038 Nat.
1307 2008 1351 2037 D.
1374 2007 1408 2036 ii.
1426 2010 1456 2040 7.
1481 2007 1635 2037 omnibus
1660 2008 1712 2038 in-

988 2056 1040 2082 ter
1067 2062 1101 2082 se
1131 2051 1366 2082 concinentibus
1395 2051 1512 2081 mundi
1550 2051 1711 2091 partibus.

989 2098 1080 2126 Sext.
1107 2097 1160 2126 521.
1199 2096 1361 2125 concinere
1387 2094 1468 2125 fata.
1509 2095 1573 2125 Sed
1602 2095 1710 2126 Graev.

989 2149 1120 2170 canere.

1038 2183 1193 2213 (micinne
1204 2181 1414 2219 distributus,
1438 2183 1495 2212 Or.
1513 2182 1548 2212 ii.
1565 2185 1615 2216 19.
1647 2186 1712 2220 est,

990 2237 1007 2257 e
1023 2226 1271 2257 dialecticorum
1288 2226 1474 2265 praeceptis.

1039 2271 1252 2302 Concinm'tas.
1289 2270 1346 2299 Or.
1378 2270 1431 2299 25.
1468 2268 1559 2298 illam
1596 2273 1712 2301 autem

989 2316 1248 2349 concinnitatem,
1275 2322 1348 2352 quae
1372 2313 1548 2342 verborum
1572 2312 1713 2343 colloca-

988 2360 1117 2388 tionem
1148 2357 1318 2387 illuminat
1343 2355 1393 2386 his
1413 2355 1610 2394 luminibus,
1639 2367 1714 2396 quas

991 2402 1097 2432 Graeci
1112 2400 1265 2440 σχήματα
1282 2399 1463 2440 appellant.
1488 2400 1547 2430 δίο.

1039 2445 1278 2476 Εὀησίηηὶέιιιὶο.
1303 2443 1374 2473 Iuv.
1390 2444 1411 2473 i.
1432 2446 1482 2474 18.
1506 2443 1623 2473 eadem
1639 2454 1714 2483 quae

989 2490 1196 2520 concinnitas.

1039 2533 1230 2563 concinnus,
1262 2532 1319 2562 Or.
1353 2534 1401 2565 19.
1435 2530 1620 2560 sententias
1643 2541 1716 2562 con.-

990 2578 1103 2606 cinnas
1117 2575 1223 2614 magis
1238 2575 1432 2613 exquirunt,
1444 2584 1542 2613 quam
1564 2575 1717 2614 probabi-

991 2619 1038 2650 les
1053 2618 1254 2660 philosophi.
1272 2618 1304 2648 h.
1320 2628 1348 2647 e.
1366 2627 1439 2656 quae
1458 2618 1563 2657 magis
1580 2624 1716 2659 propter

995 2673 1138 2694 acumen
1154 2662 1322 2702 placeant,
1336 2671 1437 2700 quam
1452 2662 1643 2692 veritatem.

1040 2707 1158 2738 Concio.
1182 2706 1253 2735 Att.
1280 2706 1321 2734 iv.
1346 2707 1377 2736 2.
1412 2705 1589 2735 concionem
1615 2705 1716 2737 alicui

993 2750 1082 2789 dare,
1107 2750 1267 2780 dicuntur
1292 2749 1520 2787 magistram,
1544 2758 1622 2778 cum
1651 2750 1719 2789 pri-

993 2799 1108 2824 vatum
1134 2793 1320 2828 hominem,
1346 2793 1399 2822 cui
1427 2802 1467 2822 ex
1493 2792 1608 2822 rostris
1635 2803 1713 2824 cum

994 2837 1116 2877 populo
1132 2836 1251 2876 agendi
1265 2840 1413 2876 potestas
1430 2844 1497 2865 non
1514 2839 1577 2873 est,
1595 2836 1628 2865 in
1643 2845 1714 2867 con-

993 2883 1114 2912 cionem
1130 2879 1334 2921 producunt,
1352 2879 1448 2918 eique
1472 2879 1604 2911 dicendi
1627 2883 1718 2922 pote-
