1920 3196
276 80 360 122 514

316 172 438 222 exsp-35,
472 184 596 214 scopus,
632 177 802 215 ultimum,
826 179 925 220 finis,
961 179 1002 210 ad

277 217 348 247 Att.
364 226 397 246 n.
419 218 465 247 18.

317 258 470 296 σκοτεινός,
487 261 680 298 tenebrosus,
700 262 771 293 Fin.
789 263 821 294 li.
838 268 870 295 5.

282 301 460 375 13σκυλμός,
478 304 619 340 vexatio,
637 306 794 343 molestia,
814 307 854 337 ad
872 308 942 338 Att.
960 307 1000 336 iv.

318 387 467 419 Σκυτιέλη
495 389 659 425 Λακωνικὴ,
683 390 815 429 Scytale
838 391 1004 422 Laconica

278 429 397 467 (brevis
419 431 572 470 epistola,
595 432 707 470 quales
736 434 875 464 occultis
898 434 1004 474 gravi-

278 472 403 511 busque
419 472 457 502 de
475 474 570 503 rebus
586 473 826 506 Lacedaemonii
843 477 884 507 ad
900 478 1004 516 impe-

278 519 404 545 ratores
420 525 494 545 suos
510 517 542 546 in
558 516 636 546 loris
650 517 786 557 scriptas
803 519 935 550 mittere
955 528 1006 548 so-

280 556 421 605 lebant.)
455 558 495 588 ad
521 559 591 589 Att.
624 569 655 590 x.
689 563 736 590 10.
780 561 922 600 Scytalae
953 561 1007 591 de-

280 603 495 639 scriptionem
521 607 709 632 accuratam
741 608 815 640 pete
837 614 877 634 ex
898 603 1006 634 Gellio

282 642 360 673 xvii.
376 644 406 674 9.
423 643 509 673 conf.
526 643 634 674 Schol.
646 644 795 684 Thucyd.
811 645 832 675 i.
852 648 920 676 131.
937 647 995 676 διο.

324 683 459 721 elmiza,
473 686 593 716 olentia
607 687 737 723 vicium,
752 687 792 716 ad
804 687 875 718 Att.
889 688 910 718 i.
929 691 979 722 19.

324 726 465 764 σὸλοικον,
481 728 672 765 absurdum,
689 729 730 760 ad
742 731 813 760 Att.
828 731 892 760 xiv.
907 731 938 761 6.

326 769 426 809 σοφία,
440 771 614 809 sapientia,
632 772 697 802 Off.
713 773 735 802 i.
749 774 801 802 43.

325 814 417 853 σοφοὶ,
431 814 602 852 sapientes,
616 814 646 844 T
649 824 716 845 usc.
733 826 761 843 v.
777 818 808 844 3.

325 854 488 896 σοφιςεύειν,
509 857 558 886 rei
580 858 729 887 oratorio:
753 867 886 896 operam
915 859 1007 897 dare,

283 899 385 931 libros
398 900 558 930 oratorios
572 899 724 936 scribere,
737 899 778 930 ad
791 900 865 931 Att.
881 901 915 931 ii.
929 906 960 935 9.

325 940 475 982 σοφιςεῦω,
495 941 599 981 fictas
627 951 756 980 causas,
786 941 892 980 θέσεις,
921 954 1006 974 com-

284 989 421 1015 mentor.
435 985 476 1014 ad
490 985 561 1013 Att.
577 985 620 1014 ix.
637 988 668 1018 9.

326 1028 471 1069 Σπάρταν
496 1026 624 1066 ἔλαχες,
644 1026 759 1058 ταύταν
778 1027 888 1067 κὸσμει,
904 1027 1008 1068 Spar-

284 1073 355 1117 tam
383 1071 517 1100 sortitus
551 1080 596 1106 es,
623 1071 708 1101 hanc
742 1080 837 1101 orna.
869 1070 910 1101 ad
935 1072 1007 1102 Att.

285 1123 328 1143 iv.
342 1113 374 1143 6.

325 1154 520 1192 σπείσασθαι,
547 1155 697 1186 inducias
715 1153 847 1194 facere,
872 1155 1009 1194 pacisci,

285 1199 325 1228 ml
348 1199 420 1229 Att.
445 1208 493 1228 xv.
517 1201 568 1232 29.
592 1199 721 1238 proprie
744 1204 794 1228 est
817 1199 930 1229 libare.
955 1198 1011 1228 sed

285 1241 362 1280 quia
386 1241 419 1271 in
437 1240 610 1272 foederibus
632 1238 750 1271 σπονδαὶ
773 1242 938 1271 libationes
954 1239 1010 1270 ad-

285 1283 498 1319 hibebantur,
521 1286 694 1324 propterea
717 1284 823 1323 ipsum
839 1281 954 1322 fiedus
977 1286 1011 1312 et

274 1324 389 1365 ,sindus
402 1324 524 1365 fluere
545 1324 649 1360 σπονδὴ
673 1331 706 1357 et
727 1326 908 1357 σπείσασθαι
932 1324 1009 1355 dici-

288 1374 356 1399 tur.

329 1409 527 1448 σπονδειάζων,
554 1420 664 1441 versus
693 1412 900 1453 spondaieuS‚
923 1410 958 1440 h.
981 1419 1010 1439 e.

287 1455 403 1494 quinta
423 1454 495 1483 sede
515 1454 700 1493 spondaeum
723 1456 841 1485 habens
863 1463 926 1494 pro
952 1453 1011 1482 da-

287 1498 383 1536 ctylo.
402 1495 442 1526 ad
455 1496 527 1527 Att.
543 1497 598 1526 vii.
614 1500 644 1527 2.

328 1537 494 1577 σπεδέζειν,
509 1539 590 1568 serio
606 1549 718 1578 agere,
733 1540 773 1570 ad
790 1541 861 1570 Att.
879 1539 946 1568 xiii.
962 1540 1012 1568 21.

328 1580 479 1613 σπουδαῖον
500 1579 570 1617 ὲδὲν,
585 1583 708 1612 serium
731 1583 824 1617 nihil,
847 1585 904 1610 aut
926 1579 1013 1619 quod

287 1624 427 1664 alicujus
445 1625 540 1666 pretii
557 1624 612 1661 sit,
628 1630 666 1656 ut
682 1625 721 1656 de
743 1624 870 1666 republ.
886 1623 926 1654 ad
939 1624 1012 1654 Att.

289 1667 355 1699 xiii.
371 1670 422 1698 52.

328 1709 541 1753 mammem,
554 1712 694 1750 gravius
709 1714 739 1740 et
756 1709 863 1748 magis
876 1710 1012 1745 serium,

288 1753 328 1784 ad
344 1754 415 1784 Att.
431 1764 461 1784 v.
478 1757 508 1783 3.

331 1795 439 1832 coi-⁸337,
453 1796 780 1835 studiztm‚propenm
797 1795 959 1830 voluntas,
975 1792 1014 1823 ad

289 1838 363 1870 Div.
380 1840 442 1870 xvi.
458 1841 509 1869 21.
526 1838 565 1868 ad
581 1838 653 1868 Att.
672 1838 738 1867 xiii.
757 1839 810 1870 27.

330 1882 446 1918 στάσις,
476 1885 594 1916 status,
620 1880 706 1920 Top.
737 1882 789 1910 924.

289 1925 520 1960 accusationis,
536 1924 570 1953 in
586 1932 651 1961 qua
671 1926 721 1952 est
740 1922 886 1952 criminis
902 1919 1011 1959 depul-

288 1968 350 2004 sio,
368 1966 455 2006 quod
471 1967 504 1996 in
519 1976 558 1996 ea
570 1966 692 1995 insistit
709 1965 852 2005 primum
868 1963 959 2002 quasi
976 1961 1015 1992 ad

289 2009 542 2050 repugnandum
556 2017 731 2047 cong-ressa
743 2006 900 2042 defensio,
915 2009 953 2034 ut
969 2005 1018 2034 ait

289 2053 357 2092 ipse
375 2052 488 2082 Cicero
505 2051 527 2081 1.
545 2061 574 2081 e.
596 2051 727 2091 proprie
750 2053 800 2079 est
826 2047 1016 2088 gladiatoris

290 2095 332 2125 ad
368 2093 585 2134 pugnandum
620 2092 671 2123 vel
705 2090 954 2132 repugnandum
982 2099 1016 2119 se

292 2137 509 2178 praeparantis
543 2140 577 2166 et
612 2134 823 2165 consistentis
864 2137 940 2172 apte
977 2131 1018 2161 ad

291 2179 519 2221 pugnandum,
534 2177 655 2208 dicitur
668 2177 769 2207 etiam
782 2175 915 2216 gradus,
930 2173 1017 2203 unde

292 2223 331 2253 de
346 2226 436 2252 statu
450 2226 484 2252 et
498 2221 537 2251 de
551 2219 654 2259 gradu
669 2219 808 2259 dejicere
822 2218 955 2248 dicitur.

334 2263 476 2307 ςεξὲμνια,
498 2263 613 2298 solida,
623 2262 748 2303 firma,
771 2261 852 2291 Nat.
868 2259 911 2290 D.
926 2259 948 2288 i.
970 2260 1015 2288 13.

291 2307 345 2338 Sic
360 2306 550 2347 appellabat
563 2305 727 2346 Epicurus
746 2313 897 2343 corpora,
912 2312 932 2332 a
946 2300 1018 2339 qui-

292 2352 352 2380 bus
366 2348 554 2385 simulacra,
570 2357 643 2387 quae
658 2348 823 2377 sensiones
838 2345 1018 2379 efficerent,

292 2392 476 2423 defluerent
501 2391 661 2421 continuo
678 2401 687 2428 ;
724 2393 764 2419 ut
799 2387 1019 2426 distingueret

292 2434 418 2466 scilicet
432 2434 473 2464 ab
490 2432 686 2468 simulacriS‚
702 2440 775 2471 quae
800 2429 849 2461 nil
872 2427 1019 2460 solidita-

293 2480 335 2509 tis
350 2481 385 2506 et
399 2476 568 2507 firmitatis
582 2475 753 2505 haberent.

335 2517 479 2562 ἐςκτέον,
509 2517 733 2558 probandum,
769 2516 852 2554 aequi
889 2513 1021 2553 bonique

293 2561 538 2595 consulendum.
555 2560 595 2590 ad
611 2562 684 2590 Att.
698 2559 741 2588 ix.
761 2560 810 2588 10.

337 2604 490 2647 gagnei-moi,
500 2602 686 2642 privantia,
701 2601 786 2640 Top.
804 2601 852 2630 ll.

336 2647 485 2683 Στίλβων,
504 2645 692 2677 silerem-ius
708 2644 858 2683 planeta.
874 2639 955 2670 Nat.
977 2638 1022 2669 D.

293 2693 329 2723 ii.
345 2694 397 2722 20.

336 2732 440 2776 503731,
456 2739 550 2761 amor
566 2733 597 2760 el
607 2730 713 2769 pietas
729 2727 814 2758 inter
822 2729 977 2766 parentes
992 2728 1023 2755 et

296 2778 421 2810 liberos.
438 2774 478 2805 ad
493 2774 566 2803 Att.
579 2783 611 2803 x.
629 2775 659 2804 8.

337 2818 534 2863 ςςοιτήογημα,
561 2814 731 2846 consilium
759 2812 1021 2853 imperatorium,

295 2864 376 2896 Nat.
392 2862 435 2893 D.
454 2860 499 2891 iii.
517 2858 548 2889 6.

843 1877 1015 1909 Refutatio

701 91 864 121 INDEX
901 91 1335 123 GRAEco-LATINUS.

1086 179 1275 228 ξρατύλλαξ,
1312 181 1598 220 imperatorculu5‚
1625 180 1668 212 ad
1699 180 1772 212 Att.

1045 232 1107 252 xvi.
1129 225 1176 253 15.
1197 232 1252 263 per
1270 229 1477 254 contemtum
1493 224 1533 255 de
1548 222 1707 255 Antonio.

1089 264 1293 308 σύγγραμμα,
1316 264 1359 296 ad
1380 267 1452 296 Att.
1476 267 1540 297 xvi.
1562 266 1593 297 6.
1614 266 1775 306 scriptum

1045 309 1253 347 quodcunque
1259 312 1289 338 et
1295 317 1334 338 ea:
1340 318 1526 348 quocunque
1532 318 1662 348 genere.
1685 307 1774 338 Nam

1046 350 1121 385 etsi,
1138 356 1177 381 ut
1194 351 1396 393 συγγραφεὺς,
1410 351 1527 392 saepius
1541 352 1580 382 de
1596 350 1775 384 historicis,

1047 401 1146 430 quam
1175 393 1246 423 aliis
1269 394 1494 432 scriptoribus,
1516 394 1560 423 sic
1583 393 1775 435 σύγγραμμα

1047 434 1086 464 de
1096 433 1260 465 historicis
1273 435 1363 465 libris
1376 436 1508 472 dicitur,
1520 441 1634 467 tamen
1644 443 1777 466 utrum-

1048 486 1109 515 que
1125 476 1164 507 de
1181 478 1272 507 omni
1287 487 1405 516 genere
1421 479 1594 518 reperitur.

1090 519 1328 558 συγκατάθεσις,
1376 521 1523 557 assensio,
1572 520 1775 561 approbatio,

1049 562 1150 592 Acad.
1168 563 1209 592 iv.
1227 564 1275 593 1⁶2.

1091 604 1281 647 συγκύρημα,
1298 614 1405 641 casus,
1419 603 1461 635 ad
1475 607 1547 636 Att.
1563 606 1598 636 ii.
1614 608 1663 636 19.

1091 647 1251 687 σύγχυσις,
1267 646 1421 687 confusio.
1437 648 1478 678 ad
1491 648 1563 679 Att.
1578 649 1620 678 vi.
1635 652 1667 682 9.

1093 690 1239 730 σύγχυσις
1256 692 1308 725 τῆς
1323 690 1489 727 πολιτείας,
1505 689 1647 730 ιὀηῙὶιείο
1668 692 1778 732 reipu—

1051 732 1153 768 bucce,
1169 734 1208 764 ad
1223 733 1295 764 Att.
1312 733 1367 763 vii.
1385 736 1415 764 8.

1092 776 1127 806 σὺ
1141 774 1168 806 δὲ
1183 774 1215 808 δὴ
1232 775 1265 806 τί
1276 775 1369 808 abiam
1383 790 1391 809 ς
1413 781 1450 807 tu
1464 785 1538 805 vero
1553 775 1633 815 quid
1645 784 1677 806 es
1689 775 1776 813 cogi-

1051 819 1215 865 (abundus
1226 820 1243 848 .?
1265 819 1306 850 ad
1319 820 1393 849 Att.
1403 819 1472 849 xiii.
1484 819 1536 849 42.
1558 817 1697 848 Videtur
1709 826 1778 848 esse

1051 861 1186 891 mitium
1200 862 1331 892 senarii.

1092 903 1259 943 συζῆτησις,
1283 908 1401 934 mutua
1421 903 1564 943 quaestio,
1588 900 1780 943 disputatio,

1051 947 1091 979 ad
1105 947 1181 977 Div.
1198 948 1262 978 xvi.
1276 949 1328 977 21.

1093 989 1236 1029 συζυγία,
1251 987 1451 1029 conjugatio,
1465 987 1552 1027 Top.
1568 989 1600 1018 3.
1614 985 1670 1016 ubi
1686 985 1752 1017 vid.

1094 1032 1173 1073 σύκῳ
1187 1033 1234 1072 μὰ
1250 1032 1301 1064 τὴν
1317 1031 1463 1073 Δήμητρα
1484 1030 1569 1061 σῦκον
1583 1027 1628 1060 ὶδὲ
1650 1027 1677 1059 ἓν
1690 1028 1779 1060 Οὕτω

1051 1075 1141 1114 ὅμοιον
1167 1076 1295 1115 γὲγονεν,
1319 1074 1413 1105 Ficu‘l'
1430 1083 1493 1114 per
1521 1073 1670 1104 Cererem
1687 1071 1781 1112 ficus

1051 1120 1148 1149 nulla
1161 1127 1320 1158 umquam
1336 1121 1406 1147 tam
1422 1117 1539 1146 similis
1543 1114 1632 1154 fuit.
1651 1114 1691 1145 ad
1705 1113 1779 1145 Att.

1053 1161 1095 1191 iv.
1119 1164 1149 1192 8.
1194 1161 1347 1191 Senarius
1377 1169 1453 1189 cum
1479 1157 1612 1188 dimidio
1635 1156 1776 1194 Comici,

1053 1204 1163 1234 nescio
1177 1204 1284 1242 eujus.

1095 1246 1248 1281 σύλλαςαι,
1267 1246 1400 1281 indices,
1417 1242 1457 1273 ad
1473 1243 1546 1273 Att.
1562 1241 1604 1274 iv.
1620 1244 1652 1273 4.
1699 1241 1782 1271 Haec

1053 1295 1103 1318 est
1121 1289 1220 1320 lectio
1243 1288 1414 1323 librorum,
1431 1285 1493 1315 nisi
1513 1284 1600 1323 quod
1621 1294 1674 1324 ep.
1693 1286 1724 1314 5.
1746 1287 1783 1313 et

1054 1334 1084 1362 8.
1100 1332 1235 1371 legitur,
1250 1330 1386 1369 sillyboe‚
1397 1328 1545 1359 clem-uam.
1559 1326 1614 1365 qul
1627 1327 1694 1356 Sint
1707 1325 1781 1356 σόλ-

1053 1375 1151 1411 λαςοι,
1174 1375 1200 1404 si
1222 1373 1321 1403 lectio
1343 1382 1421 1402 vera
1440 1375 1503 1406 est,
1523 1370 1591 1410 ipse
1613 1367 1709 1399 docet
1727 1369 1782 1401 Ci-

1054 1427 1141 1455 cero,
1156 1426 1274 1456 nempe
1290 1415 1536 1449 membranuloe,
1551 1421 1592 1442 ex
1603 1411 1717 1450 quibus
1730 1411 1783 1441 in-

1054 1461 1139 1490 dices
1142 1459 1249 1500 fiant.
1282 1457 1351 1488 Jos.
1367 1456 1513 1495 Scaliger
1534 1458 1569 1484 et
1583 1453 1718 1484 Vossius
1740 1453 1781 1484 ad

1055 1502 1180 1533 Catull.
1212 1511 1244 1541 p.
1272 1502 1326 1531 ⁶22.
1355 1499 1419 1538 legi
1444 1497 1600 1528 volebant
1626 1495 1778 1530 σιττύζυς.

1056 1555 1132 1575 nam
1148 1544 1211 1574 hoe
1226 1552 1294 1574 esse
1309 1553 1362 1583 ep.
1378 1544 1408 1571 5.
1426 1544 1461 1571 et
1476 1544 1592 1570 octava
1606 1538 1782 1578 putabant.

1056 1587 1118 1617 Sed
1130 1586 1277 1617 Graevius
1293 1589 1381 1615 recte
1396 1583 1491 1619 vidit,
1507 1580 1644 1615 σιττύέες
1658 1590 1726 1612 esse
1739 1581 1781 1612 ab

1056 1629 1105 1659 his
1122 1629 1202 1659 locis
1217 1627 1355 1664 alienos,
1371 1635 1438 1656 non
1460 1625 1583 1661 minus,
1599 1633 1698 1663 quam
1717 1635 1783 1654 σιτ-

1056 1671 1158 1706 τύςας.
1182 1669 1319 1704 σιτ-τάξας
1343 1678 1412 1699 esse
1435 1668 1528 1703 ollas,
1551 1672 1686 1697 auctore
1708 1666 1785 1697 Pol-

1056 1715 1141 1752 luce,
1155 1713 1295 1746 «ηπ-τάξας
1313 1717 1424 1743 autem
1435 1714 1536 1740 vestes
1542 1710 1711 1749 pelliceas,
1725 1719 1784 1739 au-

1056 1764 1146 1788 ctore
1171 1756 1346 1796 Hesychio.
1392 1752 1548 1784 Pelliceas
1571 1752 1661 1782 enim
1678 1757 1784 1783 vestes

1057 1800 1259 1830 involv-endis
1286 1798 1377 1828 libris
1406 1793 1671 1828 accommodatas
1701 1802 1785 1831 esse,

1057 1852 1125 1872 non
1137 1842 1244 1873 titulis
1255 1841 1427 1870 librorum.
1465 1836 1583 1876 ltaque
1595 1846 1655 1876 pro
1667 1837 1786 1867 συλλά-

1058 1886 1106 1918 ἔκς
1122 1885 1202 1924 legit
1215 1883 1370 1918 σιλλῦζυς,
1381 1886 1415 1911 et
1429 1880 1552 1919 sillybis
1568 1889 1626 1919 pro
1645 1879 1786 1918 sillybis.

1060 1928 1241 1969 Hesychius
1261 1925 1399 1956 σῖλλυέαυ
1419 1924 1658 1962 interpretatur
1676 1922 1711 1953 τὸ
1730 1921 1788 1953 «νῦν

1057 1969 1176 2006 βιςλῖων
1188 1969 1288 2013 δέρμα.
1334 1964 1531 2006 Hujusmodl
1548 1963 1654 2001 tituli,
1667 1964 1785 2004 quibus

1058 2018 1230 2044 auctorum
1244 2011 1382 2043 nomina
1393 2007 1670 2043 inscribebantur,
1684 2011 1719 2037 et
1730 2008 1787 2047 qui

1058 2057 1149 2087 libris
1175 2054 1482 2097 agglutinebantur,
1508 2048 1787 2088 quemadmodum

1058 2100 1159 2130 etiam
1174 2099 1270 2129 hodie
1284 2095 1502 2135 elegantiores
1523 2091 1614 2122 libris
1636 2091 1703 2122 suis
1725 2090 1788 2122 hu-

1053 2141 1199 2181 jusmodi
1223 2136 1467 2172 membranulas
1490 2132 1745 2173 agglutinandas
1768 2144 1790 2165 a

1058 2183 1251 2224 bibliopegis
1277 2177 1549 2218 curant„quibus
1574 2175 1649 2206 libri
1670 2179 1788 2208 auctor

1057 2231 1094 2257 et
1114 2225 1234 2256 titulus
1249 2224 1355 2256 aureis
1367 2221 1471 2253 literis
1490 2218 1636 2249 inuritur
1648 2233 1656 2249 ι
1678 2218 1787 2259 cujus-

1060 2269 1148 2299 modi
1162 2268 1255 2299 tituli
1270 2267 1374 2297 etiam
1392 2262 1544 2295 ortem-oium
1559 2259 1726 2291 dicuntur.
1745 2260 1786 2292 de

1060 2310 1207 2345 σιλλύςοις
1221 2321 1251 2342 v.
1277 2308 1417 2341 Salmas.
1440 2305 1482 2337 ad
1504 2302 1686 2343 Capitolini
1708 2302 1787 2334 Per·
1838 2330 1842 2333 ,

1060 2355 1121 2385 tin.
1150 2364 1224 2395 pag.
1249 2355 1323 2387 549.
1350 2350 1385 2381 b.
1414 2349 1497 2380 Haec
1521 2345 1680 2376 Graevius.
1724 2346 1788 2377 Ce-

1060 2406 1170 2428 terum
1189 2395 1285 2427 facile
1307 2392 1449 2431 intelligi
1471 2393 1592 2431 potest,
1606 2387 1693 2418 unde
1715 2387 1788 2419 haec

1061 2439 1205 2470 mutatio
1219 2442 1293 2468 orta
1307 2438 1363 2466 sit.
1395 2434 1446 2466 Ex
1460 2431 1585 2471 sillybis
1597 2430 1701 2460 facilis
1715 2440 1790 2461 mu-

1061 2482 1146 2513 tatio
1175 2481 1210 2511 in
1233 2478 1372 2519 siltybis.
1425 2476 1475 2507 Ex
1502 2472 1643 2506 σιλλύέυς
1673 2476 1788 2503 autem

1061 2524 1275 2555 manifestum
1292 2525 1356 2557 est,
1374 2518 1526 2550 librarios
1541 2516 1654 2548 fecisse
1669 2514 1788 2546 συλλεξ-

1064 2568 1126 2604 Ces,
1136 2567 1289 2606 deceptos
1303 2563 1424 2594 indices
1432 2570 1521 2590 voce.
1565 2558 1654 2590 Nam
1667 2558 1789 2589 indices

1063 2620 1128 2646 eos,
1143 2618 1224 2648 quos
1246 2605 1346 2646 vulgo
1361 2612 1528 2640 vocamus,
1547 2601 1581 2633 h.
1603 2611 1633 2631 e.
1658 2600 1789 2632 Catala-

1060 2651 1312 2692 gus‚Regz·ster,
1323 2646 1476 2680 eumaeus
1490 2645 1554 2676 dici
1567 2653 1674 2684 posse,
1685 2643 1793 2673 notis-

1063 2697 1185 2726 simum
1199 2696 1261 2724 est.
1298 2693 1350 2723 De
1360 2692 1410 2722 his
1424 2688 1488 2719 dici
1497 2687 1674 2728 putabant,
1686 2693 1791 2724 neque

1064 2736 1310 2776 intelligebant,
1334 2734 1373 2765 de
1394 2733 1494 2770 longe
1519 2728 1592 2760 aliis
1617 2727 1792 2765 indicibus,

1065 2782 1098 2812 h.
1110 2792 1140 2812 e.
1149 2780 1189 2811 de
1203 2779 1254 2815 iis,
1265 2779 1321 2817 qui
1336 2775 1520 2807 indicarent
1532 2771 1608 2802 libri
1621 2774 1791 2801 auctorem

1065 2827 1164 2863 atque
1184 2821 1264 2852 adeo
1287 2817 1537 2859 inscriptionem
1559 2818 1595 2844 et
1616 2821 1792 2852 argumen-

1067 2871 1154 2903 tum,
1185 2871 1371 2895 sermonem
1396 2869 1477 2893 esse.
1521 2856 1605 2888 Erat
1633 2858 1795 2903 praeterea
