1920 3196
709 98 856 127 INDEX
887 96 1184 127 LATINITATIS.

174 188 359 221 decrevisti.
385 187 631 228 *magistratus
646 191 761 218 autem
778 187 911 227 provin-

176 233 272 264 ciales
299 237 333 262 et
360 232 439 272 ipsae
464 232 641 271 provinciae
665 238 840 261 ornantur.
871 230 912 270 Ω.

178 277 228 308 Fr.
254 276 288 306 ii.
311 279 342 307 3.
372 276 442 306 Att.
466 276 511 305 iii.
536 277 588 306 24.
622 276 662 305 iv.
691 278 740 305 18.
772 284 849 304 cuin
875 274 912 303 iis

176 320 403 350 decernuntur
419 319 612 348 necessariae
629 318 777 348 militum
795 317 912 357 copiae,

175 362 353 402 stipendia,
377 362 491 401 legati.
516 362 575 391 &c.
608 362 672 391 vid.
696 362 808 400 Sigon.
832 361 913 391 Ant.

174 406 248 436 Jur.
265 405 360 435 Prov.
377 406 411 435 ii.
430 408 479 435 11.
513 406 530 423 ¹⁸
546 405 585 435 ad
610 405 687 435 l)iv.
704 406 760 434 xii.
783 408 829 434 10.
859 414 914 433 ex-

174 449 295 479 ercitus
325 454 477 487 amatu-r,
508 449 653 488 praemiis
685 447 912 478 decernendis.

174 492 292 531 *Lege
311 492 449 523 Curiata
464 493 589 523 ornari.
613 492 691 531 Agr.
706 493 739 521 ii.
763 495 810 522 10.
833 491 914 530 quid

172 536 229 567 sit.
257 546 286 565 v.
303 535 376 566 lnd.
395 535 463 566 LL.

223 579 381 616 Ornatus,
399 590 429 616 a,
449 589 518 609 um.
548 578 618 608 Att.
636 579 681 608 iii.
700 581 752 609 94.
779 578 913 618 provin-

173 623 233 653 ciae
256 628 390 653 ornacoe.
424 633 452 652 v.
468 633 598 652 ornare.
627 622 838 652 *instructus
864 633 912 651 re-

174 667 235 696 bus
251 667 404 697 omnibns
420 667 624 696 necessariis.
650 667 768 706 Quint.
786 668 838 696 31.
860 676 912 695 or-

174 712 362 740 notissimus
390 710 526 739 fundus.
566 710 607 739 cf.
632 709 726 740 Verr.
757 711 778 739 i.
802 712 854 740 34.
879 710 912 739 in

176 753 288 784 Caecil.
307 757 356 784 15.
381 754 504 784 Caecin.
522 756 572 784 21.

221 796 275 834 Os,
292 798 368 827 oris.
403 797 622 837 impudentia.
652 796 694 826 ad
717 796 793 826 Div.
812 807 841 825 v.
863 799 912 827 10.

175 850 242 871 non
259 841 286 870 si
299 841 396 881 Appii
413 851 444 870 os
460 841 628 871 haberem.
646 840 686 869 ad
698 841 913 871 Div.ix.8.os

173 885 375 914 Academiae.
403 885 457 914 Sic
472 892 507 914 et
522 891 573 914 est
585 883 840 923 intelligendum
853 884 911 914 Or.

174 929 208 957 ii.
234 932 264 962 7.
304 928 367 958 nisi
399 929 538 958 accessit
569 939 611 957 os.
650 927 780 958 *Arch.
812 932 842 961 9.
880 938 912 958 os

173 971 250 1002 belli
267 981 304 1001 ac
326 972 455 1002 fauces:
489 971 521 1001 h.
547 982 576 1001 e.
601 971 756 1001 bellicum
781 971 911 1011 pericu-

172 1015 243 1045 lum
269 1020 301 1045 ct
327 1015 461 1054 quidem
481 1016 652 1045 ultimum.
698 1014 839 1044 Videtur
862 1015 911 1044 di-

172 1064 265 1088 ctum
284 1059 472 1088 imitatione
490 1059 641 1095 Homeri,
658 1059 715 1097 qui
732 1058 816 1088 dixit
832 1056 911 1096 τίμα

171 1101 327 1140 πολέμοιο,
343 1101 382 1132 11.
401 1101 441 1132 ι’.
460 1105 490 1133 8.
524 1103 577 1132 ubi
601 1107 715 1132 tamen
732 1101 846 1132 durius
862 1102 910 1131 di-

175 1146 274 1183 citur,
308 1156 408 1185 quain
445 1146 533 1185 apud
571 1146 778 1175 Ciceronem.
831 1145 909 1176 Non

170 1189 259 1218 enim
277 1190 412 1219 additur
427 1190 614 1229 eripere‚ut
625 1189 657 1219 h.
669 1189 691 1219 l.
706 1189 764 1219 sed
780 1188 907 1229 τιῦχσιν.

172 1232 244 1261 add.
263 1231 296 1262 ν’.
315 1236 389 1267 359.

218 1274 272 1312 Os,
289 1277 381 1306 ossis.
412 1276 482 1306 Fin.
498 1278 539 1306 iv.
559 1280 588 1307 3.
618 1287 685 1307 ossa
708 1277 836 1307 nudare
861 1277 909 1306 di-

171 1325 296 1349 cuntur
316 1320 432 1357 Stoici,
450 1322 505 1360 qui
530 1321 569 1350 de
593 1322 690 1350 rebus
708 1322 838 1360 magnis
855 1321 908 1360 je-

164 1365 248 1402 june
264 1368 299 1393 et
316 1364 385 1393 sine
401 1371 522 1394 ornatu
538 1365 698 1395 scribunt.

218 1406 355 1437 Osciues.
387 1407 466 1437 Nat.
483 1409 525 1438 D.
543 1409 578 1438 ii.
595 1409 646 1439 64.
673 1417 749 1437 aves
765 1417 908 1447 augura-

170 1449 230 1486 les,
248 1461 321 1490 quae
339 1458 442 1482 cantu
458 1453 645 1491 auspicium
663 1452 803 1482 faciunt.

218 1494 374 1525 Oscitare.
404 1495 460 1525 Or.
478 1496 511 1525 ii.
534 1499 586 1526 33.
618 1498 752 1526 oscitans
776 1495 907 1535 sapien-

167 1538 234 1568 tia:
268 1539 289 1568 i.
313 1549 342 1568 e.
368 1540 486 1576 otiosa,
510 1550 584 1579 quae
608 1540 692 1570 nihil
715 1539 836 1569 laboris
859 1537 907 1568 af-

166 1581 242 1611 fert.

216 1625 408 1656 oscitanter.
430 1626 588 1658 B1-ut.80.
610 1627 783 1657 oscitanter
795 1636 906 1666 agere,

167 1668 209 1698 de
225 1669 357 1699 actione
373 1670 504 1709 frigida.

216 1712 378 1750 Oseulari²
396 1715 494 1744 nimis
511 1715 622 1754 magni
640 1714 762 1751 facere,
781 1724 904 1744 amare.

168 1756 302 1786 Muren.
335 1760 382 1787 10.
422 1759 579 1797 quoniam
599 1758 905 1798 jurisprudentiam

166 1804 327 1839 tanquam
347 1800 482 1831 filiolam
499 1803 666 1832 oscularis.

214 1843 397 1875 Ostendet‘e.
428 1846 522 1876 Orat.
546 1847 567 1875 i.
592 1849 643 1876 33.
674 1845 835 1875 ostendere
857 1854 904 1882 se,

167 1886 328 1918 dicuntur
358 1898 421 1926 res,
447 1899 521 1928 quae
552 1890 698 1928 primum
727 1889 905 1918 inveniun-

164 1935 232 1961 tur.
250 1931 314 1971 *Q.
327 1932 376 1961 Fr.
387 1933 408 1961 i.
418 1934 449 1963 2.
459 1943 487 1963 c.
497 1936 527 1963 5.
542 1943 576 1963 se
590 1935 715 1973 optime
730 1933 904 1969 ostendere,

166 1981 217 2004 est
233 1985 390 2014 magnam
407 1986 499 2015 spem
523 1978 574 2006 sui
592 1976 711 2007 facere.
742 1976 813 2006 *ad
828 1976 903 2006 Div.

166 2018 187 2047 i.
218 2020 270 2049 22.
315 2023 475 2050 ostentum
505 2028 556 2050 est
583 2021 667 2059 tibi;
714 2030 774 2060 pro
803 2024 904 2050 ossen-

165 2071 248 2092 sum.

214 2104 395 2144 Ostentare,
426 2106 557 2136 minari.
596 2106 637 2137 ad
667 2107 744 2137 Div.
777 2107 817 2137 iv.
853 2111 902 2138 14.

167 2148 243 2178 belli
268 2150 376 2179 exitus
399 2150 522 2179 caedein
546 2155 693 2181 ostentae.
718 2150 903 2190 *pollio-eri.

166 2192 243 2231 Agr.
268 2193 301 2222 ii.
327 2194 379 2224 98.
409 2203 526 2232 agrum
555 2195 778 2234 Campanum,
802 2205 902 2234 quen]

165 2236 256 2266 vobis
272 2240 443 2275 ostmtant,
453 2238 514 2277 ipsi
525 2239 752 2278 concupivere.
774 2240 902 2278 ‘jacta-

166 2288 212 2308 re.
230 2279 271 2310 ad
285 2280 393 2311 Div.i.
404 2284 436 2311 4.
455 2281 534 2320 quid
547 2283 635 2311 enim
654 2292 707 2311 me
723 2287 874 2313 essentem
886 2284 901 2312 .·'

166 2322 208 2352 cf.
240 2324 350 2354 Deiot.
387 2327 435 2355 10.
471 2325 535 2355 huc
565 2325 651 2355 refer
682 2327 784 2356 etiam
818 2326 902 2356 illud

166 2366 316 2397 Marcell.
332 2372 362 2402 9.
394 2370 578 2399 aeternitati
595 2379 629 2399 se
644 2367 798 2410 jactare:
823 2370 856 2400 h.
872 2380 902 2400 e.

164 2410 271 2441 facere
296 2421 348 2448 ea,
364 2413 484 2450 quibus
509 2414 705 2443 memoriam
729 2414 780 2444 tui
804 2419 902 2444 aeter-

166 2463 243 2484 nam
260 2454 373 2485 facias.

213 2497 401 2535 ostentatio,
434 2499 645 2539 pollicitatio,
675 2510 762 2540 spes,
801 2511 899 2540 quani

165 2540 264 2571 alicui
281 2542 432 2572 facimus.
462 2543 532 2573 Att.
550 2555 580 2573 v.
601 2548 650 2575 13.
681 2547 902 2575 ostentationes

165 2594 255 2614 meas
274 2595 363 2615 nunc
381 2587 414 2616 in
430 2587 609 2617 discrimen
624 2597 695 2618 esse
711 2588 882 2619 adductas.

212 2627 392 2666 Ostentum,
420 2630 499 2669 quid
526 2632 590 2661 sit?
627 2631 707 2662 Nat.
738 2632 781 2662 D.
810 2632 844 2662 ii.
869 2636 900 2663 3.

164 2672 184 2689 ³
197 2682 247 2702 res
264 2674 359 2709 mira,
376 2683 442 2703 non
465 2681 671 2714 exspectata,
688 2675 901 2706 incredibilis.

164 2715 206 2745 ad
235 2716 312 2746 Div.
343 2717 411 2747 viii.
440 2720 488 2748 14.
525 2719 672 2758 Appium
701 2723 825 2749 ostenta
853 2719 901 2750 fa-

164 2769 250 2789 cere.

210 2802 349 2841 otiosus,
380 2806 493 2835 neutri
529 2806 615 2845 parti
647 2805 813 2843 addictus,
844 2807 902 2837 sed

163 2856 280 2885 pacem
293 2856 425 2877 servans
439 2858 516 2879 cum
533 2856 686 2888 utraque.
710 2849 752 2879 ad
766 2850 841 2880 Div.
856 2851 901 2881 ix.

160 2892 192 2921 5.
209 2892 262 2923 25.
285 2890 445 2939 Marcell.
462 2892 493 2923 6.
524 2892 684 2931 moetus,
700 2894 756 2933 qui
773 2893 900 2925 nullam

1613 89 1697 140 ⁵77

955 185 1097 225 reipubl.
1114 190 1244 226 partem
1261 187 1415 226 capessit.
1439 187 1529 220 Sext.
1543 192 1594 222 51.
1612 200 1697 231 ςτε-

955 228 1068 259 culum
1094 239 1128 259 se
1152 234 1251 269 atque
1273 233 1405 262 otiosum
1429 234 1539 273 putari
1565 235 1692 275 voluit;

955 272 1065 302 studio
1082 272 1253 304 literarum
1271 284 1305 304 se
1322 275 1433 306 subito
1450 276 1589 308 dedidit.
1633 278 1698 309 At-

955 326 1018 355 que
1051 317 1085 347 in
1111 317 1305 347 universum
1334 319 1421 348 otiosi
1449 325 1543 358 sunt,
1570 322 1627 361 qui
1652 322 1695 353 ad

954 369 1061 400 remp.
1075 370 1139 390 non
1153 361 1331 392 accedunt.
1354 362 1449 393 offic.
1463 363 1485 393 i.
1502 365 1554 394 21.
1575 365 1694 397 *Sext.

955 404 1008 433 46.
1041 403 1186 443 dignitas
1202 405 1298 434 otiosa
1309 418 1318 435 :
1342 405 1375 435 h.
1391 416 1421 435 e.
1438 417 1514 436 cum
1529 409 1598 438 otio
1615 419 1696 439 con·

948 447 1081 485 juncta.
1128 448 1242 478 *liber
1271 458 1290 477 a
1319 451 1546 480 commotione
1578 453 1695 485 animi.

955 490 1049 520 Brut.
1068 492 1122 521 ⁶24.
1153 501 1229 522 cum
1246 493 1361 522 otiosus
1376 493 1492 524 stilum
1510 494 1696 534 prehende-

956 540 1008 564 rat
1025 535 1084 564 ohe.

1003 576 1124 615 Orare,
1142 578 1252 608 minus
1269 583 1332 617 est,
1344 590 1444 618 qnam
1461 581 1692 622 triumphare;

956 621 1083 660 ingredi
1108 622 1237 659 urbem,
1257 623 1298 652 ob
1323 624 1495 654 victoriam
1520 635 1586 655 non
1610 626 1693 657 adeo

956 675 1128 703 magnam,
1144 676 1240 703 equo.
1271 666 1312 696 ad
1329 666 1424 698 Brut.
1449 671 1496 699 15.
1529 674 1568 698 ut
1583 672 1694 701 oranti

956 709 1092 738 introire
1118 709 1240 739 Caesari
1267 709 1383 740 liceret
1409 711 1549 743 decrevi.
1590 723 1619 743 v.
1642 713 1694 744 Si-

955 761 1031 790 gon.
1056 753 1135 782 Ant.
1155 752 1228 783 Jur.
1254 753 1290 784 C.
1314 754 1352 784 R.
1377 755 1398 784 i.
1423 757 1476 786 22.
1508 762 1542 786 et
1564 756 1691 788 Ant.J.

956 796 1049 826 Prov.
1069 796 1102 826 ii.
1123 799 1172 827 10.

1299 925 1335 959 P.

998 1013 1156 1045 Pacatus.
1188 1014 1273 1045 Phil.
1289 1025 1318 1044 v.
1336 1020 1366 1050 9.
1391 1017 1485 1056 cujus
1503 1018 1690 1057 nequitiam

953 1067 994 1087 ne
1004 1062 1163 1098 pacatam
1180 1059 1314 1097 quidem
1331 1059 1414 1090 ferre
1435 1071 1610 1101 possumus
1624 1076 1630 1092 x
1655 1064 1689 1094 h.

952 1111 981 1131 e.
1007 1102 1040 1131 in
1058 1112 1154 1141 pace,
1177 1103 1250 1132 sine
1274 1104 1385 1133 armis.
1417 1105 1512 1134 *non
1537 1106 1689 1138 infestus.

953 1145 1036 1175 Phil.
1060 1147 1114 1177 vii.
1139 1150 1170 1180 9.
1203 1146 1281 1176 huic
1299 1151 1441 1187 pacatus
1464 1152 1595 1188 poterat
1618 1160 1689 1182 esse

951 1189 1130 1219 Antonius.

996 1233 1118 1270 Pacta,
1135 1243 1265 1273 sponsa.
1289 1233 1390 1264 Attic.
1409 1245 1440 1266 v,
1455 1238 1508 1266 ⁶21.
1532 1237 1602 1276 ejus
1619 1238 1688 1269 filio

945 1281 1046 1316 pacta
1062 1282 1113 1307 est
1128 1277 1318 1308 Artavasdis
1343 1279 1422 1309 filia.
1454 1289 1483 1309 V.
1500 1280 1629 1312 Duker.
1646 1282 1689 1313 ad

950 1321 1021 1351 Liv.
1040 1321 1117 1351 xliv.
1134 1324 1186 1352 30.
1215 1321 1270 1351 ubi
1290 1321 1385 1361 plura
1399 1323 1552 1363 exempla
1568 1335 1688 1366 conge-

949 1369 1001 1394 sta
1015 1370 1113 1394 sunt:
1138 1364 1251 1395 Livius
1275 1370 1389 1396 tamen
1413 1367 1516 1397 etiam
1540 1367 1624 1400 dixit
1647 1369 1687 1400 de

949 1418 1038 1438 vlrls.

958 1488 961 1490 q
994 1452 1135 1482 Pacisci.
1152 1462 1238 1492 pass,
1269 1452 1341 1483 Att.
1357 1454 1390 1484 ii.
1408 1459 1439 1489 9.
1472 1465 1546 1494 quae
1570 1455 1609 1486 de
1634 1467 1687 1487 me

944 1500 1045 1535 pacta
1060 1501 1149 1526 sunt.

994 1539 1120 1570 Pactio.
1158 1540 1248 1570 inter
1274 1540 1468 1580 publicanos
1495 1545 1530 1571 et
1556 1544 1689 1582 provin-

949 1583 1062 1621 ciales,
1080 1584 1136 1622 qui
1160 1593 1255 1623 agros
1279 1583 1482 1623 decumanos
1506 1585 1687 1626 habebant,

943 1628 1119 1667 ‘pactiones
1138 1628 1274 1657 fiebant.
1304 1627 1346 1658 ad
1360 1629 1435 1658 Div.
1453 1629 1521 1659 xiii.
1539 1630 1591 1662 65.
1616 1632 1687 1669 ejus

948 1681 1082 1701 summa
1096 1672 1298 1701 existimatio
1315 1673 1425 1711 agitur
1440 1673 1475 1702 in
1499 1683 1550 1711 eo,
1570 1679 1607 1704 ut
1622 1685 1688 1715 pa-

947 1716 1066 1745 ctiones
1096 1725 1174 1745 cum
1204 1715 1338 1754 reliquis
1364 1716 1554 1747 civitatibus
1583 1719 1687 1749 confi-

948 1759 1024 1789 ciat.
1043 1758 1167 1789 cf.Att.
1185 1768 1213 1788 v.
1232 1762 1281 1790 13.
1297 1759 1338 1799 Ω.
1355 1759 1407 1790 Fr.
1421 1759 1442 1790 i.
1456 1764 1482 1790 1.
1496 1771 1524 1790 c.
1544 1764 1590 1792 19..
1607 1763 1686 1802 Ejus

948 1804 995 1832 rei
1011 1803 1096 1832 ratio
1109 1802 1253 1842 intelligi
1272 1807 1382 1843 potest
1393 1803 1560 1835 eVerrina
1575 1807 1688 1837 tertia.

948 1846 1012 1877 vid.
1029 1857 1059 1875 v.
1076 1856 1103 1876 c.
1126 1849 1174 1877 14.
1204 1847 1246 1876 cf.
1274 1847 1388 1877 Burm.
1407 1846 1446 1877 de
1470 1848 1633 1889 Vectigal.
1651 1861 1684 1891 p.

951 1893 1024 1924 139.
1054 1889 1211 1920 Balduin.
1228 1890 1372 1930 Jurispr.
1392 1891 1484 1922 Muc.
1501 1902 1532 1931 p.
1549 1903 1594 1923 m.
1615 1897 1686 1929 119.

946 1934 1067 1974 *Saepe
1087 1935 1245 1974 pactionis
1262 1935 1389 1964 mentio
1406 1935 1440 1964 in
1465 1938 1688 1976 corruptioni·

947 1978 1007 2007 bus
1032 1978 1245 2018 pecuniariis,
1262 1984 1301 2007 ut
1324 1978 1418 2009 Verr.
1439 1979 1460 2008 i.
1476 1983 1507 2013 7.
1539 1981 1686 2012 sciebam

946 2023 979 2052 in
994 2021 1180 2061 rejiciendis
1191 2021 1362 2059 judicibus
1376 2023 1687 2064 nonnullospactio-

945 2067 997 2096 nis
1013 2065 1237 2105 suspicionem
1255 2074 1322 2094 non
1339 2066 1468 2096 vitasse.
1500 2067 1611 2099 Pison.
1631 2070 1685 2100 36.

939 2111 1106 2150 pactiones
1122 2119 1265 2139 reorum.

991 2153 1126 2191 Pac-tor,
1143 2163 1202 2193 per
1224 2162 1326 2192 quem
1343 2155 1452 2194 pactio
1467 2154 1514 2184 fit.
1544 2155 1638 2186 Verr.
1655 2165 1685 2187 v.

990 2241 1098 2271 Poean
1121 2243 1155 2269 et
1179 2240 1291 2270 Paeon.
1322 2239 1417 2271 Orat.
1441 2242 1493 2272 64.
1517 2242 1574 2273 Or.
1590 2243 1611 2272 i.
1629 2246 1682 2278 59.

946 2286 1006 2315 &c.
1036 2293 1093 2324 pes
1114 2284 1221 2314 tribus
1247 2284 1398 2314 brevibus
1422 2288 1457 2315 et
1480 2295 1549 2316 una
1571 2285 1685 2326 longa,

945 2335 979 2358 et
1002 2327 1150 2368 quidem,
1179 2332 1237 2357 aut
1260 2328 1325 2357 sic:
1351 2338 1397 2354 -υ
1422 2339 1441 2355 ω
1465 2339 1484 2355 υ
1500 2352 1509 2366 ,
1527 2334 1587 2360 aut
1616 2331 1684 2364 sic:

956 2382 976 2399 υ
1000 2382 1019 2399 υ
1043 2382 1101 2407 0-,
1119 2376 1190 2409 aut,
1220 2381 1298 2397 υ-ι)
1323 2380 1367 2409 0,
1394 2380 1412 2397 υ
1437 2380 1537 2402 0-0,

988 2410 1120 2452 Poedor,
1148 2414 1294 2454 squalor,
1324 2414 1448 2453 sordes,
1472 2416 1607 2455 signum
1634 2417 1687 2448 lu·

944 2461 1028 2487 ctus.
1051 2457 1209 2488 Tuse.iii.
1227 2461 1275 2489 12.
1294 2459 1530 2499 barbapoedore
1539 2459 1685 2494 horrida.

945 2501 986 2531 cf.
1007 2501 1051 2531 ib.
1069 2502 1120 2532 26.

988 2545 1151 2582 Poetulus,
1163 2544 1367 2588 ὑπικοςιςικὶς
1380 2555 1440 2585 pro
1453 2550 1560 2586 paetus
1572 2560 1579 2578 ε
1598 2549 1687 2587 quod

945 2589 1055 2618 minus
1079 2599 1164 2625 esse,
1189 2599 1288 2627 quam
1316 2590 1521 2628 strabonem,
1547 2598 1688 2632 apparet

944 2642 984 2662 ex
1002 2631 1143 2662 Horatio
1166 2633 1234 2662 Sat.
1253 2632 1274 2662 i.
1292 2636 1322 2663 3.
1339 2636 1392 2664 44.
1422 2633 1501 2664 Nat.
1526 2635 1569 2665 D.
1595 2636 1616 2666 i.
1633 2639 1687 2671 29.

945 2675 1043 2705 redeo
1059 2676 1101 2706 ad
1116 2676 1224 2707 Deos:
1251 2686 1373 2715 ecquos
1387 2677 1414 2706 si
1431 2687 1497 2707 non
1513 2682 1586 2708 tam
1602 2687 1688 2711 stra-

944 2720 1058 2756 bones,
1076 2725 1111 2749 at
1122 2721 1258 2759 poetulos
1273 2730 1343 2750 esse
1360 2721 1586 2753 arbitramur?

989 2763 1167 2801 Paganus.
1214 2764 1315 2794 Doni.
1346 2767 1400 2795 28.
1445 2765 1481 2795 in
1512 2765 1575 2796 hac
1605 2767 1688 2798 urbe

946 2806 1030 2836 nulli
1048 2808 1192 2847 pagani,
1211 2812 1269 2837 aut
1286 2809 1452 2846 montani,
1469 2810 1525 2848 qui
1542 2819 1610 2840 non
1628 2811 1690 2843 διο.

945 2850 1044 2890 hujus
1063 2850 1126 2881 loci
1145 2851 1381 2890 interpretatio
1405 2852 1588 2893 repetenda
1602 2858 1655 2885 est
1669 2863 1688 2884 e

946 2894 1086 2935 Dionys.
1102 2893 1180 2927 Hal.
1197 2893 1220 2928 l.
1235 2895 1278 2926 iv.
1295 2904 1329 2936 p.
1347 2896 1424 2928 220.
1447 2895 1500 2928 ed.
1515 2896 1606 2938 Sylb.
1631 2898 1689 2940 qui
