1985 3206
257 92 338 132 234

257 195 383 222 atatem
407 188 545 219 faciunt.
577 189 597 209 ¹²
614 187 720 218 oratio
744 187 784 217 ad
809 187 981 228 populum.

261 235 303 264 ad
319 234 393 264 Div.
412 244 442 262 x.
457 235 508 263 33.
532 231 672 271 epistola
686 232 882 261 concionibus
892 231 984 260 simi-

260 278 312 307 lis.
325 276 403 307 ibid.
420 277 453 305 ii.
474 277 520 305 153.
539 276 586 304 ita
596 275 814 304 tumultuosae
827 276 985 304 conciones

262 321 498 350 afferebantur.
531 318 549 336 ἢ*
565 319 621 348 Or.
649 318 682 348 ii.
699 321 749 349 84.
765 318 898 348 funebri
913 328 985 348 con-

263 365 322 401 cio,
339 374 383 393 sc.
400 364 434 392 in
458 372 522 400 qua
538 361 685 391 laudatio
701 361 854 391 liabetur.

311 407 516 437 Concionalis.
547 406 611 444 Ωιι.
642 404 691 434 Fr.
723 405 758 434 ii.
783 408 812 435 5.
851 407 984 434 senatus

264 451 390 480 elamor
419 458 519 488 prope
548 449 746 478 concionalis.
785 447 854 477 Att.
882 449 904 478 i.
936 448 983 478 16.

263 494 451 523 rom-ionalis
465 491 582 521 hirudo
599 491 719 529 aerarii,
739 491 860 521 misera
875 501 912 522 ac
935 491 986 529 je-

260 539 346 577 juna
363 535 546 576 plebecula.

313 580 510 611 Concionuri.
531 578 631 608 Tusc.
648 579 668 608 i.
685 581 737 611 49.
770 577 862 607 velut
876 587 894 606 e
915 576 986 606 loco

263 624 427 665 superiori
452 623 727 652 concionandum:
767 621 806 650 de
837 630 885 657 re,
912 629 985 659 quae

265 668 409 707 graviter
437 665 578 695 dicenda.
605 670 667 695 est.
703 665 828 694 *Sexn
861 666 912 694 55.
946 663 985 692 dc

266 710 479 741 histrionibus
509 709 644 747 dicitur,
674 709 751 747 quia
785 707 874 737 clara
908 717 986 735 voce

266 762 384 793 agunt,
401 758 439 784 ut
466 753 501 790 ii,
519 753 576 791 qui
599 763 656 792 pro
672 751 785 782 rostris
802 751 989 781 concionan-

267 803 333 829 tur.

316 843 332 871 (
340 840 539 872 micinam-ius
555 837 706 878 populus.
730 838 795 877 Qu.
812 837 862 867 Fr.
880 837 913 867 ii.
929 839 959 867 3.

315 886 530 915 (,o11cionotoi⁴.
555 881 653 912 Catil.
680 882 722 912 iv.
744 886 773 912 5.
798 881 897 911 homo
920 883 990 910 tur-

267 929 437 966 bulentus,
454 925 614 968 populum
640 925 811 956 concitans
838 925 989 954 concioni-

268 975 335 1003 bus.

316 1016 493 1054 Concipere.
523 1013 587 1052 Qu.
612 1012 662 1042 Fr.
688 1012 722 1041 ii.
749 1014 798 1041 15.
833 1014 933 1050 negat
957 1021 990 1040 c-

272 1061 343 1091 nim
369 1058 558 1095 Trebatius,
590 1057 624 1086 in
647 1060 748 1085 tanta
772 1054 990 1084 multitudine

269 1112 399 1139 eorum,
415 1101 471 1140 qui
496 1110 562 1130 una
577 1102 699 1137 essent,
722 1107 922 1138 quemquam
939 1098 991 1127 fu—

270 1149 346 1183 isse,
362 1145 419 1185 qui
443 1143 668 1174 vadimonium
685 1143 843 1182 concipere
868 1145 989 1181 posset.

270 1191 303 1221 h.
320 1201 348 1220 e.
363 1187 539 1219 formulam
560 1187 650 1224 dare,
673 1195 738 1225 qua
763 1184 989 1215 vadimonium

271 1231 493 1274 promittitur,
517 1230 606 1270 quod
629 1233 680 1259 est
705 1229 874 1269 proprium
891 1228 992 1258 JCto-

271 1287 356 1307 rum.
380 1276 400 1294 ²*
415 1274 615 1313 excogitare.
640 1274 720 1303 Har.
738 1272 836 1311 Resp.
852 1273 903 1302 26.
920 1282 991 1301 con-

269 1325 396 1361 ceptum
426 1323 478 1348 est
498 1318 671 1356 justitium
707 1320 741 1345 et
779 1314 990 1345 meditatum.

271 1365 378 1394 Graev.
408 1372 426 1391 e
462 1361 576 1391 Franc.
609 1359 754 1390 malebat
780 1363 991 1388 concoctum.

270 1407 335 1437 Sed
347 1417 375 1437 V.
393 1414 607 1443 concoquere.
624 1404 703 1433 hinc
715 1413 774 1442 pro
789 1412 993 1440 consequeu-

272 1456 306 1480 te
323 1446 472 1489 ponitur,
484 1448 517 1478 h.
534 1459 562 1477 e.
578 1458 636 1488 pro
654 1447 724 1486 ipso
740 1446 840 1476 facto.
855 1445 994 1476 Tuscul.

273 1495 294 1524 i.
314 1497 365 1524 30.
380 1493 438 1532 qui
454 1491 585 1522 fraudes
601 1491 808 1529 conceperint.
832 1489 850 1507 ³*
862 1490 994 1528 concipi,

273 1547 331 1578 pro
348 1537 435 1566 oriri.
460 1535 539 1566 Nat.
554 1535 655 1566 Deor.
682 1534 728 1564 iii.
755 1536 808 1564 38.
831 1537 994 1572 conceptus

271 1592 293 1610 a
308 1591 342 1610 se
359 1581 427 1620 ipse
455 1579 560 1616 dolor,
575 1578 757 1618 opponitur
782 1577 929 1606 immisso
946 1576 993 1606 di-

273 1625 409 1654 vinitus.
432 1623 451 1641 ²*
467 1622 674 1652 contrahere.
704 1621 778 1651 Act.
798 1621 818 1650 i.
842 1621 876 1650 in
900 1620 993 1650 Verr.

277 1669 326 1698 16.
348 1670 495 1706 concepta
506 1666 583 1695 huic
599 1664 705 1695 ordini
721 1663 906 1703 turpitudo.

320 1710 466 1741 Concisio.
492 1709 608 1739 Pax-tit.
625 1709 654 1739 6.
681 1712 732 1738 cst
743 1708 849 1737 oratio
870 1716 929 1746 per
946 1706 995 1736 in-

275 1755 355 1791 cisa,
370 1754 481 1784 caesim
498 1752 590 1783 facta
603 1751 655 1782 vel
669 1751 753 1781 fusa.
770 1750 811 1780 cf.
835 1751 891 1780 Or.
910 1750 962 1784 67.

322 1798 477 1828 Concisus.
509 1796 566 1826 Or.
598 1796 633 1826 ii.
665 1798 715 1825 14.
752 1794 994 1834 disputationes

274 1845 427 1881 angustae
449 1844 484 1870 et
507 1841 647 1870 concz'soe.
682 1838 739 1868 Or.
770 1840 818 1868 13.
855 1839 996 1867 concisus

275 1884 416 1915 minutis
443 1884 603 1920 numeris,
620 1883 641 1912 i.
667 1891 696 1912 e.
713 1885 812 1912 utens
837 1881 995 1910 membris

273 1928 441 1964 brevibus,
468 1927 530 1957 etsi
556 1925 740 1957 numerosis
777 1928 811 1955 et
835 1925 995 1962 venustis,

276 1973 348 2002 sine
360 1971 513 2011 periodis.

324 2015 507 2046 Concitatio.
529 2014 629 2044 Tusc.
643 2023 674 2043 v.
694 2015 741 2044 15.
762 2012 809 2042 16.
833 2012 997 2042 concitati-

276 2069 348 2091 ones
362 2059 464 2088 animi
481 2070 487 2087 :
512 2057 620 2089 πάθη.

324 2103 469 2134 Concitus
484 2101 525 2131 ad
542 2101 658 2131 rixam.
684 2099 807 2130 Caeein.
824 2102 854 2130 5.
886 2102 913 2129 1.
930 2098 997 2128 liti-

277 2147 401 2186 giosus,
418 2146 556 2175 rixosus.

325 2190 543 2221 Conclamare.
582 2186 666 2217 Phil.
694 2187 737 2216 vi.
771 2189 798 2216 1.
836 2196 913 2216 cum
942 2195 997 2215 vos

276 2233 334 2274 (de
348 2232 483 2273 populo)
502 2231 646 2261 universi
671 2240 740 2260 una
755 2234 869 2260 mente
897 2234 996 2268 atque

276 2286 355 2307 voce
390 2277 511 2305 iterum
536 2285 556 2304 a
578 2284 631 2304 me
673 2278 900 2304 conservatam
926 2282 996 2302 esse

276 2330 381 2359 remp.
397 2319 630 2349 conelamcestis.
654 2317 761 2347 Flacc.
776 2320 807 2350 7.
829 2316 917 2355 quod
934 2316 998 2345 Mi-

275 2363 517 2394 thridates—se
536 2361 620 2391 velle
638 2361 732 2398 dixit,
751 2360 785 2390 id
809 2365 937 2390 sutores
962 2364 997 2389 et

276 2407 403 2437 zonarii
419 2408 672 2436 conclamarunt.

325 2450 527 2481 Concludere.
551 2449 727 2479 Div.i.32>.
752 2448 915 2477 rationem
926 2456 997 2477 con-

276 2494 413 2525 cludere.
439 2493 495 2522 Or.
513 2495 564 2523 51.
588 2491 737 2522 absolute
754 2491 998 2521 concluderetur

277 2538 396 2567 oratio.
422 2547 451 2566 v.
472 2535 633 2566 absolute.
651 2535 716 2564 vid.
728 2539 763 2564 et
780 2534 821 2564 ad
846 2535 923 2565 Div.
939 2534 996 2563 xii.

281 2582 329 2612 16.
353 2585 387 2610 et
401 2580 445 2609 ibi
463 2583 532 2609 not.
568 2579 587 2597 ’ἦ
603 2578 704 2609 Acad.
721 2579 763 2608 iv.
780 2578 832 2609 ⁶26.
856 2582 1000 2616 quatuor

277 2630 358 2655 sunt
371 2623 494 2663 capita,
511 2632 585 2661 quae
600 2622 806 2659 concludant,
818 2621 902 2650 nihil
914 2630 997 2657 esse,

277 2667 365 2707 quod
382 2667 505 2707 percipi
523 2667 636 2705 possit.

326 2712 484 2742 Conclusc.
507 2710 565 2740 Or.
599 2713 651 2740 53.
682 2710 825 2738 concluse
855 2711 998 2748 apteque

276 2756 406 2785 dicere:
442 2754 480 2783 (lc
498 2762 676 2783 numerosa
691 2753 839 2782 oratione
856 2752 890 2780 in
907 2750 997 2780 clau—

276 2799 356 2829 sulis
373 2797 595 2837 periodorum.

281 2868 285 2871 .
327 2842 496 2872 Conclusio.
520 2840 576 2869 Or.
604 2839 638 2869 ii.
662 2841 691 2869 8.
715 2837 869 2867 conclusio
885 2837 997 2866 verbo-

276 2895 365 2924 rum,
381 2889 431 2914 est
444 2883 611 2924 periodus,
630 2883 664 2912 in
681 2892 746 2920 qua
763 2880 861 2911 verba
879 2890 980 2911 nume
991 2898 1004 2903 —

781 99 925 130 INDEX
955 97 1248 128 LA'rlNl'rAns.

1029 196 1100 217 rose
1132 185 1297 216 collocata
1318 187 1409 215 sunt.
1442 185 1484 216 ef.
1516 186 1594 217 ibid.
1626 187 1673 217 iii.
1696 189 1749 218 44.

1029 231 1087 260 Or.
1120 233 1172 260 50.
1217 230 1372 259 conclusio
1407 231 1648 260 sententiarum
1687 236 1751 268 est,

1029 283 1107 303 cum
1131 272 1307 302 sententiae
1331 275 1410 311 apta
1440 274 1573 312 periodo
1601 283 1752 314 compre-

1030 316 1234 346 henduntur.
1260 315 1329 345 luv.
1346 316 1366 345 i.
1383 317 1434 350 29.
1467 316 1607 357 simplex
1624 320 1750 348 conclu-

1029 360 1086 397 sio,
1105 358 1184 398 quid
1200 359 1268 388 sit?

1079 403 1358 433 (bnclusiuncula.
1383 401 1482 433 Acad.
1499 403 1539 432 iv.
1554 405 1606 433 24.
1629 405 1753 433 conclu-

1031 447 1185 475 siunculoe
1201 444 1344 475 fallaces.
1367 445 1466 476 Tusc.
1490 447 1523 476 ii.
1554 450 1602 477 13.
1626 449 1752 477 conclu-

1031 490 1188 519 siunculce
1200 493 1363 519 contortae
1379 494 1413 519 et
1430 490 1580 519 minutae.

1080 532 1261 563 Conclusus.
1306 533 1363 562 Or.
1388 535 1418 563 5.
1455 534 1602 563 conclusa
1633 534 1751 569 oratio,

1034 580 1085 606 est
1101 578 1241 612 structa,
1260 585 1444 606 numerosa.
1487 577 1543 606 Or.
1561 576 1581 605 i.
1598 578 1650 606 42.
1682 587 1753 606 con-

1033 621 1123 649 clusa
1138 619 1264 649 artibus
1281 619 1451 656 dicuntur,
1467 629 1539 658 quae
1557 619 1597 648 ad
1612 620 1753 649 formam

1034 663 1114 692 artis
1131 662 1263 692 redacta
1277 667 1368 692 sunt.
1392 663 1484 692 Verr.
1501 663 1535 692 ii.
1551 666 1603 693 34.
1626 662 1754 693 facinus

1034 705 1231 736 crudelitate
1248 706 1432 745 perfectum
1446 711 1480 735 et
1496 709 1687 736 conclusum.

1083 750 1288 789 Concoqucre,
1305 749 1451 788 probare.
1477 749 1518 778 ad
1548 750 1623 779 Div.
1650 751 1692 780 ix.
1721 753 1752 780 4.

1035 802 1077 822 an
1101 792 1171 822 haec
1194 791 1296 835 κςίσιι,
1319 802 1419 830 quam
1450 799 1562 822 noster
1589 793 1754 823 Diodotus

1035 845 1101 866 non
1124 836 1343 875 coanuebat,
1369 835 1399 865 h.
1424 846 1452 865 e.
1479 846 1552 874 quae
1573 837 1701 875 probari
1723 838 1754 866 ei

1035 889 1102 910 non
1125 884 1266 919 poterat.
1290 879 1308 897 ὕ
1326 879 1421 909 Rosc.
1438 880 1530 908 Com.
1552 883 1599 909 15.
1623 880 1683 909 tibi
1701 889 1756 909 ve—

1037 933 1072 953 ro
1095 922 1153 952 diu
1178 921 1426 952 deliberandum
1451 926 1485 951 et
1501 923 1755 962 concoquendum

1036 971 1097 997 cst.
1121 965 1185 996 Sed
1210 966 1357 996 Graevius
1373 965 1551 1004 legendum
1575 971 1684 1005 putat,
1701 977 1755 996 co-

1035 1009 1204 1049 quendum
1221 1021 1227 1038 z
1253 1009 1340 1048 quod
1357 1018 1496 1048 coquere
1514 1009 1652 1039 consilia.
1666 1009 1754 1039 dica-

1035 1058 1092 1084 tur
1123 1053 1162 1083 de
1202 1052 1506 1089 deliberationibus,
1536 1062 1602 1082 non
1641 1058 1752 1083 autem

1036 1107 1236 1136 concoquere,
1261 1096 1349 1134 quod
1369 1100 1420 1126 est
1445 1096 1593 1135 probare.
1625 1096 1663 1126 ln
1690 1106 1755 1135 quo

1037 1141 1097 1170 sibi
1123 1149 1188 1170 non
1215 1140 1295 1169 satis
1320 1143 1451 1169 constat
1472 1139 1531 1169 Vir
1553 1139 1622 1169 Cel.
1668 1139 1755 1169 Nam

1037 1184 1078 1213 ad
1095 1183 1175 1213 Har.
1199 1184 1295 1222 Resp.
1320 1184 1371 1213 26.
1397 1192 1455 1222 pro
1479 1189 1679 1222 conceptum
1701 1184 1758 1222 ju-

1037 1228 1170 1257 stitium
1186 1237 1203 1256 e
1215 1226 1396 1256 Franciano
1409 1226 1554 1256 malebat
1564 1231 1755 1257 concoctum.

1038 1270 1087 1300 Ibi
1104 1273 1214 1300 autem
1232 1270 1270 1299 de
1287 1270 1476 1308 excogitata
1496 1274 1532 1299 et
1549 1269 1757 1300 deliberatio-

1039 1324 1078 1344 ne
1097 1315 1233 1344 inventa
1248 1323 1281 1342 re
1294 1322 1401 1342 sermo
1418 1317 1479 1343 est.
1530 1313 1638 1352 Atque
1651 1317 1688 1343 ut
1700 1313 1756 1344 do-

1038 1363 1141 1394 ceret,
1158 1366 1345 1396 concoquere
1357 1356 1420 1386 hoc
1432 1356 1531 1386 modo
1546 1357 1624 1394 dici,
1642 1358 1757 1387 uteba-

1037 1407 1095 1431 tur
1110 1401 1171 1430 hoc
1189 1400 1259 1429 loco
1282 1410 1299 1429 e
1324 1400 1498 1436 Rosciana,
1515 1410 1613 1438 quem
1640 1404 1755 1430 tamen

1037 1445 1192 1474 refictum
1209 1444 1370 1483 cupierat.
1403 1444 1498 1474 Certe
1517 1453 1583 1473 non
1600 1449 1650 1473 est
1665 1454 1758 1474 vero·

1039 1488 1146 1518 simile
1171 1491 1353 1526 conceptum
1377 1487 1410 1516 in
1439 1492 1616 1517 concoctum
1647 1492 1758 1517 muta-

1038 1538 1113 1562 tum
1130 1543 1136 1560 :
1162 1536 1213 1560 est
1228 1531 1318 1560 enim
1334 1529 1439 1560 facilis
1466 1531 1635 1560 sententia
1650 1537 1684 1560 et
1699 1531 1757 1561 ob-

1039 1576 1110 1605 vius
1133 1575 1221 1604 vocis
1247 1574 1464 1613 significatus.
1500 1574 1564 1604 Sed
1578 1578 1760 1604 concoctum

1040 1619 1150 1659 potuit
1166 1619 1200 1648 in
1223 1622 1405 1657 conceptura
1431 1618 1565 1654 mutari,
1583 1618 1670 1657 quod
1696 1617 1758 1648 hoc

1039 1672 1138 1692 sensu
1150 1661 1214 1691 dici
1229 1671 1322 1701 posse
1337 1671 1402 1690 non
1421 1665 1567 1700 putaret,
1578 1662 1645 1691 sive
1661 1661 1759 1691 libra·

1039 1707 1120 1743 rius,
1136 1705 1203 1735 sive
1226 1704 1483 1735 Grammaticus.
1509 1704 1624 1744 Neque
1639 1709 1754 1735 tamen

1040 1752 1215 1789 propterea
1241 1749 1275 1778 in
1294 1748 1459 1779 Rosciana
1481 1749 1659 1788 quicquam
1684 1758 1759 1779 mu-

1037 1793 1190 1823 tandum.
1218 1793 1411 1831 Concoquere
1425 1797 1475 1822 est
1491 1791 1583 1821 valde
1598 1802 1757 1831 coquere:

1040 1836 1132 1867 valde
1149 1836 1238 1866 enim
1263 1841 1358 1866 cocta
1381 1845 1431 1865 res
1454 1837 1666 1875 concoquitur.
1714 1835 1759 1865 11-

1038 1879 1095 1910 lud
1111 1880 1212 1910 etiam
1230 1879 1338 1909 dicere
1356 1879 1491 1916 attinet,
1519 1880 1703 1919 composita
1717 1889 1757 1909 ex

1038 1933 1094 1954 con
1108 1933 1195 1963 saepe
1213 1932 1271 1962 pro
1293 1922 1498 1962 simplicibus
1512 1923 1604 1962 poni,
1621 1923 1758 1961 ejusque

1038 1968 1084 1997 rei
1102 1967 1309 2006 ignoratione
1334 1965 1488 2006 deceptos
1515 1966 1759 1996 Grammaticos

1040 2010 1257 2050 interpolasse
1274 2013 1435 2039 auctores.
1458 2019 1488 2039 v.
1512 2019 1707 2039 concurrere
1724 2014 1760 2039 et

1040 2063 1257 2084 concursare:
1294 2053 1352 2083 sed
1376 2053 1409 2082 id
1434 2053 1472 2082 fit
1490 2063 1555 2082 non
1582 2053 1652 2082 sine
1678 2063 1758 2092 qua-

1040 2097 1116 2127 dam
1144 2098 1186 2127 vi.
1231 2097 1319 2128 Nam
1339 2095 1421 2126 illud
1444 2107 1498 2126 con
1522 2096 1668 2126 intendit
1692 2097 1758 2127 vim

1041 2141 1213 2180 simplicis.
1239 2141 1397 2170 Ceterum
1414 2139 1532 2170 Graevii
1551 2140 1592 2170 ad
1620 2140 1641 2169 1.
1657 2150 1685 2169 c.
1702 2149 1761 2170 no-

1039 2190 1076 2214 ta
1095 2184 1229 2214 adducti
1245 2183 1417 2214 Drakenb.
1445 2189 1480 2215 ct
1506 2183 1598 2213 Duk.
1615 2193 1668 2223 ap.
1686 2184 1758 2214 Liv.

1039 2227 1082 2258 xl.
1104 2231 1153 2258 10.
1171 2228 1204 2257 in
1226 2228 1352 2257 verbis:
1387 2226 1595 2257 clandestina
1616 2232 1760 2258 concocta

1040 2277 1121 2301 sunt
1152 2271 1302 2307 consilia,
1334 2271 1564 2307 corrigendum
1596 2271 1761 2310 putabant

1041 2320 1147 2344 cocta.
1172 2314 1241 2344 *ad
1255 2314 1319 2354 Qu.
1337 2313 1387 2344 Fr.
1404 2314 1449 2343 iii.
1466 2319 1496 2348 9.
1515 2313 1584 2343 haec
1602 2314 1677 2344 odia
1692 2324 1759 2344 uon

1040 2359 1155 2389 sorbeo
1171 2358 1291 2394 solum,
1305 2357 1363 2387 sed
1377 2358 1479 2387 etiam
1496 2367 1659 2397 concoqzzo,
1685 2358 1706 2392 i.
1731 2368 1760 2388 e.

1042 2402 1124 2438 fero,
1141 2407 1331 2431 contemno.

1091 2446 1255 2484 Conci-epo.
1286 2444 1350 2475 Off.
1382 2445 1428 2474 iii.
1456 2447 1504 2479 19.
1529 2448 1567 2474 ut
1598 2446 1624 2474 si
1646 2444 1759 2484 digitis

1042 2490 1269 2528 concrepuerit.
1294 2490 1372 2527 Agr.
1396 2488 1429 2517 ii.
1456 2492 1509 2519 30.
1533 2488 1601 2526 qui,
1619 2488 1758 2518 simulac

1042 2533 1218 2561 decemviri
1248 2533 1490 2571 concrepuerint
1521 2532 1595 2571 (int.
1629 2530 1757 2571 digitis)

1041 2575 1187 2615 expediti
1203 2576 1243 2605 ad
1260 2575 1383 2605 caedem
1401 2585 1470 2604 esse
1487 2576 1625 2614 possint.

1090 2620 1258 2649 Concretio.
1288 2618 1388 2648 Tusc.
1412 2619 1433 2648 i.
1456 2620 1508 2652 27.
1532 2628 1625 2648 meus
1653 2628 1761 2658 segre-

1043 2666 1122 2702 gata
1136 2662 1176 2691 ab
1202 2662 1294 2692 omni
1322 2663 1516 2691 concretione
1547 2663 1701 2692 mortali:
1730 2662 1761 2691 h.

1043 2716 1071 2737 c.
1089 2705 1192 2736 libera
1213 2716 1231 2734 a
1256 2706 1401 2744 partium
1429 2706 1596 2742 mistione,
1621 2711 1656 2736 ct
1683 2716 1760 2735 con-

1034 2749 1225 2786 junctione,
1256 2750 1287 2778 in
1315 2759 1381 2787 qua
1404 2748 1485 2778 nihil
1513 2748 1647 2787 duplex,
1678 2749 1761 2778 nihil

1043 2793 1199 2828 mixtum,
1228 2792 1310 2821 nihil
1341 2797 1628 2831 coagmentatum,
1653 2799 1693 2822 ut
1707 2803 1762 2822 eo-

1043 2835 1119 2866 dem
1136 2835 1207 2864 1000
1224 2836 1314 2865 dicit.

1091 2879 1274 2917 Concretas,
1301 2889 1440 2910 crassus.

1485 2878 1564 2909 Nat.
1596 2879 1697 2910 Deor.
1729 2879 1762 2908 ii.
