1920 3196
195 89 279 128 316

199 188 261 218 bus
289 190 418 217 mentes
447 187 507 216 aut
530 184 731 223 incitantur,
759 189 819 215 aut
846 186 939 216 refle-

200 236 354 262 ctuntur.
396 230 506 259 *hinc
532 230 726 259 humanitas
752 229 877 259 dicitur
900 230 939 259 de

201 275 357 305 omnibus
389 274 500 309 rebus,
532 282 606 311 quae
639 272 828 302 hominibus
859 279 941 303 sunt

201 319 377 349 attributa:
401 322 535 353 natura,
561 316 599 345 (16
627 316 777 355 ingenio,
802 316 842 345 de
866 327 941 357 pro-

203 362 433 403 [161151011111115,
450 360 615 397 sensibus,
633 364 667 389 et
685 360 853 397 omnibus,
868 370 941 399 quae

202 407 239 437 in
256 406 421 440 homines,
438 414 504 442 qua
527 403 678 433 homines
695 408 787 441 sunt,
805 404 943 433 cadunt.

205 450 324 488 ltaque
344 452 371 478 1.
387 448 511 477 dieitur
535 447 574 476 (16
600 447 763 477 desiderio
781 454 814 477 et
830 457 943 477 amore

203 498 409 524 nostrorum.
443 492 512 521 Att.
539 492 580 520 iv.
616 494 665 521 15.
702 492 943 521 humanitatem

201 542 299 568 tuam
324 544 539 574 amoremque
564 535 598 564 111
629 538 704 564 tuos
737 535 862 565 reditus
892 545 946 563 ce-

204 581 318 612 leritas
342 579 536 610 declarabit.
568 581 599 608 ⁶2.
619 579 658 608 (16
682 579 793 608 studio
817 578 946 608 valetu-

207 625 305 655 dinis.
336 623 377 653 ad
402 623 476 652 Div.
504 623 567 652 xvi.
598 625 647 652 ll.
682 622 748 659 sac,
774 622 863 660 quod
887 624 947 651 hn-

205 668 378 699 munitatis
393 671 461 696 tuae
479 671 543 703 est,
558 670 596 696 ut
612 665 740 696 nullam
758 666 857 695 aliam
876 675 947 695 rem

207 722 316 749 cures,
335 711 398 740 nisi
422 716 462 740 ut
482 710 603 739 valeas.
634 713 664 740 3.
684 710 723 739 de
739 719 839 739 sensu
857 709 947 739 dolo-

207 757 265 794 ris,
284 755 410 785 laetitiae
428 754 487 783 ἃς.
520 754 552 783 111
579 753 675 784 rebus
693 754 776 783 lactis
794 758 828 783 et
842 753 948 782 tristi-

208 801 281 830 bus.
311 799 408 829 Rose.
426 797 464 827 A.
486 801 537 828 53.
569 807 705 827 sensum
730 798 948 827 humanitatis

209 844 409 874 amittimus.
437 841 518 872 Lael.
538 844 587 872 13.
614 842 804 871 humanitas
820 852 859 870 ex
878 841 949 870 ani-

210 898 266 918 1110
290 887 467 925 extirpata.
498 884 600 915 Tusc.
620 885 661 914 iv.
684 888 731 915 14.
764 886 863 915 habet
889 886 949 914 Ιια-

210 931 381 962 γηαηίιάῑὶκ
404 929 549 970 speciem
568 928 807 965 misericordia,
826 933 948 958 metus.

210 977 269 1007 Or.
287 975 332 1005 iii.
350 977 402 1004 40.
429 974 646 1003 humanitatis
663 973 848 1002 mollitudo.
878 972 950 1002 Att.

210 1019 282 1050 xiii.
311 1020 342 1049 2.
382 1019 624 1047 humanitatem
656 1026 792 1046 omnem
817 1026 950 1046 exuere.

211 1063 309 1095 Rosc.
327 1062 366 1092 A.
395 1063 444 1092 16.
476 1066 599 1091 natura
621 1061 683 1090 tibi
708 1060 811 1097 dedit,
830 1064 868 1090 ut
892 1061 952 1089 hu-

212 1107 383 1137 manitatis
415 1114 482 1134 11011
515 1114 634 1144 parum
665 1105 814 1134 haberes,
847 1107 878 1134 4.
911 1103 951 1132 de

212 1150 326 1181 studio
352 1149 559 1179 exhilarandi
587 1158 634 1185 se,
659 1149 715 1177 ubi
741 1149 775 1178 in
801 1148 870 1178 otio
894 1148 952 1182 sis,

214 1199 274 1225 aut
290 1194 381 1224 locus
400 1194 539 1233 patitur.
563 1193 619 1222 Or.
638 1193 659 1221 i.
678 1196 707 1223 8.
733 1191 813 1231 quid
831 1192 863 1221 in
882 1191 952 1221 otio

214 1243 286 1269 tam
304 1237 521 1268 humanitatis
536 1237 723 1276 proprium,
741 1246 841 1274 quam
866 1235 953 1264 face-

213 1287 269 1313 tus
294 1292 415 1312 sermo.
446 1280 591 1317 *120er
617 1280 695 1319 quia
724 1279 750 1318 1)
778 1279 952 1309 literarum

215 1326 306 1357 solus
322 1326 423 1355 homo
440 1334 543 1364 capax
561 1329 624 1361 est,
641 1326 674 1361 2)
695 1324 878 1354 humanam
895 1332 954 1352 na-

215 1375 342 1406 turam,
366 1369 400 1399 h.
425 1379 454 1398 6.
480 1369 669 1407 ingenium,
695 1373 858 1404 mentem,
882 1368 955 1396 ani-

216 1424 325 1451 mum,
357 1422 532 1450 moresque
563 1412 667 1442 literce
699 1411 885 1451 expoliunt,
918 1414 956 1440 ut

215 1462 392 1496 tamquam
418 1457 523 1495 magis
548 1455 700 1485 homines
722 1456 839 1492 simus,
858 1460 891 1484 et
916 1464 955 1483 eo

216 1502 317 1532 latius
342 1511 362 1531 a
384 1501 489 1531 brutis
514 1500 744 1539 sejungamur,
769 1499 858 1528 unde
884 1498 955 1527 Fin.

216 1556 248 1576 v.
278 1548 326 1580 19.
357 1545 461 1574 animi
486 1543 597 1573 cultus
622 1545 839 1573 humanitatis
863 1543 955 1571 cibus

217 1588 418 1630 appellatur.
463 1587 496 1625 3)
531 1587 631 1617 homo
670 1592 792 1617 natura
821 1587 957 1616 ducitur

218 1633 345 1664 sciendi
369 1631 568 1672 cupiditate,
585 1641 730 1669 eumque
755 1631 836 1661 adeo
852 1631 884 1669 4)
906 1629 957 1659 vel

220 1678 365 1707 maxime
391 1676 524 1713 decent,
548 1680 725 1715 propterea
749 1675 859 1705 studia
883 1674 958 1705 lite-

219 1731 333 1752 rarum
350 1719 563 1760 appellantur
579 1719 715 1749 nomine
729 1719 955 1749 humanitatis.

219 1766 278 1795 Or.
301 1766 323 1795 i.
359 1765 407 1794 16.
445 1773 561 1793 omnes
591 1764 808 1793 humanitatis
834 1767 956 1803 partes.

220 1808 300 1839 ibid.
317 1813 348 1842 9.
374 1817 474 1837 omne
491 1817 596 1846 genus
621 1808 846 1837 humanitatis.
880 1806 958 1836 ibid.

219 1853 255 1883 ii.
287 1855 339 1886 27.
378 1851 514 1891 politior
552 1852 751 1881 humanitas.
794 1850 871 1880 ibid.
908 1853 956 1880 10.

222 1898 317 1936 inops
335 1896 562 1925 tamtan-itatis.
580 1895 622 1924 cf.
639 1895 772 1925 111111611-
789 1897 841 1929 99.
857 1894 958 1924 Α1611.

223 1944 252 1971 1.
281 1940 339 1970 ubi
362 1950 392 1969 V.
419 1940 580 1969 Passerat.
611 1939 689 1968 ibid.
707 1941 738 1969 2.
772 1939 831 1967 etc.
862 1939 919 1968 Or.
938 1938 958 1967 i.

220 1985 274 2016 60.
306 1984 347 2024 Ω.
373 1983 423 2013 Fr.
443 1984 464 2013 i.
486 1986 512 2012 1.
530 1987 561 2017 9.
588 1983 714 2013 Studiis
739 1983 959 2012 humanitatis

220 2033 335 2058 autem
354 2027 520 2057 contineri
544 2036 660 2056 omnes
685 2032 773 2056 artes
793 2025 958 2063 liberales,

220 2071 273 2102 vel
289 2071 441 2111 inprimis
458 2070 718 2110 philosophiam,
731 2071 812 2100 item
826 2069 959 2099 Mathe-

221 2116 296 2154 sin3
322 2125 398 2153 cum
420 2114 496 2152 loci,
515 2124 596 2153 quos
621 2114 674 2144 hic
698 2115 886 2154 posuimus,
904 2114 959 2143 de-

221 2163 425 2195 monstrant,
442 2163 517 2188 tum
544 2168 563 2188 a
580 2158 673 2188 nobis
689 2158 958 2187 demonstratum

221 2208 273 2233 est
297 2204 330 2233 in
348 2203 556 2242 prolusione:
584 2202 623 2232 de
641 2202 764 2232 finibus
782 2202 960 2231 humanio-

221 2257 297 2278 rum
321 2247 509 2276 studiorum
534 2246 705 2285 regundis,
722 2256 751 2275 a.
773 2249 866 2279 1738.
892 2245 962 2274 edi-

221 2294 268 2321 ta.
306 2290 402 2320 *Sed
425 2289 709 2329 quemadmodum
735 2289 863 2319 homini
887 2299 962 2328 pro-

222 2336 335 2375 prium
359 2338 409 2364 est
432 2335 529 2371 scire,
555 2334 604 2363 ita
626 2334 729 2364 etiam
752 2335 782 2363 ei
807 2333 960 2373 quaedam

222 2379 331 2409 officia
346 2378 480 2418 propria
496 2383 589 2414 sunt,
607 2388 681 2416 quae
706 2377 789 2407 adeo
805 2382 963 2418 pra’stare

223 2423 296 2453 aliis
321 2422 433 2459 debet,
458 2426 493 2451 et
521 2422 598 2460 quia
621 2422 691 2461 ipse
714 2421 816 2456 homo
841 2425 904 2458 est,
929 2426 964 2451 et

223 2467 304 2506 quia
332 2466 379 2501 hi,
411 2466 531 2504 quibus
563 2475 602 2495 ea
632 2469 783 2505 praestat,
809 2464 963 2495 homines

222 2515 316 2548 sunt,
334 2510 482 2549 adeoque
506 2514 637 2539 naturae
661 2509 807 2548 quodam
831 2509 964 2544 vinculo

223 2565 301 2585 cum
315 2554 487 2593 eojuncti.
512 2553 550 2582 In
566 2563 631 2592 quo
643 2552 885 2583 observandum
900 2557 964 2589 est,

222 2597 362 2628 Latinos
385 2601 450 2627 tres
466 2597 588 2626 habere
605 2597 727 2636 gradus
744 2597 778 2626 in
796 2597 834 2625 iis
851 2597 962 2634 rebus,

223 2651 305 2680 quas
323 2642 395 2671 aliis
414 2641 586 2677 debemus,
602 2644 641 2670 ut
660 2645 739 2670 sunt
756 2648 824 2670 tres
842 2640 963 2679 gradus

223 2686 472 2724 conjunctionis
505 2685 594 2714 inter
619 2684 785 2714 11011111165.
833 2684 963 2719 Primus

223 2730 346 2769 gradus
363 2733 413 2758 est
438 2729 541 2769 ipsius
566 2727 729 2758 naturalis
755 2728 965 2765 conjunctio-

223 2774 290 2811 nis,
308 2783 381 2812 quae
407 2781 523 2802 omnes
547 2772 700 2801 homines
725 2771 963 2811 amplectitur:

222 2816 303 2847 huic
327 2820 377 2846 est
402 2816 574 2856 proprium
591 2815 792 2845 vocabulum
810 2814 965 2845 humani-

224 2862 321 2891 tatis.-
360 2859 456 2890 Alter
486 2860 608 2898 gradus
639 2863 691 2889 est
721 2860 792 2897 ejus
825 2860 966 2898 conjun-

223 2905 345 2936 «tionis
369 2903 566 2943 arbitrariae,
584 2912 658 2943 quae
681 2908 733 2934 est
757 2904 847 2934 inter
862 2904 963 2942 cives,

723 97 870 126 INDEX
901 98 1200 127 LATINITATIS.

984 188 1103 223 socios,
1120 186 1233 223 verbo,
1250 186 1412 225 aeqnales:
1441 185 1519 217 huic
1542 187 1723 228 respondet

985 232 1131 261 officium
1146 242 1151 259 z
1176 230 1312 260 Tertius
1329 230 1464 269 gradus,
1481 235 1532 261 est
1548 232 1637 261 inter
1654 241 1724 261 ma-

986 275 1144 315 gistratus
1169 277 1203 303 et
1226 273 1326 311 cives,
1352 279 1507 313 parentes
1531 279 1565 305 et
1588 274 1723 312 liberos,

987 319 1159 357 conjuges,
1183 317 1315 354 fratres,
1347 317 1575 349 benefactores
1606 322 1641 348 et
1668 328 1724 348 eos

983 363 1040 401 0111
1065 361 1228 391 beneficia
1252 371 1408 400 accepere
1437 362 1516 392 &cst
1550 362 1629 392 huic
1649 372 1728 401 pro-

986 406 1098 446 prium
1136 409 1187 434 est
1224 405 1360 444 pietatis
1389 406 1601 436 vocabulum.
1658 405 1726 435 Ita-

988 460 1051 488 que
1076 458 1164 488 saepe
1188 448 1259 478 haec
1291 449 1391 477 verba
1420 453 1459 478 111
1490 450 1620 479 diversa
1643 450 1727 486 jun-

988 498 1129 532 guntur,
1146 491 1204 521 sed
1228 496 1466 531 permutantur
1488 497 1604 523 tamen
1621 493 1724 523 etiam

989 537 1171 567 interdum.
1207 536 1341 576 pietatis
1368 540 1402 566 et
1426 538 1524 567 officii
1555 537 1655 566 verba
1677 536 1728 565 in-

987 581 1119 611 terdum
1140 589 1205 609 nno
1224 580 1479 610 necessitudinis
1503 581 1730 610 continentur.

989 635 1019 653 v.
1038 636 1066 654 6.
1081 623 1122 654 ad
1138 624 1215 654 Div.
1232 634 1262 652 x.
1287 626 1340 654 34.
1372 625 1589 654 hamanitatis
1611 628 1645 653 et
1669 634 1727 654 ne-

991 667 1203 698 cessitudinis
1229 676 1329 696 causa
1352 678 1468 698 eorum
1491 667 1609 698 salutis
1629 668 1729 697 ratio-

992 722 1069 742 nem
1094 711 1282 741 habuimus.
1316 711 1393 741 ibid.
1412 712 1454 741 xi.
1472 714 1524 742 28.
1556 712 1596 741 ab
1620 711 1729 741 officio

992 763 1051 785 aut
1075 756 1115 785 ab
1131 756 1338 784 humanitate
1354 755 1547 785 desciscere.
1576 754 1618 785 cf.
1634 754 1729 784 Verr.

992 800 1026 829 ii.
1044 802 1096 833 47.
1129 799 1193 829 Off.
1219 799 1265 828 iii.
1295 801 1343 828 10.
1373 799 1485 828 omisit
1509 803 1543 828 et
1567 799 1729 838 pietatem

992 849 1026 873 et
1051 844 1304 879 humanitatem,
1333 842 1385 881 (de
1418 841 1617 881 fratricida).
1663 841 1731 871 lta-

993 898 1056 926 que
1082 888 1271 916 hamanitas
1295 886 1464 924 significat
1483 886 1602 922 multa,
1620 890 1659 915 ut
1683 885 1732 915 fa-

993 932 1171 967 cilitatem,
1191 930 1388 968 aequitatmn
1412 930 1515 959 animi
1536 931 1569 959 in
1587 929 1731 959 ferendis

994 975 1104 1012 malis,
1129 974 1405 1010 misericordiam,
1429 974 1623 1012 aequitatem
1653 983 1734 1012 erga

994 1019 1089 1056 alios,
1121 1018 1431 1054 mansuetudinem,
1467 1017 1733 1057 placabilitatem

995 1066 1055 1093 ἃς.
1087 1062 1128 1092 ad
1153 1062 1228 1092 Div.
1254 1062 1296 1090 xi.
1322 1063 1374 1091 52⁶2.
1406 1065 1443 1091 ut
1467 1061 1520 1091 vel
1543 1062 1733 1091 Immunem-

995 1109 1036 1137 tis
1060 1112 1127 1136 tuae
1152 1106 1204 1135 vel
1229 1115 1304 1134 mea
1327 1116 1428 1135 causa
1453 1115 1529 1134 eum
1561 1114 1733 1135 conserva-

994 1156 1070 1181 tum
1084 1150 1175 1180 velis.
1190 1149 1230 1188 Q.
1246 1149 1294 1178 Fr.
1310 1149 1331 1179 i.
1348 1153 1375 1179 1.
1390 1154 1420 1183 9.
1437 1150 1454 1178 h
1463 1149 1658 1179 immanitatis
1669 1154 1734 1185 est,

996 1196 1139 1225 aliorum
1165 1192 1339 1223 consulere
1367 1192 1562 1223 commodis.
1591 1193 1660 1222 Att.
1683 1203 1735 1223 κν.

1001 1242 1027 1269 l.
1046 1239 1234 1268 hzmzmzz'tas
1246 1236 1446 1266 edictorum.
1464 1237 1527 1266 xvi.
1548 1237 1597 1266 16.
1616 1238 1734 1266 huma-

996 1284 1110 1314 nitatis
1125 1285 1193 1311 tuae
1211 1284 1261 1310 est
1278 1281 1461 1320 ignoscere.
1494 1280 1557 1310 Off.
1575 1281 1620 1310 iii.
1639 1280 1668 1310 6.
1700 1281 1734 1309 111

998 1327 1106 1366 figura
1117 1325 1262 1355 hominis
1276 1325 1388 1354 feritas
1405 1328 1439 1354 et
1457 1324 1649 1354 immanitas
1667 1324 1736 1354 bel-

997 1371 1062 1401 luae
1087 1380 1106 1399 a
1133 1369 1304 1399 communi
1329 1373 1505 1406 tamquam
1529 1368 1737 1398 humanitate

998 1413 1144 1454 corporis
1162 1412 1369 1452 segreganda
1385 1417 1447 1442 est.
1479 1411 1579 1441 Arch.
1599 1413 1648 1442 12.
1676 1413 1737 1441 hu-

999 1460 1142 1489 manitas
1158 1457 1339 1497 opponitur
1360 1456 1548 1486 acerbitati.
1577 1455 1675 1485 Catil.
1694 1455 1735 1485 iv.

999 1504 1029 1533 6.
1062 1501 1253 1531 humanitas
1281 1505 1315 1530 et
1343 1499 1579 1530 misericordia.
1618 1498 1737 1538 Quint.

1003 1547 1052 1577 16,
1091 1546 1279 1575 humanitas
1306 1544 1506 1573 communis.
1543 1544 1601 1573 Or.
1625 1543 1659 1572 ii.
1684 1542 1737 1573 56.

999 1590 1218 1620 humanitatis
1245 1591 1295 1618 est
1322 1588 1504 1627 responsio.
1544 1587 1676 1617 Verrin.
1703 1586 1738 1616 ii.

999 1637 1053 1665 40.
1085 1633 1301 1666 humanitatis
1329 1632 1494 1662 rationem
1524 1630 1656 1660 habere.
1696 1629 1739 1660 ad

1000 1679 1075 1709 Div.
1094 1688 1124 1707 v.
1142 1678 1194 1707 Ql.
1226 1677 1287 1706 tibi
1304 1686 1380 1706 cum
1398 1684 1567 1705 summam
1585 1675 1738 1704 humani-

1001 1726 1115 1757 tatem,
1132 1724 1208 1750 tum
1232 1721 1335 1750 etiam
1360 1719 1474 1749 literas
1498 1719 1674 1759 profuisse,
1691 1727 1738 1748 sc.

1000 1770 1040 1796 ut
1063 1766 1165 1795 ferres
1190 1764 1340 1803 injurias.
1374 1763 1414 1793 ad
1439 1763 1514 1793 Div.
1533 1763 1575 1794 xi.
1594 1765 1645 1796 27.
1678 1763 1739 1791 hu-

1002 1811 1145 1840 manitas
1171 1814 1243 1846 tua,
1268 1809 1323 1847 qni
1351 1807 1497 1837 amicum
1522 1807 1624 1836 etiam
1653 1815 1740 1835 mor-

999 1860 1099 1883 tuum
1119 1852 1240 1891 diligis.
1270 1850 1351 1882 Lael.
1371 1853 1400 1881 2.
1431 1860 1492 1880 nec
1510 1850 1610 1880 fuisse
1628 1849 1661 1879 id
1682 1850 1741 1890 (se.

1002 1897 1174 1927 moderate
1190 1896 1276 1926 ferre
1293 1903 1437 1925 mortem
1454 1894 1566 1931 amici)
1587 1894 1741 1923 humani-

1002 1943 1080 1972 tatis
1106 1945 1189 1970 tuae.
1221 1939 1294 1970 Mil.
1322 1942 1371 1969 13.
1410 1937 1576 1968 crudelius
1600 1938 1740 1978 punitus

1002 1989 1064 2022 cst,
1082 1994 1183 2024 quain
1200 1989 1272 2014 erat
1289 1983 1508 2013 humanitatis
1525 1991 1607 2011 meae
1624 1986 1741 2021 postu-

1000 2029 1079 2059 lare.
1106 2029 1200 2058 Cato.
1221 2031 1248 2058 1.
1272 2028 1512 2057 humanitatem
1531 2025 1742 2067 (aequitatem

1002 2073 1152 2103 1111611115
1176 2071 1334 2102 humanis
1359 2069 1516 2108 ferendis)
1537 2075 1571 2099 et
1596 2068 1743 2109 pruden-

1002 2117 1086 2146 tiam
1118 2115 1259 2146 Athenis
1291 2115 1494 2155 deportasse.
1530 2113 1594 2143 Off.
1620 2113 1665 2142 iii.
1690 2114 1744 2143 ⁶23.

1003 2160 1151 2190 utilitate
1185 2160 1295 2200 potius
1328 2158 1426 2198 dirigi
1457 2158 1618 2194 officium,
1642 2165 1744 2195 quam

1005 2205 1226 2235 humanitate.
1250 2202 1335 2233 Ρ1111.
1349 2203 1426 2234 ii.4.
1453 2202 1670 2232 humanitatis
1686 2209 1744 2229 ex-

1005 2258 1093 2288 perS,
1111 2249 1167 2287 qui
1193 2247 1304 2277 literas
1328 2247 1390 2276 sibi
1406 2246 1447 2276 ab
1464 2246 1572 2275 amico
1589 2245 1745 2284 scriptas,

1006 2300 1108 2332 rupta
1134 2292 1297 2327 amicitia,
1325 2290 1464 2330 profert.
1507 2288 1652 2319 ²‘cultus
1684 2287 1746 2317 hu-

1007 2345 1140 2372 manus,
1156 2335 1235 2365 vitae
1254 2335 1340 2364 ratio
1357 2334 1492 2364 homine
1509 2333 1620 2372 digna.
1653 2333 1745 2362 Sext.

1006 2382 1060 2410 42.
1092 2380 1161 2409 vita
1182 2380 1389 2408 humanitate
1412 2376 1589 2417 perpolita.
1625 2376 1681 2406 Or.
1699 2375 1746 2405 iii.

1012 2427 1060 2454 15.
1090 2428 1129 2453 ut
1149 2432 1330 2463 puerorum
1348 2426 1478 2451 mentes
1496 2421 1537 2450 ad
1554 2420 1747 2450 hnmanita-

1007 2472 1070 2498 tem
1097 2471 1133 2496 et
1159 2467 1318 2496 virtutem
1348 2466 1566 2504 fingerentur.
1608 2464 1684 2494 Div.
1713 2463 1748 2493 ii.

1007 2514 1060 2541 38.
1076 2511 1207 2540 barbari
1221 2510 1439 2542 humanitatis
1451 2513 1616 2549 expertes.
1633 2507 1749 2547 *Quia

1009 2555 1152 2594 deniqne
1178 2554 1308 2584 homini
1340 2553 1512 2594 proprium
1545 2557 1597 2582 est
1626 2551 1747 2588 ridere,

1008 2599 1116 2628 lretari
1131 2598 1228 2628 rebus
1247 2597 1475 2636 laetis,jocari.
1502 2597 1559 2626 Or.
1578 2597 1598 2626 i.
1617 2599 1646 2626 8.
1672 2604 1748 2635 pro-

1007 2646 1124 2682 pterea
1148 2643 1342 2678 humanitas
1364 2645 1416 2671 est
1438 2641 1541 2670 etiam
1565 2649 1626 2680 pro
1649 2638 1749 2669 urba-

1009 2686 1129 2722 nitate,
1153 2685 1276 2725 lepore.
1306 2685 1378 2715 Att.
1396 2685 1417 2714 i.
1439 2687 1488 2715 13.
1519 2683 1568 2714 sal
1592 2683 1748 2713 humani-

1006 2732 1084 2759 tatis
1099 2739 1233 2769 sparsae.
1265 2729 1306 2761 ad
1325 2728 1402 2759 Div.
1420 2728 1465 2758 xi.
1483 2730 1535 2758 (Γ.
1566 2727 1671 2767 lepos,
1688 2727 1750 2756 hu-

1008 2774 1166 2811 manitas,
1197 2772 1315 2802 literae.
1354 2772 1450 2802 Rosc.
1481 2772 1521 2802 A.
1552 2773 1605 2801 41.
1641 2770 1747 2800 literis

1007 2827 1123 2847 eorum
1156 2820 1191 2846 et
1217 2816 1411 2846 urbanitate
1446 2813 1748 2845 ducitur—horum

1008 2861 1123 2891 literas
1136 2861 1300 2890 adamarit
1314 2863 1373 2890 aut
1382 2860 1634 2890 humanitatem.
1653 2858 1749 2887 Verr.

1008 2905 1054 2936 iii.
1070 2907 1102 2936 4.
1133 2908 1169 2936 at
1191 2913 1358 2943 sermone,
1376 2908 1412 2935 at
1435 2902 1554 2941 literis,
1571 2906 1607 2933 at
1630 2902 1750 2932 humco·
