1985 3206
655 114 1033 160 EDITIONIS
1078 113 1344 157 PRIMAE.
1718 119 1742 160 '7

243 244 392 271 eorum
426 230 512 271 vim
545 231 760 287 explicare
803 231 982 286 possint.
1043 229 1180 284 Cujus
1216 229 1276 270 rei
1312 227 1386 284 qui
1422 224 1586 268 nullum
1619 240 1745 269 usum

246 287 421 339 habent,
456 288 579 329 facile
610 290 798 343 iniquius
834 288 886 328 de
922 288 1005 329 hoc
1042 301 1198 343 genere
1230 285 1445 340 judicant.
1507 283 1558 323 In
1594 284 1743 339 primis

245 354 388 385 autem
424 359 597 400 operam
638 347 751 396 dedi,
794 355 839 385 ut
881 345 1104 385 distinctas
1149 344 1374 383 verborum
1417 341 1633 382 notiones.
1659 350 1743 382 tra-

244 401 403 451 derem,
436 412 564 455 atque
599 403 658 443 ita
694 403 949 443 abducerem
990 402 1147 442 tirones
1181 401 1234 440 ab
1269 399 1339 439 illa
1375 398 1524 454 puerili
1562 398 1742 450 ratione,

244 466 288 496 et
319 458 445 498 nimis
477 459 519 499 in
549 459 704 500 scholis
739 460 893 499 nostris
928 468 1174 514 pervagata,
1196 471 1294 498 00111
1329 470 1372 496 se
1403 463 1556 510 putant
1586 454 1742 495 intelli-

246 528 346 569 gere
377 525 609 567 auctorem,
644 517 716 557 ubi
752 517 881 556 verba
918 515 1050 555 latina
1080 514 1259 554 totidem
1294 513 1432 553 verbis
1471 511 1741 552 Germanicis

244 571 515 627 interpretari
549 583 743 628 possunt.
804 572 1068 627 Hujumnodi
1101 579 1200 611 sunt
1229 569 1464 620 auctoritas,
1495 568 1740 620 humanitas,

243 641 302 667 res
324 628 508 682 publica,
531 630 607 680 les,
630 629 842 684 cupidita&
864 635 1161 670 monumentum
1182 636 1226 668 et
1257 626 1427 667 infinita
1456 626 1551 666 alia.
1612 624 1740 666 Inve-

243 685 364 725 nient
384 686 512 726 etiam
537 687 580 727 in
603 687 684 728 hoc
708 687 847 727 indice
870 688 1047 727 lectores
1070 685 1204 725 nostri
1227 683 1431 738 quasdam
1451 683 1742 738 disputatiun-

243 741 358 782 culas
373 753 405 792 a,
427 744 583 797 quibus
615 745 904 800 superioribus
934 742 1252 798 interpretibus,
1275 740 1466 794 aliisque,
1491 754 1574 780 non
1610 750 1739 790 recte,

243 808 319 839 aut
352 814 439 840 non
470 801 570 841 satis
603 801 818 842 intellecta
840 810 881 840 et
904 800 1133 856 explicata,
1166 807 1239 838 aut
1272 798 1314 837 in
1336 797 1486 852 vulgus
1517 811 1602 837 non
1637 798 1738 838 satis

241 865 359 906 nota,
392 865 467 897 aut
497 858 687 898 nondum
720 859 921 899 distincte
951 857 1052 897 satis
1087 856 1256 905 tradita,
1284 854 1571 894 illustrantur:
1604 853 1740 895 inulta.

242 913 372 953 etiam
397 913 573 966 Critica,
596 916 668 956 sed
699 929 748 955 ea
780 914 979 970 pleraque
1009 914 1053 953 in
1083 911 1351 954 defendenda.
1381 920 1522 951 vetere
1551 910 1738 953 lectione

239 980 477 1026 occupata3
519 987 615 1026 quae
644 972 948 1012 eruditioribus
987 985 1073 1011 non
1109 969 1344 1025 injucunda
1375 982 1591 1023 speramus
1629 968 1736 1009 fore.

243 1025 354 1068 Vere
387 1026 479 1069 Cel.
514 1030 728 1070 Gesnerus
770 1030 813 1069 in
856 1027 1110 1084 praefatione
1153 1027 1205 1066 ad
1248 1026 1487 1080 Scriptores
1531 1025 1736 1066 Rusticos

233 1083 419 1137 judicat,
451 1085 606 1126 multas
645 1086 770 1126 falsas
809 1085 1182 1141 interpretationes
1218 1092 1261 1123 ct
1292 1082 1611 1122 emendationes
1647 1097 1736 1124 non

242 1142 496 1182 necessarias
528 1143 572 1183 in
603 1144 849 1184 auctoribus
876 1142 1087 1184 veteribus
1120 1141 1218 1181 inde
1249 1150 1362 1180 ortas
1388 1153 1492 1190 esse,
1516 1139 1631 1194 quod
1655 1140 1734 1181 viri

231 1197 371 1248 docti,
394 1199 466 1253 qui
489 1214 560 1240 eos
583 1201 833 1256 attigerunt,
853 1214 939 1240 non
962 1214 1048 1239 uno
1070 1198 1192 1253 quasi
1215 1206 1362 1237 tenore
1384 1196 1580 1252 perlectis
1605 1197 1733 1238 semel

238 1253 492 1310 iterumque,
524 1266 622 1297 ante
643 1258 788 1298 omnia
806 1271 956 1298 eorum
977 1255 1162 1297 orationi
1185 1263 1228 1295 et
1259 1253 1479 1294 sententiis
1503 1254 1561 1293 ita
1584 1253 1734 1294 adsue-

238 1311 412 1362 vissent,
436 1323 483 1353 ut
505 1314 611 1365 illos,
637 1325 854 1370 tamquam
885 1314 1045 1354 amicos
1075 1327 1187 1363 SUOS,
1211 1320 1254 1352 et
1284 1312 1336 1352 de
1367 1311 1589 1351 sententiis
1611 1320 1654 1351 et
1680 1311 1734 1352 de

239 1369 380 1409 verbis
403 1382 591 1411 nossent.
630 1371 765 1426 quue
787 1372 892 1412 adeo
915 1386 1013 1412 cum
1036 1369 1128 1410 aliis
1151 1368 1470 1424 interpretibuS,
1494 1377 1584 1408 tum
1609 1367 1734 1409 Grae-

237 1425 308 1465 vio
347 1427 518 1468 accidit.
582 1427 734 1483 Itaque
775 1429 843 1469 ill'e
883 1428 1096 1468 interdum
1135 1425 1400 1467 emendanda
1440 1434 1599 1475 censet,
1635 1440 1733 1480 quae

237 1483 393 1538 saepius
436 1485 549 1540 apud
588 1485 842 1526 Ciceronem
879 1492 1132 1526 occurrunt:
1170 1483 1280 1523 idem
1315 1483 1492 1523 verbum
1526 1482 1609 1522 alio
1637 1482 1734 1523 1000

235 1539 327 1579 tolli
352 1540 455 1591 vult,
475 1542 568 1582 aliis
590 1543 816 1598 relinquit3
848 1542 931 1583 alio
953 1542 1049 1582 1000
1071 1541 1250 1581 verbum
1271 1548 1424 1590 mutat,
1447 1539 1600 1580 deinde
1618 1540 1732 1595 ejus-

234 1595 331 1636 dem
360 1597 442 1638 loci
472 1609 612 1640 vetere
643 1610 686 1639 ct
718 1616 743 1640 a
777 1614 819 1640 se
852 1608 1045 1641 correcta
1073 1598 1258 1638 lectione
1285 1596 1368 1637 alio
1396 1597 1490 1637 loco
1525 1597 1577 1637 ad
1611 1611 1732 1637 suam

236 1655 492 1695 sententiam
525 1657 822 1698 stabiliendam
846 1658 994 1698 utitur.
1058 1655 1194 1710 Cujus
1227 1654 1393 1710 generis
1415 1653 1614 1709 exempla
1634 1669 1730 1710 pas-

233 1709 315 1750 sim
345 1712 461 1752 docti
496 1714 573 1754 viri
607 1714 862 1770 reperientb.
925 1714 1077 1769 Neque
1108 1727 1208 1753 vero
1240 1712 1322 1752 1100
1353 1725 1404 1752 00
1427 1711 1591 1752 dictum
1615 1711 1730 1762 volo,

231 1776 281 1807 ut
301 1768 354 1808 de
376 1769 512 1825 gloria
536 1771 715 1822 Graevii,
739 1772 892 1812 summi
916 1771 1118 1821 hominis,
1140 1778 1184 1810 et
1212 1769 1256 1809 in
1287 1769 1370 1809 1100
1406 1768 1622 1808 literarum
1654 1783 1729 1824 geÎ‡-

231 1839 331 1865 nere
367 1827 475 1867 inter
506 1829 722 1885 principes
752 1829 1019 1878 numerandi,
1051 1828 1289 1868 detractum
1321 1826 1552 1881 quicquam
1574 1825 1728 1877 velim3

232 1882 305 1922 sed
326 1897 377 1923 eo
401 1884 560 1940 potius,
581 1895 628 1925 ut
652 1887 790 1942 primo
814 1887 920 1926 fiant
940 1886 1068 1940 hujus
1091 1885 1253 1925 critica:
1275 1882 1514 1938 disciplinae
1547 1882 1729 1923 studiosi

230 1938 274 1978 in
298 1940 575 1982 sollicitandis
599 1954 790 1984 veterum
812 1953 1037 1984 auctorum
1058 1942 1162 1982 locis
1184 1941 1410 1990 cautiores,
1433 1948 1477 1980 et
1507 1940 1550 1979 in
1581 1939 1727 1995 legen-

229 1996 295 2036 dis
317 1997 419 2052 ipsis
443 2001 690 2041 auctoribus
712 2001 1022 2056 diligentiores,
1044 2009 1172 2054 atque
1194 1999 1255 2039 ita
1277 1997 1533 2052 intelligant,
1551 2006 1725 2051 quantae

229 2053 466 2110 diligentiae
490 2057 545 2097 sit
566 2058 660 2099 haec
685 2058 848 2099 Critica
869 2073 950 2108 ars,
972 2067 1015 2098 et
1037 2071 1165 2112 quam
1188 2065 1347 2096 temere
1368 2054 1544 2104 faciant,
1566 2054 1654 2108 qui,
1677 2062 1726 2094 ut

229 2109 389 2166 aliquid
420 2128 689 2169 concoquere
719 2131 803 2156 non
836 2125 1031 2171 possunt,
1062 2127 1136 2154 aut
1164 2128 1251 2154 non
1284 2111 1386 2152 satis
1416 2111 1482 2151 vel
1513 2111 1725 2166 analogiae

229 2170 504 2223 respondens,
536 2172 600 2212 vel
642 2172 891 2213 Dialecticis
928 2170 1304 2228 praeceptiunculis
1340 2167 1426 2209 suis
1464 2169 1724 2208 conveniens

229 2234 398 2286 putant,
430 2227 490 2268 ita
510 2239 675 2270 mutare
706 2231 944 2270 sustinent:
977 2244 1073 2285 quae
1106 2229 1322 2269 temeritas
1344 2234 1422 2276 est,
1445 2239 1543 2266 cum
1571 2240 1596 2265 a
1617 2225 1726 2266 mul-

228 2290 297 2332 tis,
327 2292 419 2324 tum
457 2300 483 2325 a
520 2285 612 2327 Cel.
644 2287 892 2328 Burmanno
935 2287 979 2327 in
1016 2285 1179 2342 primis,
1216 2285 1258 2324 in
1295 2282 1557 2324 Praefatione
1599 2297 1727 2323 aurea

229 2336 403 2381 Phaedri
436 2343 714 2398 reprehensa3
747 2345 870 2399 cujus
892 2359 974 2400 ego
997 2342 1264 2400 praefationis
1290 2341 1352 2381 uti
1377 2350 1594 2394 tamquam
1626 2355 1726 2380 nor-

226 2409 340 2437 mam
372 2398 478 2439 mihi
512 2415 677 2457 semper
703 2402 967 2458 propositam
1000 2400 1145 2450 habui,
1177 2399 1228 2440 ad
1261 2413 1405 2453 003111,
1428 2396 1633 2452 quicquid
1661 2405 1728 2437 est

226 2451 354 2507 hujus
390 2456 620 2510 facultatis,
643 2459 886 2515 dirigerem,
918 2459 978 2499 ita
1008 2458 1235 2499 lectionem
1259 2455 1460 2496 omnibus
1492 2453 1558 2494 his
1595 2453 1724 2494 vehe-

225 2521 390 2552 menter
412 2517 755 2557 commendatam
777 2530 868 2556 esse
890 2516 1033 2572 cupio,
1056 2514 1129 2569 qui
1157 2515 1198 2554 in
1222 2513 1306 2553 1100
1329 2525 1483 2568 genere
1505 2511 1723 2552 elaborare

226 2566 390 2609 volunt.
451 2571 534 2612 Sed
557 2574 686 2614 etiam
710 2574 819 2614 hanc
842 2574 899 2613 ob
922 2587 1092 2613 causam
1118 2571 1229 2611 istud
1253 2570 1324 2610 1110
1346 2582 1653 2618 commemoro,
1678 2577 1727 2608 ut

225 2636 276 2662 eo
299 2624 466 2668 facilius
490 2637 532 2668 et
554 2644 630 2671 nos
654 2631 821 2671 veniam
846 2639 1121 2685 peccatorum
1145 2637 1387 2669 nostrorum
1411 2639 1725 2679 consequamur

223 2694 248 2718 a
281 2682 420 2723 doctis
452 2685 713 2739 hominibus,
745 2702 844 2729 cum
876 2687 1087 2743 cogitent,
1118 2700 1216 2727 eum
1247 2684 1377 2725 etiam
1409 2683 1549 2723 virum
1583 2682 1626 2722 in
1658 2682 1725 2723 his

248 2799 275 2839 *Â²
296 2794 369 2825 Vid.
397 2806 425 2826 v.
452 2809 480 2828 c.
510 2809 585 2837 ara,
617 2802 802 2839 herciseere,
829 2802 949 2840 implaÎ‡
1035 2800 1048 2820 á½“
1070 2800 1143 2830 vid.
1170 2809 1199 2829 v.
1226 2810 1254 2828 c.
1280 2798 1425 2841 educere,
1451 2795 1590 2837 efficere,
1618 2805 1726 2826 conco*

220 2844 323 2872 mum,
343 2843 565 2884 'comet-ratio,
601 2843 783 2879 inscientia,
817 2848 950 2873 senalus
991 2853 1100 2883 quere,
1116 2844 1227 2879 honor,
1244 2840 1391 2872 decedere
1405 2846 1460 2880 asc.

220 2882 412 2919 auctoratus,
427 2883 599 2924 imperium
607 2906 616 2923 ,
619 2885 809 2926 jurisdictio
822 2887 877 2927 Â«Î¾á½³.
893 2889 948 2927 Â«Î³Ï.

933 2934 1011 2970 134
