1920 3196
665 109 812 138 INDEX
842 106 1122 135 LATINITATIS
1129 123 1138 134 .

159 199 233 237 nius
249 199 329 231 Ant.
344 198 417 230 Jur.
434 198 470 230 C.
487 199 526 230 R.
542 198 576 229 ii.
596 200 646 229 18.
669 197 763 237 quasi
779 196 884 237 parri-

158 245 233 275 cidii
247 244 354 273 dicere
371 243 552 280 debuisset,
571 252 647 272 cum
665 241 716 271 vel
728 252 766 271 ex
780 251 818 270 eo
835 241 885 270 in-

159 288 343 327 telligatur,
374 286 465 316 istud
497 286 730 326 perduellionis
758 285 885 314 crimen

160 332 275 367 fuisse,
314 330 401 368 quod
439 340 480 359 ex
516 340 554 359 eo
587 329 715 367 judicio
753 326 885 358 Horatii

159 374 340 406 Duumviri
364 373 598 413 perduellionis
626 373 705 408 sint,
737 372 792 410 qui
819 379 886 400 non

158 417 265 448 solum
283 417 316 446 in
340 417 538 456 parricidiis,
551 415 608 446 sed
624 416 726 445 etiam
745 415 779 444 in
796 414 886 444 caede

156 461 285 491 tribuni
308 460 354 500 pl.
372 466 405 490 et
431 460 598 489 similibus
622 458 887 494 criniinibusju-

159 505 328 541 dicabant,
353 507 391 533 ut
415 513 454 533 ex
478 503 535 533 Or.
564 513 622 542 pro
651 502 763 532 Rabir.
791 501 886 531 Perd.

158 553 263 588 patet.
289 547 372 577 Vere
390 547 503 586 itaque
525 546 716 582 Turnebus,
734 545 888 585 perduel-

159 593 272 622 lionem
289 591 366 620 olim
384 600 517 621 omnem
537 590 660 619 eaedem
679 589 816 625 dictam,
833 599 889 618 ex-

159 635 330 665 istimavit.
364 635 483 664 Postea
502 634 732 674 perduellionis
761 632 887 662 crimen

158 678 242 709 illud
270 678 397 708 dictum
423 683 486 713 cst,
510 688 575 716 quo
601 678 673 715 quis
699 676 886 706 libertatem

159 721 273 762 populi
307 722 447 752 Romani
464 721 611 757 violavit,
640 728 812 759 tamquam
842 718 889 748 af-

162 766 288 796 fectato
318 775 431 804 regno,
455 766 592 794 tribu'no
622 763 726 804 plebis
758 762 889 802 pulsato

159 815 219 839 aut
252 809 439 846 interfecto,
471 809 540 838 cive
572 808 722 838 Romano
764 807 890 836 indicta

165 863 266 882 causa
297 853 395 891 virgis
423 862 520 888 caeso,
548 856 607 882 aut
635 860 802 890 percusso,
830 857 888 880 aut

162 897 227 926 alio
258 897 420 936 supplicio
458 895 568 925 servili
610 894 740 924 affecto.
778 894 889 924 Rabir.

163 940 260 970 Perd.
277 944 308 971 3.
341 940 571 979 perduellionis
586 938 752 976 judicium
768 949 777 975 3
803 937 889 976 quod

162 984 390 1020 exercebatur,
407 993 483 1013 cum
511 982 550 1012 T.
572 982 738 1012 Labienus
755 991 890 1011 accusa-

163 1031 214 1057 ret
238 1027 422 1063 Rabirium,
447 1026 534 1065 quod
565 1025 786 1055 Saturninum
813 1025 889 1054 trib.

164 1070 210 1110 pl.
235 1071 456 1100 interfecisset
472 1081 478 1099 :
516 1069 571 1098 ubi
590 1079 619 1098 ν.
637 1068 720 1098 Intt.
737 1068 778 1097 cf.
796 1067 889 1098 Verr.

164 1115 186 1144 i.
204 1118 233 1145 5.
251 1114 402 1144 Formam
419 1113 517 1151 hujus
528 1112 649 1151 judicii
668 1117 742 1151 pete
760 1122 776 1140 e
794 1111 889 1141 Livio

164 1157 187 1188 l.
205 1168 233 1187 c.
251 1158 292 1187 cf.
308 1157 455 1187 Turnebi
474 1166 602 1195 argum.
620 1156 661 1186 ad
676 1156 733 1186 Or.
760 1166 809 1196 pr.
825 1156 890 1186 Ra-

163 1201 224 1231 bir.
243 1201 336 1230 Perd.
352 1201 462 1240 Sigon.
480 1201 502 1230 l.
517 1210 545 1230 e.

208 1244 406 1281 Perduellis,
423 1245 477 1283 qui
502 1244 633 1284 proprie
655 1243 721 1273 sit?
748 1252 777 1273 v.
795 1243 890 1274 offic.

169 1288 192 1318 i.
213 1290 260 1318 12.

207 1331 437 1370 Peregrinari,
463 1331 677 1371 peregrinum
702 1339 783 1360 esse.
815 1330 890 1361 Mil.

168 1377 217 1405 12.
242 1383 358 1405 vestrae
369 1376 629 1415 peregrinamur
649 1384 758 1410 aures,
783 1384 890 1413 neque

167 1418 201 1448 in
217 1418 280 1448 hoc
297 1426 475 1459 pervagato
492 1418 636 1448 civitatis
652 1427 803 1447 sermone
820 1428 891 1449 ver-

167 1467 296 1492 santur.

209 1505 422 1544 Peregrinus.
453 1515 483 1535 v.
517 1504 590 1544 Ind.
614 1504 718 1543 Legg.
743 1504 778 1536 in
800 1504 890 1545 Lege

165 1547 278 1589 Papia.

208 1593 378 1623 Perennis.
402 1592 482 1622 Nat.
499 1592 542 1622 D.
561 1593 594 1621 ii.
611 1594 641 1622 3.
661 1602 801 1630 perenne
816 1602 891 1622 aus—

164 1636 300 1678 picium.
318 1637 396 1666 ibid.
413 1636 506 1666 nulla
516 1637 675 1676 perennia
703 1641 889 1665 servantur.

167 1680 318 1711 Perenne
338 1681 522 1719 auspicium
542 1685 604 1716 est,
621 1689 697 1708 cum
716 1681 891 1718 magistra-

162 1730 218 1754 tus
235 1733 349 1754 amnes
373 1725 543 1763 auspicato
567 1728 755 1752 transcunt.
779 1733 808 1752 v.
835 1723 891 1753 Fe-

163 1773 234 1798 stus
252 1769 285 1798 in
303 1777 457 1808 perenne,
485 1773 520 1796 et
546 1767 590 1796 ibi
615 1766 773 1805 Scaliger,
791 1777 890 1805 quem

141 1846 147 1853 .
166 1811 303 1849 hic-jam
320 1811 468 1841 laudavit
484 1811 650 1841 Davisius.

206 1853 414 1895 meacetzcs.
429 1854 560 1884 Verrin.
575 1854 596 1884 i.
609 1855 662 1884 46.
676 1863 783 1892 neque
799 1854 889 1883 enim

164 1906 260 1930 erant
273 1898 464 1939 perfaceto:
490 1898 521 1928 h.
547 1908 576 1927 e.
602 1907 669 1927 non
688 1907 890 1938 magnopere

161 1943 285 1975 faceta.

208 1985 380 2026 Perfector
396 1984 524 2015 dicendi
541 1984 649 2015 stilus.
673 1984 730 2014 Or.
747 1984 771 2014 i.
788 1984 840 2014 60.

209 2029 376 2070 Perficere
402 2039 462 2069 pro
489 2038 600 2067 agere,
624 2029 745 2058 facere.
778 2029 852 2058 Act.
870 2028 892 2058 i.

164 2074 200 2106 in
216 2073 309 2104 Verr.
332 2077 380 2103 11.
407 2081 480 2112 quae
498 2073 538 2102 ab
554 2072 618 2102 isto
633 2082 692 2111 per
707 2072 891 2102 triennium

158 2116 308 2157 perfecta
331 2121 422 2153 sunt,
447 2117 485 2145 de
512 2115 647 2154 flagitiis
663 2121 697 2145 et
713 2115 891 2146 sceleribus

165 2159 275 2192 verris
292 2161 325 2190 in
342 2160 424 2191 urbe
440 2161 690 2199 Syracusarum.

210 2203 417 2243 Persi-imre.
438 2204 539 2233 Tusc.
554 2203 600 2232 iii.
622 2205 669 2233 18.
686 2212 801 2241 quam,
814 2212 892 2232 eum

167 2258 203 2279 os
215 2248 431 2288 perfricuisti,
451 2246 534 2277 soles
552 2246 659 2276 dicere
675 2258 681 2275 ε
718 2246 751 2275 h.
769 2256 797 2275 e.
815 2256 891 2275 cum

164 2292 340 2332 impudens
353 2291 459 2321 sactus
472 2300 518 2328 es,
528 2289 687 2330 pudorem
699 2289 892 2329 deposuisti.

165 2335 230 2368 Sed
248 2336 311 2365 Pis.
329 2337 380 2365 25.
405 2340 507 2374 caput
532 2334 666 2364 sinistra
693 2343 794 2362 manu
815 2343 892 2372 per-

151 2378 301 2421 fricare,
317 2378 464 2408 Victorio
491 2378 567 2407 Var.
591 2376 612 2407 l.
630 2378 698 2406 viii.
720 2378 750 2407 6.
769 2381 803 2406 et
820 2377 892 2406 aliis

164 2423 295 2453 videtur
325 2432 395 2452 esse
426 2422 558 2460 signum
591 2420 791 2458 haesitantis,
822 2421 891 2459 qui,

165 2466 245 2505 quid
257 2465 435 2498 dicendum
452 2464 683 2494 faciendumve
699 2464 756 2501 sit,
774 2464 892 2493 nescit.

164 2509 250 2540 Mihi
277 2520 353 2539 vero
379 2510 480 2539 etiam
502 2508 535 2538 h.
562 2508 584 2538 l.
613 2507 652 2537 de
684 2507 893 2547 impudentia

165 2553 396 2593 accipiendum
426 2552 568 2588 videtur,
597 2552 636 2581 de
664 2550 811 2588 homine,
837 2552 892 2589 qui

167 2596 251 2627 nihil
268 2602 432 2633 vereatur,
446 2595 531 2625 nihil
545 2596 678 2625 timeat.
714 2595 801 2625 Nam
820 2594 893 2624 Piso

166 2641 213 2672 ita
228 2640 412 2677 inducitur,
428 2645 468 2670 ut
490 2639 591 2676 dicat,
617 2639 764 2668 rationes
790 2647 825 2667 se
852 2638 893 2668 ad

165 2685 321 2715 aerarium
347 2683 513 2719 retulisse,
531 2682 730 2722 perscriptas
754 2681 835 2711 scite
858 2687 891 2711 et

162 2727 310 2763 litei-ate,
342 2727 374 2757 h.
401 2737 429 2756 e.
455 2725 586 2763 callide,
603 2728 637 2754 et
665 2724 706 2754 ad
732 2724 892 2763 tegendas

163 2771 296 2802 fraudes
313 2776 348 2800 et
363 2770 454 2800 furta
469 2768 828 2805 accommodatissime,
846 2769 894 2798 ita

164 2818 203 2846 ut
232 2815 301 2854 ipse
325 2814 433 2844 scriba
456 2813 542 2842 hanc
574 2811 792 2841 calliditatem
820 2822 894 2851 per-

162 2858 361 2898 npexerit,et
372 2857 473 2887 tacite
487 2855 625 2885 dixerit:
644 2855 729 2884 ratio
742 2860 893 2895 apparet,

161 2902 226 2940 etsi
249 2906 426 2941 argentum
458 2898 586 2938 οἴχεται.
631 2898 708 2928 Non
737 2898 792 2928 hic
817 2908 892 2939 pro-

1574 97 1656 135 883

927 193 1017 224 fecto
1033 194 1201 225 haesitatio
1218 198 1252 225 et
1268 193 1457 226 sollicitudo
1472 193 1582 226 locum
1599 193 1659 226 ha-

927 238 997 267 bct.

974 280 1204 320 Persi-ingere.
1214 282 1304 312 Sext.
1322 282 1375 312 64.
1387 281 1594 322 perfringere
1609 282 1656 312 le-

928 334 984 363 ges
1006 326 1179 364 etjudicia
1196 326 1314 365 opibus
1339 329 1373 354 et
1402 327 1563 365 potentia.
1595 325 1659 356 Ca-

927 368 979 398 til.
1007 368 1031 397 i.
1062 372 1092 401 7.
1121 368 1332 409 perfringere
1359 370 1573 407 quaestiones.
1612 369 1656 399 cf.

931 412 1054 441 Caecin.
1073 413 1125 442 26.
1149 413 1224 442 Act.
1242 413 1262 442 i.
1279 412 1372 442 Verr.
1393 415 1420 442 l.
1445 412 1520 442 Mil.
1539 415 1592 443 32.
1609 413 1659 442 di-

930 455 1018 484 citur
1045 455 1084 484 de
1111 456 1187 493 reis,
1212 456 1267 494 qui
1293 456 1449 495 pecunia,
1467 457 1588 494 gratia,
1612 457 1658 496 vi,

930 508 1060 538 poenam
1093 499 1240 529 evadunt
1262 504 1296 528 et
1319 500 1548 529 absolvuntur.
1581 503 1600 521 ¹*
1617 501 1658 531 de

930 544 1080 571 oratione
1110 543 1267 572 sublimi:
1300 544 1357 572 Or.
1381 545 1433 573 28.
1464 543 1535 573 haee
1559 544 1659 575 modo

926 584 1120 625 perfringit,
1159 586 1256 616 modo
1295 586 1408 626 irrepit
1448 587 1483 616 in
1528 597 1657 618 sensus.

930 629 1026 659 Brut.
1056 634 1087 663 9.
1111 629 1362 669 Theophrastus
1396 629 1461 660 fuit
1491 631 1659 661 suavitate

931 682 983 709 ea,
1000 683 1065 711 qua
1089 673 1304 713 perfunderet
1331 673 1473 712 animos,
1501 683 1567 704 non
1592 685 1659 714 qua

926 715 1160 756 perfringeret.

977 759 1187 800 Pevgjizginm.
1233 759 1368 791 Cluent.
1409 763 1458 795 19.
1495 760 1659 802 perfugia

932 814 1121 841 causarum,
1146 810 1225 834 sunt
1252 805 1407 842 artificia,
1425 805 1544 844 quibus
1561 806 1659 838 mala»

932 857 1039 877 causae
1056 847 1189 877 defendi
1206 853 1357 887 possunt.

976 890 1169 931 Pergf'zmctio
1191 891 1367 921 honorum.
1398 892 1456 923 Or.
1481 893 1527 922 iii.
1555 895 1585 923 2.
1608 898 1661 925 est

932 944 1008 964 cum
1027 935 1221 965 consulatus
1240 940 1352 974 gestus
1377 941 1441 973 est,
1466 936 1500 965 in
1516 947 1582 975 quo
1608 942 1661 968 est

932 979 1007 1008 finis
1021 978 1185 1009 honorum
1206 984 1244 1009 ut
1258 979 1396 1009 ultimus
1413 979 1548 1020 gradus,
1564 984 1603 1011 ut
1616 981 1661 1013 ibi

933 1022 966 1051 in
985 1022 1114 1052 Crasso.

976 1065 1196 1105 Persuadere,
1213 1075 1342 1096 vexare.
1360 1066 1458 1098 Rosc.
1474 1066 1513 1097 A.
1530 1068 1582 1102 29.
1599 1077 1660 1099 nos

926 1109 1128 1149 perfundere
1138 1109 1279 1149 judicio,
1293 1119 1446 1140 accusare
1464 1116 1577 1142 autem
1591 1122 1661 1150 eos,

932 1164 952 1183 a
968 1154 1086 1192 quibus
1103 1153 1288 1183 mercedem
1306 1155 1476 1194 accepisti.

976 1196 1157 1236 Pei-jungi,
1175 1208 1192 1227 e
1219 1196 1334 1235 regula
1353 1197 1657 1228 Grammaticorum

933 1239 972 1270 (ie
984 1240 1078 1270 bonis
1095 1241 1191 1271 rebus
1209 1241 1344 1278 dicitur,
1361 1246 1399 1271 ut
1415 1241 1455 1272 ad
1472 1241 1550 1272 Div.
1567 1242 1609 1272 iv.
1627 1245 1659 1274 5.

932 1285 1087 1314 omnibus
1114 1294 1215 1324 prope
1239 1285 1334 1314 bonis
1351 1284 1563 1325 petjimctam
1579 1295 1662 1316 esse.

933 1328 996 1358 Sed
1028 1333 1079 1358 est
1105 1329 1207 1358 etiam
1235 1328 1274 1357 de
1301 1329 1410 1367 malis,
1442 1335 1479 1359 ut
1509 1328 1660 1368 defungi.

933 1371 1082 1402 Marcell.
1110 1375 1160 1403 10.
1177 1371 1358 1412 perfuncta
1384 1383 1468 1413 resp.
1496 1377 1547 1403 est
1573 1372 1662 1403 bello

933 1415 1064 1445 misero.
1082 1415 1124 1445 cf.
1142 1415 1224 1446 Har.
1248 1415 1288 1446 R.
1321 1420 1350 1447 ὃ.
1380 1416 1422 1446 ad
1449 1416 1524 1447 Div.
1552 1427 1582 1446 v,
1610 1419 1659 1447 12.

932 1458 951 1477 ’¹‘
967 1460 1122 1499 partic-ip.
1138 1459 1221 1500 perf.
1237 1460 1338 1489 etiam
1358 1461 1485 1500 passive
1503 1463 1553 1490 est
1568 1461 1660 1491 Sext.

932 1505 962 1532 4.
988 1504 1150 1533 memoria
1161 1503 1328 1543 perfinia-ti
1343 1505 1494 1543 periculi.

977 1544 1193 1577 Periculosae.
1222 1547 1293 1577 Att.
1319 1548 1387 1577 xiii.
1418 1550 1470 1579 25.
1490 1549 1664 1588 periculosi

933 1590 967 1619 in
984 1591 1204 1631 nosmetipsos
1220 1591 1409 1621 fuissemuS.

979 1634 1169 1664 Periculum
1177 1634 1463 1673 ,judiciu1n,quod
1474 1636 1664 1675 perieulum

933 1679 1051 1717 capitis
1078 1678 1186 1709 affert.
1212 1678 1264 1708 Sic
1286 1679 1384 1709 Rosc.
1400 1679 1475 1709 Am.
1503 1683 1555 1710 30.
1573 1681 1664 1719 peri-

931 1724 1040 1752 ccl-lum
1071 1732 1196 1759 creare,
1226 1732 1285 1762 pro
1314 1732 1481 1753 accusare.
1504 1723 1604 1754 Arch.
1631 1724 1663 1754 6.

926 1767 1075 1805 pericula
1106 1767 1303 1796 amicorum.
1328 1766 1446 1797 Manil.
1468 1770 1494 1797 1.
1512 1769 1665 1806 pericula

936 1810 1152 1849 privatorum.
1170 1812 1189 1831 ²*
1206 1810 1246 1839 ad
1255 1810 1332 1840 Div.
1348 1811 1416 1840 xiii.
1429 1811 1481 1840 68.
1493 1811 1573 1849 quid
1588 1821 1664 1841 sen-

932 1853 1030 1890 tiam,
1047 1862 1114 1883 non
1133 1863 1220 1893 saepe
1247 1854 1403 1890 scribam,
1420 1861 1556 1894 propter
1574 1857 1665 1895 peri-

932 1897 1043 1926 culum
1059 1897 1222 1935 ejusmodi
1235 1897 1421 1927 literarum.
1438 1897 1456 1915 ²*
1472 1899 1665 1937 Specimen,

934 1940 1021 1978 quod
1046 1940 1329 1980 experiundarum
1353 1942 1472 1971 virium
1490 1952 1590 1972 causa
1613 1943 1663 1972 fit.

932 1983 1014 2023 Leg.
1031 1984 1052 2013 i.
1074 1987 1101 2014 l.
1126 1984 1256 2014 faciunt
1280 1985 1449 2024 imperite,
1466 1986 1522 2024 qui
1544 1986 1578 2016 in
1598 1987 1663 2017 isto

928 2029 1089 2067 periculo,
1107 2037 1173 2057 non
1191 2032 1230 2058 ut
1245 2037 1265 2058 a
1278 2032 1391 2068 poeta,
1413 2028 1471 2058 sed
1489 2037 1527 2058 ut
1543 2039 1562 2059 a
1576 2035 1666 2060 teste

933 2072 1108 2101 veritatem
1133 2073 1281 2110 exigant.
1305 2074 1325 2093 ὖ
1339 2072 1433 2103 Verr.
1450 2073 1498 2102 iii.
1515 2076 1568 2107 79.
1585 2075 1666 2104 scri·

934 2114 981 2144 bis
1006 2115 1131 2145 tabnlae
1156 2115 1300 2158 publicae
1324 2117 1536 2156 periculaque
1560 2117 1667 2157 magi·

933 2164 1102 2188 stratuum
1119 2160 1392 2190 committuntur.
1416 2159 1579 2190 Pericula
1595 2160 1666 2191 scil.

933 2208 1012 2232 sunt
1029 2202 1174 2239 tabellae,
1197 2203 1312 2240 libelli,
1332 2204 1365 2233 in
1393 2204 1512 2242 quibus
1539 2204 1666 2243 aliquid

933 2246 1104 2284 scribitur,
1120 2245 1234 2284 quales
1258 2252 1339 2276 sunt
1366 2247 1495 2277 codices
1524 2247 1665 2286 Pisonis,

933 2288 1027 2320 Verr.
1055 2291 1075 2319 i.
1107 2290 1159 2320 46.
1184 2290 1265 2320 item
1284 2290 1407 2320 tabulae
1423 2291 1537 2321 Verris
1561 2292 1664 2331 ipsius

935 2333 968 2362 ii.
983 2334 1044 2363 4⁶2:
1070 2343 1273 2372 quamquam
1290 2333 1439 2371 Grotius,
1455 2335 1664 2373 Sirmondus,

934 2376 1057 2415 aliique
1074 2376 1193 2407 malint
1205 2379 1358 2418 ,varicula
1385 2377 1463 2417 legi.
1501 2378 1565 2408 Sed
1592 2379 1665 2409 vide

934 2420 1100 2459 inprimis,
1127 2431 1226 2459 quem
1253 2421 1306 2450 hic
1332 2421 1480 2452 Graevius
1504 2421 1667 2460 laudavit,

935 2463 1075 2494 Salmas.
1088 2464 1288 2494 mod.Usu1·.
1307 2475 1335 2495 c.
1354 2467 1403 2496 15.
1418 2470 1453 2495 et
1468 2466 1607 2496 Bosium
1624 2467 1667 2497 ad

934 2507 1058 2546 Nepot.
1076 2507 1232 2547 Epamin.
1251 2512 1281 2538 8.
1305 2508 1498 2539 Gothofred.
1527 2509 1568 2539 ad
1585 2510 1667 2540 Cod.

933 2550 1061 2580 Theod.
1080 2552 1133 2581 tit.
1151 2551 1189 2580 de
1213 2552 1387 2581 sententiis
1411 2562 1428 2581 e
1448 2554 1593 2593 periculo
1615 2563 1668 2584 re-

935 2594 1102 2632 citandis;
1128 2600 1166 2625 ut
1189 2595 1270 2625 alios
1296 2600 1481 2633 taceamus,
1509 2597 1566 2635 qui
1593 2607 1667 2637 pas-

935 2638 996 2667 sim
1020 2639 1150 2677 copiose
1179 2638 1370 2669 laudantur.
1394 2640 1413 2658 *
1429 2639 1524 2670 Verr.
1551 2641 1585 2670 ii.
1613 2643 1666 2671 43.

935 2681 1069 2711 videtur
1081 2681 1144 2711 dici
1162 2692 1221 2721 pro
1239 2682 1359 2722 elogio,
1372 2693 1405 2712 n.
1423 2685 1455 2714 2.
1471 2688 1506 2713 te
1521 2683 1554 2713 in
1571 2683 1668 2714 Sthe·

936 2725 981 2754 nii
992 2726 1137 2764 periculo
1148 2726 1274 2755 inimici
1289 2727 1359 2763 ejus
1375 2727 1510 2756 nomine
1527 2727 1668 2758 abusum

936 2778 1018 2797 esse.
1065 2769 1195 2808 Nempe
1213 2769 1428 2800 adscribendo
1459 2771 1667 2809 cognitorem

936 2810 1127 2842 Claudium.
1176 2812 1264 2842 Nam
1280 2823 1380 2852 supra
1397 2813 1436 2843 de
1453 2814 1570 2844 eodem
1596 2815 1669 2844 dix-

936 2859 1021 2891 erat,
1035 2855 1067 2885 in
1082 2855 1211 2887 Sthenii
1226 2857 1375 2894 nomine,
1390 2867 1418 2886 c.
1430 2859 1484 2887 42.
1501 2857 1589 2896 quod
1605 2862 1669 2896 est,

915 2897 921 2903 “
940 2899 975 2928 in
1001 2899 1111 2939 capite
1136 2899 1176 2929 de
1204 2899 1388 2931 Stheniana
1411 2910 1523 2939 causa,
1544 2901 1670 2942 (sumto
