1920 3196
693 99 839 128 INDEX
870 99 1004 126 LATIN
1013 99 1167 129 1TAT18.

172 193 387 229 opponuntur
423 188 575 228 pecuniae
610 191 746 227 paratae.
785 186 898 216 Plane.

173 235 225 263 28.
243 242 368 269 nomen,
386 232 474 271 quod
489 237 601 270 urget,
617 230 804 261 dissolvere.
820 232 898 259 item

172 274 295 305 solvere
320 275 391 305 Att.
409 276 449 304 vi.
467 278 498 305 2.
522 275 639 313 Quint.
662 278 692 305 4.
710 274 829 312 quilius
847 284 900 302 710—

174 319 313 349 minibus
329 319 506 358 pecuniam
524 319 630 348 curari
648 324 812 358 oportere.
830 319 900 346 Διί.

176 361 244 392 xiii.
276 364 328 396 2⁷9.
354 372 466 391 nomen
482 362 638 400 explicat.
660 362 723 391 xvi.
742 361 772 390 (ἰ.
788 371 899 390 nomen

172 405 301 444 expedi.
332 405 364 443 ⁶2)
385 405 525 435 debitor.
548 405 618 434 Att.
636 415 664 434 v.
682 406 733 434 ⁶21.
748 414 824 433 nam
845 408 901 433 aut

177 448 262 477 bono
276 450 403 478 nomine
419 448 610 478 centesimis
621 453 800 477 contentus
817 453 900 480 crat.

176 497 235 521 aut
267 502 333 521 nou
361 493 462 528 bono,
495 496 673 530 quaternas
701 491 900 520 centesimas

173 535 339 574 sperabat.
355 536 388 573 3)
409 536 518 575 capita
545 535 578 564 in
604 534 727 564 tabulis
754 535 898 573 scripta:

174 578 305 608 Posteu.
329 579 422 608 Vcrr.
441 579 461 608 i.
479 579 530 609 36.
555 579 588 607 in
605 578 726 607 codicis
753 582 902 606 extrema

172 631 248 651 cera
262 632 376 652 nomen
393 622 547 651 infimum
562 622 595 650 in
612 622 777 659 flagitiosa
798 620 903 650 litura

175 665 266 695 fecit.
291 667 408 705 Quint.
431 669 481 695 ll.
499 666 677 695 nominihus
690 665 787 694 certis
805 673 903 702 grau-

173 708 250 738 dem
278 710 456 749 pecuniam
480 708 589 738 debet.
618 709 659 738 cf.
694 708 735 737 ad
766 708 841 738 Div.
872 717 901 737 v.

173 754 226 783 20.
249 763 362 783 nomen
380 758 451 782 erat
467 753 626 782 sestertiis
645 762 719 781 xxx.
750 752 846 781 Rosc.
865 750 901 780 C.

180 799 207 825 l.
225 805 291 826 non
310 796 411 826 refert
437 806 537 835 parva
563 797 693 825 nomina.
710 795 743 824 in
762 794 900 824 codices.

174 840 283 878 Atque
298 840 374 869 hinc
392 840 592 870 translatum
611 845 661 868 est
677 837 718 868 ad
732 838 797 867 alia
813 838 903 867 simi-

175 882 230 912 lia.
255 883 348 913 Verr.
366 884 400 913 ii.
428 885 479 914 42.
504 883 560 912 ubi
584 893 692 912 sermo
708 885 757 911 est
782 881 820 910 de
841 880 903 911 Co-

178 926 249 956 dice
266 927 389 963 Verris,
406 928 440 956 in
467 936 566 965 quem
584 926 688 956 relata
715 932 811 954 eraut
828 930 904 954 acta

175 970 209 999 in
231 971 463 1009 jurisdictione
493 969 797 1006 Siciliensi,nomen
823 968 903 997 dici-

177 1019 245 1050 tur,
272 1024 330 1054 pro
347 1024 479 1043 summa
495 1023 615 1050 causae,
646 1014 688 1042 ibi
707 1012 901 1052 perscripta,

176 1066 201 1086 s.
229 1057 348 1096 elogio,
370 1064 416 1094 et,
435 1061 471 1086 ut
494 1067 569 1086 mox
587 1068 614 1086 e.
632 1060 685 1087 43.
710 1058 778 1095 ipse
795 1060 902 1092 vocat,

178 1101 336 1140 periculo.
355 1112 383 1130 ν.
396 1100 541 1140 elogium
558 1110 590 1129 n.
609 1103 640 1131 2.
666 1104 700 1129 ct
717 1098 901 1139 periculum

179 1147 255 1173 n.3.
278 1144 449 1174 Videtisne
465 1150 576 1174 totum
608 1144 669 1173 hoc
695 1153 821 1179 nomen,
847 1143 902 1172 ubi

176 1187 257 1217 facit
273 1198 383 1218 coram
407 1188 554 1217 delatum
574 1187 765 1223 Sthenium,
781 1196 849 1216 esse
868 1186 900 1215 iu

178 1231 290 1261 litura.
304 1242 377 1261 mox
394 1244 400 1260 z
426 1232 482 1270 qui
498 1230 673 1260 defendere
691 1240 757 1259 non
781 1234 902 1269 potest,

178 1283 211 1303 se
236 1285 302 1304 nou
322 1274 383 1315 (in)
404 1276 504 1315 ipsius
529 1274 656 1304 Sthenii
681 1275 807 1304 nomine
832 1273 905 1303 litc-

179 1327 230 1348 ras
249 1319 396 1357 publicas
415 1319 598 1357 corrupisse
614 1329 623 1355 ;
648 1327 706 1357 pro
723 1327 788 1355 quo
805 1327 902 1346 mox:

180 1362 213 1391 in
231 1361 360 1392 Sthenii
389 1362 545 1402 periculo.
568 1361 721 1390 Teneant
738 1362 838 1390 etiam
862 1361 905 1390 ti-

180 1415 274 1435 rones
292 1405 377 1435 hauc
399 1405 596 1435 formulam:
621 1405 663 1434 nd
679 1405 754 1434 Div.
773 1404 826 1434 vii.
848 1406 901 1434 23.

181 1450 293 1488 accepi
324 1449 440 1479 Aviani
473 1449 596 1485 literas,
632 1449 664 1477 in
696 1448 814 1486 quibus
842 1448 904 1477 hoe

183 1498 255 1522 erat
272 1492 553 1529 liberalissimum,
581 1493 712 1521 nomina
736 1502 770 1520 se
798 1491 905 1521 factu-

181 1546 269 1573 rum,
286 1547 351 1575 qua
367 1546 427 1575 ego
450 1536 569 1565 vellem
587 1536 648 1565 die.
695 1534 735 1564 In
757 1546 823 1574 quo
848 1545 905 1574 ap-

182 1583 276 1619 paret
298 1582 429 1610 nomina
447 1579 568 1619 ⁸facere
602 1589 671 1608 esse
717 1579 904 1616 crediumis,

182 1633 258 1653 cum
277 1633 343 1653 non
369 1624 491 1662 accipit
515 1623 705 1663 pecuniam,
733 1623 789 1652 scd
816 1632 906 1652 sum-

181 1676 273 1697 mam
297 1667 330 1696 in
354 1667 477 1697 tabulis
504 1667 630 1702 scribit,
647 1671 739 1696 certa
763 1666 815 1696 die
838 1667 905 1695 exi-

182 1710 335 1749 gendam.
362 1710 428 1741 vid.
452 1711 590 1740 Salmas.
616 1711 714 1740 Usur.
732 1710 762 1739 6.
786 1710 849 1739 Sed
866 1710 906 1739 de

181 1754 342 1791 debitore,
372 1755 427 1793 qui
459 1764 525 1783 nou
565 1757 727 1793 praeseute
765 1754 908 1793 pecunia

181 1798 278 1834 emit,
301 1797 433 1827 videtur
457 1808 526 1827 esse
553 1798 648 1827 Offie.
678 1797 724 1826 iii.
753 1800 801 1828 14.
826 1798 908 1826 emit

182 1840 283 1870 honio
300 1841 439 1881 cupidus
455 1845 489 1870 et
504 1841 650 1881 locuples
670 1842 771 1877 tanti,
787 1842 904 1880 quanti

182 1884 320 1924 szhius
334 1884 451 1922 voluit,
467 1890 501 1914 et
518 1885 600 1914 emit
618 1885 817 1914 instructos:
854 1895 907 1914 ηο-

183 1929 274 1958 mina
289 1928 382 1965 facit,
396 1929 568 1967 negotium
584 1928 728 1958 conficit.
745 1934 779 1957 et
795 1928 842 1958 sic
859 1929 908 1957 in-

183 1975 384 2010 terpretatus
411 1976 461 2001 est
487 1971 537 2001 Fr.
569 1972 760 2001 Fabricius:
787 1981 907 2010 neque,

182 2016 208 2044 si
227 2016 273 2044 ita
288 2016 419 2055 scripsit
443 2016 570 2052 Cicero,
588 2016 687 2045 aliter
703 2016 772 2044 fieri
790 2020 907 2054 potest.

183 2058 280 2097 Quod
297 2069 373 2088 cum
390 2059 515 2089 videret
529 2059 561 2089 J.
577 2059 626 2088 Fr.
650 2059 847 2095 Gronovius,
863 2058 908 2088 le-

185 2101 330 2140 gendum
357 2103 515 2133 censebat
530 2115 536 2132 :
563 2103 700 2143 Pythius
713 2104 844 2132 ‘nomina
860 2104 908 2132 fa—

184 2145 250 2174 cit:
278 2146 436 2185 probante
453 2146 591 2176 Graevio.
617 2147 731 2185 Neque
748 2145 844 2176 aliter
854 2157 909 2176 ex-

184 2189 295 2228 pedire
322 2199 379 2219 nos
409 2200 596 2228 possumus,
614 2191 640 2220 si
663 2195 771 2220 ratam
789 2190 908 2220 habea-

187 2241 260 2262 mus
292 2232 384 2262 illam
415 2234 620 2273 opinionem,
666 2244 739 2273 quae
776 2235 907 2264 nomina

183 2275 291 2305 facere
318 2280 451 2306 tantum
479 2277 676 2307 creditorem
702 2283 826 2307 censet.
851 2277 909 2307 Fa-

184 2326 258 2349 teor
273 2325 399 2357 tamen,
417 2320 498 2350 mibi
523 2331 588 2350 uon
606 2321 654 2350 ita
669 2321 845 2351 absurdam
865 2322 910 2350 vi-

185 2363 253 2393 deri
287 2363 424 2393 Fabricii
457 2365 782 2404 interpretationem,
809 2368 843 2394 et
869 2375 908 2394 ex

185 2406 350 2446 analogia,
367 2412 399 2436 et
415 2408 445 2437 vi
459 2409 645 2445 verborum,
658 2410 789 2438 nomina
801 2408 909 2438 facere

184 2451 286 2480 ctiam
305 2450 344 2480 de
358 2451 505 2481 debitore
524 2452 586 2481 dici
601 2462 704 2491 posse.
718 2452 806 2491 Quid
819 2452 908 2481 enim

185 2497 236 2522 est
261 2495 394 2524 nomina
422 2495 545 2532 facere,
569 2505 645 2524 cum
676 2495 716 2525 ‹le
747 2496 910 2525 creditore

185 2537 321 2574 dicitur,
337 2538 399 2567 nisi
417 2539 449 2567 in
463 2539 543 2575 suis,
560 2538 644 2568 forte
661 2539 763 2568 etiam
781 2540 814 2568 in
831 2538 912 2568 alio-

186 2590 275 2617 rum,
292 2581 413 2611 tabulis
436 2582 578 2612 scribere
608 2592 720 2612 nomen
740 2582 910 2620 debitoris,

186 2628 221 2653 et
239 2634 352 2653 nomen
370 2626 519 2664 pecuniae
537 2626 571 2655 in
584 2626 735 2665 expensis
750 2626 761 2655 ?
790 2626 879 2665 Quid
896 2627 907 2656 ἓ

187 2676 298 2697 nonne
315 2668 416 2698 etiam
434 2669 564 2699 debitor
578 2669 693 2699 scribit
709 2679 823 2699 nomen
841 2679 911 2698 cre-

186 2711 315 2746 ditoris,
332 2716 367 2741 et
383 2722 495 2742 nomen
521 2722 675 2748 suumne,
694 2713 727 2742 in
755 2713 836 2750 suis,
865 2717 911 2749 et,

184 2754 213 2783 si
229 2764 312 2794 opus
339 2760 403 2792 est,
425 2756 529 2785 etiam
555 2756 696 2785 aliorum
724 2756 860 2793 tabulis,
878 2762 912 2786 et

186 2797 321 2835 quidem
345 2799 379 2828 in
405 2800 574 2838 acceptis?
602 2799 670 2828 Cur
686 2809 764 2839 ergo
782 2810 847 2830 non
864 2800 912 2840 ip-

184 2850 219 2870 te
243 2851 373 2880 quoque
395 2843 499 2882 possit
521 2842 652 2873 dicere:
678 2846 809 2874 nomina
825 2843 913 2874 face-

186 2885 246 2915 re?
273 2885 361 2917 Nam
383 2888 515 2917 nomina
530 2885 639 2917 facere
663 2886 746 2918 nihil
763 2892 814 2918 est
839 2897 915 2928 pro-

1593 87 1676 125 365

943 187 1027 226 prie,
1054 198 1153 226 quam
1189 188 1319 218 nomina
1348 187 1506 225 scribere,
1535 197 1672 227 ponere.

942 231 993 259 Sic
1011 231 1081 261 Att.
1099 233 1164 261 xiii.
1183 235 1230 261 14.
1243 231 1419 270 placeatne·
1434 232 1507 268 tibi,
1521 231 1611 261 mitti
1629 230 1671 260 ad

941 273 1140 312 Varronem,
1159 275 1248 313 quod
1266 276 1470 314 scripsimus.
1488 275 1550 304 etsi
1568 274 1671 304 etiam

941 317 982 346 ad
1001 323 1033 346 tc
1057 319 1182 357 aliquid
1208 320 1363 358 pertinet.
1382 329 1459 348 uam
1477 319 1574 355 scito,
1590 322 1623 347 te
1643 318 1674 347 ei

942 360 1073 399 dialogo
1091 363 1288 399 adjunctum
1303 372 1372 391 csse
1390 363 1541 391 tertium.
1557 361 1678 400 opinor

943 404 1047 442 igitur
1071 405 1339 435 consideremus:
1366 406 1427 434 etsi
1452 407 1581 434 nomina
1600 405 1675 443 jam

943 447 1033 476 facta
1056 453 1160 485 sunt;
1186 448 1243 477 sed
1261 448 1311 477 xel
1329 449 1441 478 induci
1469 448 1518 477 vel
1549 449 1674 479 mutari

943 498 1096 530 possunt.
1121 491 1279 521 (icterum
1308 502 1421 528 usum,
1438 498 1476 521 ut
1504 493 1536 521 in
1561 493 1676 522 multis

944 534 1029 572 aliis,
1059 535 1100 564 ad
1138 545 1240 564 unani
1272 543 1401 575 partem
1433 536 1560 565 flexisse
1588 536 1676 566 hane

944 578 1101 614 sormam,
1116 584 1147 607 ct
1173 579 1292 618 saepius
1312 579 1536 618 usitatiusquc
1550 579 1589 609 de
1606 590 1678 609 cre-

945 621 1051 650 ditore
1080 622 1219 659 dictam,
1253 622 1342 652 haud
1373 624 1576 661 negaverim.
1610 623 1675 655 vid.

947 663 1023 694 Vas.

990 708 1235 745 lVomenclator,
1252 719 1377 747 servus,
1395 711 1450 748 qui
1468 710 1679 748 dominu,iu-

945 752 1059 790 primis
1099 752 1288 789 candidato,
1330 754 1467 783 nomina
1504 755 1676 785 obviorum

944 795 1107 833 suggerit,
1125 800 1162 825 ut
1191 797 1326 825 nomine
1343 806 1402 826 suo
1421 807 1589 838 quemque
1618 808 1677 838 ap-

944 838 1068 878 pellare
1086 839 1202 878 possit,
1216 839 1305 878 quod
1323 846 1394 870 erat
1412 840 1563 871 blandius
1579 853 1588 880 3
1616 852 1677 872 un·

945 882 985 911 de
1001 881 1181 921 aliquando
1205 883 1276 921 lege
1294 884 1438 913 ambitus
1456 885 1678 924 prohibitum,

945 930 983 954 ut
1008 933 1058 955 est
1082 925 1170 966 apud
1196 926 1340 956 Livium.
1365 928 1435 958 Att.
1464 929 1505 957 iv.
1532 932 1560 958 ].
1586 929 1677 961 Mur.

950 970 1003 999 36.
1029 969 1105 998 hinc

990 1013 1227 1050 Nvmenelatio,
1260 1025 1336 1044 cum
1367 1015 1512 1054 aliquem
1542 1017 1677 1048 nornine

945 1066 1004 1086 suo
1055 1057 1260 1096 appellamus
1300 1058 1446 1095 honoris,
1486 1059 1678 1091 blandiendi

946 1110 1055 1129 causa.
1086 1101 1243 1130 Petition.
1268 1102 1366 1131 Cous.
1394 1106 1443 1132 11.
1469 1102 1573 1133 altera
1602 1115 1678 1144 pars

946 1144 1128 1182 petitionis,
1143 1154 1214 1184 quae
1232 1145 1265 1174 in
1283 1145 1433 1185 populari
1460 1147 1588 1177 ratione
1605 1157 1678 1178 ver-

945 1191 1048 1216 satur.
1096 1188 1144 1217 Ea
1174 1187 1338 1219 desiderat
1374 1192 1675 1230 nomenclationem,

946 1230 1144 1260 blanditiam
1163 1232 1222 1262 διο.

990 1274 1187 1312 Αὐηιὶηανε,
1219 1276 1404 1316 suffragari,
1429 1278 1678 1318 commendare,

947 1318 1172 1357 vorasshhtgen.
1197 1319 1238 1348 ad
1254 1320 1347 1349 Brut.
1365 1324 1394 1354 7.
1419 1321 1604 1357 digniorem
1621 1333 1678 1352 no-

946 1362 1073 1391 minare
1091 1372 1157 1391 non
1176 1366 1267 1402 potes
1285 1373 1382 1402 quam
1397 1363 1567 1395 Bibulum.
1591 1366 1679 1398 Phil.

947 1405 980 1435 ii.
998 1407 1027 1435 (2.
1058 1407 1225 1435 nominare
1248 1416 1421 1445 augurem.
1454 1408 1602 1439 *nomen
1617 1411 1680 1439 tri-

948 1448 1058 1478 buere.
1092 1449 1162 1478 Fin.
1180 1450 1225 1479 iii.
1243 1452 1273 1480 Q,
1303 1460 1342 1480 ex
1364 1452 1518 1482 omnibus
1536 1452 1681 1492 philoso-

948 1492 1019 1531 phis
1037 1492 1137 1522 Stoici
1163 1492 1307 1533 plurima
1329 1496 1598 1526 nominaverunt:
1621 1496 1680 1528 sed

947 1536 1044 1565 hodie
1061 1541 1112 1566 est
1129 1542 1347 1567 novaverunt.

993 1580 1195 1617 Nominatio,
1209 1590 1313 1619 genus
1323 1581 1583 1621 suffragationis,
1596 1583 1681 1614 Vor-

947 1622 1071 1662 schlag.
1111 1624 1192 1654 Phil.
1210 1625 1278 1654 xiii.
1297 1628 1326 1656 5.
1349 1630 1509 1665 paternus
1537 1636 1680 1666 augura-

946 1671 1001 1696 tus
1012 1666 1115 1704 locus,
1128 1668 1162 1697 in
1173 1678 1271 1706 quem
1286 1678 1346 1707 ego
1359 1679 1437 1699 eum
1448 1680 1523 1700 mea
1534 1672 1681 1702 nomina-

947 1711 1029 1740 tione
1046 1711 1217 1750 cooptabo.
1231 1712 1272 1741 ad
1287 1711 1381 1743 Brut.
1397 1717 1427 1747 7.
1445 1724 1517 1744 eam
1531 1716 1680 1746 nomina·

949 1756 1065 1784 tionem
1083 1764 1103 1783 a
1117 1758 1149 1783 te
1164 1756 1323 1794 petimus.

995 1798 1084 1834 Νοη,
1115 1799 1288 1829 omittitur
1317 1800 1350 1829 in
1381 1811 1444 1830 uon
1485 1802 1574 1832 modo
1603 1812 1679 1840 non,

949 1851 1025 1870 cum
1050 1842 1212 1880 sequitur,
1238 1852 1278 1872 ne
1304 1843 1450 1882 quidem.
1478 1845 1558 1884 Agr.
1575 1846 1609 1875 ii.
1626 1848 1681 1877 90.

949 1884 989 1914 ad
1006 1886 1098 1924 Quir.
1116 1889 1146 1916 4.
1171 1892 1206 1916 et
1222 1897 1298 1916 curn
1312 1888 1475 1926 sequitur,
1491 1889 1549 1918 sed
1565 1890 1681 1921 etiarn.

950 1928 1048 1957 Catil.
1067 1929 1086 1958 i.
1104 1932 1134 1958 3.
1166 1929 1222 1959 sed
1239 1930 1278 1959 de
1296 1930 1357 1960 hoc
1374 1932 1453 1961 satis
1478 1932 1605 1962 dictum
1630 1938 1683 1964 est

949 1972 983 2001 in
1008 1973 1087 2002 Lex.
1108 1972 1214 2003 Fabri.
1238 1974 1302 2003 vid.
1326 1978 1440 2004 tamen
1464 1976 1616 2006 Cortium
1640 1976 1683 2007 ad

950 2015 1034 2045 Plin.
1052 2016 1113 2056 Ep.
1131 2017 1197 2046 viii.
1216 2021 1246 2051 7.
1279 2018 1366 2047 Male
1389 2023 1501 2048 autem
1527 2019 1592 2049 huc
1615 2027 1684 2050 tra-

950 2059 1041 2088 hitur
1057 2060 1148 2089 locus
1180 2060 1297 2091 Milon.
1313 2064 1344 2091 4.
1363 2065 1400 2091 ut
1414 2063 1498 2093 vidit
1521 2061 1685 2096 OlivetuS.

950 2103 1023 2132 add.
1041 2104 1075 2132 iu
1093 2104 1201 2134 modo.

995 2147 1138 2184 .Vm·ma‚
1156 2148 1189 2177 in
1214 2148 1432 2179 Geometricis
1448 2151 1571 2180 dicitur
1586 2160 1685 2190 regu-

950 2189 982 2219 la
1012 2190 1226 2229 angulorum,
1251 2194 1381 2233 proprie
1413 2194 1547 2232 quidem
1579 2201 1686 2225 recto-

951 2244 1038 2270 rum,
1052 2235 1105 2273 qui
1125 2235 1201 2264 inde
1217 2239 1379 2266 normales
1395 2237 1566 2275 dicuntur,
1577 2238 1685 2277 Quin-

950 2277 1000 2307 til.
1020 2278 1061 2308 xi.
1079 2281 1109 2308 3.
1137 2278 1194 2308 sed
1211 2279 1330 2309 deinde
1348 2281 1450 2310 etiarn
1467 2281 1685 2321 reliquorum,

950 2328 1116 2360 quatenus
1134 2323 1300 2362 applicata
1316 2334 1444 2361 norma,
1461 2326 1551 2355 acuti
1569 2335 1611 2355 an
1627 2326 1685 2356 ob-

950 2366 1018 2394 tusi
1039 2366 1119 2402 sint,
1138 2366 1357 2405 intelligitur:
1390 2374 1425 2398 et
1448 2368 1526 2398 hinc
1550 2368 1686 2401 tolerari

952 2412 1061 2448 potest
1078 2409 1229 2439 definitio
1253 2410 1421 2441 Philandri
1438 2412 1479 2441 ad
1495 2412 1624 2444 vitruv.
1640 2414 1687 2445 ix.

952 2455 981 2483 52.
1023 2451 1103 2481 item
1128 2453 1162 2482 in
1186 2453 1296 2484 Lexic.
1322 2454 1427 2485 Fabri.
1452 2456 1508 2485 ubi
1532 2457 1686 2487 omnium

952 2495 1153 2534 angulorum
1178 2507 1335 2527 mensura
1357 2498 1489 2530 dicitur.
1521 2499 1561 2530 fr.
1585 2500 1689 2532 Aead.

952 2540 986 2569 ii.
1005 2550 1036 2578 p.
1053 2541 1104 2570 65.
1134 2541 1161 2569 si
1185 2541 1218 2570 id
1242 2541 1465 2578 crederemus,
1483 2552 1549 2572 non
1574 2553 1688 2582 egere-

953 2593 1026 2612 mus
1044 2583 1302 2622 perpendiculis,
1321 2595 1387 2615 non
1411 2588 1544 2624 normis,
1565 2587 1624 2627 (sic
1641 2587 1688 2617 le-

954 2626 1114 2664 gendum)
1135 2637 1199 2657 non
1219 2628 1352 2667 regulis.
1380 2629 1468 2661 conf.
1485 2629 1630 2661 Budaeus
1647 2631 1690 2663 ad

955 2670 1112 2699 Pandect.
1131 2681 1162 2710 p.
1180 2681 1223 2700 m.
1245 2675 1314 2706 174.

999 2714 1152 2750 Nascere,
1169 2725 1360 2753 agnoscere,
1376 2717 1527 2756 probare.
1554 2717 1627 2748 Att.
1644 2720 1692 2751 xi.

954 2761 985 2791 7.
1021 2757 1110 2795 quod
1136 2763 1170 2787 te
1199 2769 1355 2789 excusas:
1386 2770 1448 2799 ego
1475 2770 1552 2791 vero
1575 2772 1693 2793 causas

955 2806 1030 2831 tuas
1061 2811 1160 2831 nosco.
1199 2803 1240 2833 cf.
1268 2803 1373 2842 Legg.
1402 2805 1422 2834 i.
1451 2808 1482 2834 3.
1522 2804 1693 2844 *discen-e,

955 2844 1136 2884 percipere.
1175 2845 1214 2876 fr.
1246 2857 1298 2886 ep.
1325 2857 1357 2887 p.
1385 2850 1437 2879 20.
1475 2847 1695 2889 philosophiae

957 2888 1091 2927 quidem
1122 2895 1292 2931 praecepta
1318 2891 1487 2930 noscenda,
1515 2892 1694 2924 vivendum
