1920 3196
201 79 286 124 330

200 185 305 215 habet
321 184 354 214 in
372 183 535 215 animum.
561 183 701 214 ductum
715 193 733 213 e
751 194 784 214 re
801 186 937 223 rustica,

203 229 335 259 arbores
359 228 520 258 dicuntur
541 227 694 264 insidere,
712 238 788 258 cum
813 229 939 260 radices

204 277 325 311 agunt,
343 275 378 301 et
400 271 564 301 radicibus
582 270 755 302 adlioerent
770 276 882 310 terrae,
899 277 939 303 ut

205 317 311 346 fii-mm
330 316 526 345 consistant.

249 360 394 399 Insigne,
407 359 592 388 criterium.
615 358 716 388 Acad.
731 358 772 388 iv,
789 362 838 389 ll.
862 360 940 390 insi-

201 415 268 444 gne
291 404 368 432 veri.
401 402 457 432 Or.
476 403 510 432 ii.
529 406 562 435 9.
593 403 740 440 insignia
760 403 939 434 verborum

204 453 240 478 et
255 446 515 484 sententiarum,
528 449 608 476 sunt
622 445 752 476 lumina
767 447 939 485 orationis,

204 491 292 530 tropi
309 495 342 519 et
360 490 488 529 figurae.

249 535 404 572 lusis-nis,
420 533 463 563 ad
486 533 561 564 Div.
584 532 631 563 iii.
651 536 700 563 ll.
731 534 781 563 vir
802 534 941 573 insignis

205 579 247 610 ad
262 578 407 608 laudem.

252 622 420 660 [nsignite.
444 620 537 650 Orat.
555 620 589 650 ii.
607 622 659 650 85.
682 620 838 660 insignite
854 622 941 651 vitu-

207 676 334 707 perare.
357 665 539 705 QuintfAE.
564 665 719 702 insignite
734 664 916 704 improbus.

250 710 442 748 Ins-ignitus.
472 709 681 747 perspicuus,
713 707 832 738 clarus.
864 708 940 738 Div.

204 755 226 784 i.
244 757 296 784 30.
328 754 362 783 in
378 752 497 791 quibus
520 752 685 790 insignitae
708 758 797 782 notae
821 752 942 782 verita-

202 799 246 828 tis
264 803 437 837 apparent.

250 842 437 872 Insinuare.
470 838 555 869 Phil.
572 849 602 868 v.
618 842 649 869 3.
680 839 775 869 eccui
793 843 941 879 potestas

205 887 240 916 in
255 886 365 916 forum
383 883 572 914 insinuandi
595 882 678 912 fuit:
704 882 736 912 h.
753 892 783 913 e.
807 883 942 913 venien·

204 930 251 966 di,
280 939 357 958 cum
384 927 492 957 aditus
520 927 677 966 sepsisset
702 926 880 957 Antonius.
911 937 940 956 v.

205 973 339 1004 Manut.
364 971 405 1001 ad
428 972 460 1001 h.
487 970 509 1000 l.
535 970 575 1000 de.
599 970 720 999 omisso
745 971 941 1010 pronomine

204 1028 252 1055 se,
270 1022 303 1046 et
321 1016 426 1045 GraeV.
443 1015 485 1045 :id
500 1014 593 1045 Verr.
608 1014 654 1044 iii.
670 1014 723 1044 68.

248 1059 442 1091 insinuatio.
483 1068 558 1099 pars
589 1060 647 1087 aut
672 1067 779 1096 genus
803 1056 938 1088 exordii.

202 1104 354 1137 Herenn.
371 1104 392 1133 i.
408 1105 440 1133 4.
457 1103 487 1132 6.
512 1101 582 1131 Inv.
600 1102 620 1131 i.
642 1105 691 1135 17.

249 1149 415 1184 hisistere,
433 1145 614 1176 immorari.
640 1145 733 1175 Vei-r.
751 1145 797 1175 iii.
814 1147 867 1178 47.
891 1145 943 1175 in-

205 1193 315 1223 sistere
343 1190 484 1230 singulis
524 1192 739 1229 peccatorum
771 1188 941 1228 gradibus,

206 1246 265 1277 pro
289 1236 480 1264 consistere.
512 1233 582 1263 Fin.
607 1243 636 1263 v.
661 1234 713 1264 25.
746 1243 822 1262 cum
847 1231 942 1272 paul-

204 1280 276 1310 lum
289 1279 465 1309 e'nstit'issei.
489 1277 738 1307 *constitutum
752 1286 834 1306 esse.
851 1277 942 1306 Sext.

206 1325 259 1357 67.
291 1323 325 1353 in
349 1327 447 1352 tanta
471 1321 576 1360 gloria
599 1322 786 1351 insistendes.
819 1320 875 1350 Or.
893 1320 940 1350 iii.

205 1370 260 1398 41.
292 1367 438 1396 insistere
455 1365 539 1404 jugo
561 1365 711 1404 imperii:
738 1364 770 1394 h.
788 1374 816 1393 e.
842 1363 942 1393 habe—

207 1421 266 1441 nas
283 1410 413 1449 imperii
430 1415 564 1439 tenere:
590 1409 630 1438 ab
647 1408 770 1448 aurigis
790 1411 941 1438 sumtum

207 1459 268 1485 est.
295 1454 430 1493 *fungi
457 1454 513 1483 Or.
531 1453 577 1482 iii.
596 1455 648 1483 45.
680 1462 825 1491 quonam
844 1451 941 1481 inodo

203 1503 342 1529 tantum
359 1507 481 1527 munus
499 1498 693 1527 insistemus.
722 1496 807 1527 *On
826 1496 873 1525 iii.
888 1498 942 1529 49.

206 1543 314 1572 oratio
331 1542 451 1572 insistit
476 1542 633 1570 interius:
661 1550 716 1580 up.
735 1550 810 1570 cum
835 1539 942 1579 perio-

206 1587 264 1616 dos
281 1585 396 1626 plenas
412 1595 478 1614 non
496 1585 609 1622 hahet,
626 1594 735 1623 neque
759 1593 855 1614 aures
879 1583 943 1612 im-

206 1630 288 1670 plet.
315 1629 371 1659 Or.
391 1633 442 1660 51.
475 1629 553 1667 quid
570 1632 619 1658 est
636 1638 696 1658 cur
711 1627 866 1657 claudere
883 1633 943 1656 aut

205 1675 355 1704 insistere
378 1673 563 1703 orationem
589 1672 720 1709 malint,
740 1682 839 1711 quam
864 1681 941 1701 eum

206 1718 375 1748 senttntia
402 1717 528 1756 pariter
554 1726 740 1745 excurrere.
773 1715 844 1745 *de
870 1725 942 1745 sus-

208 1762 367 1801 pensione
398 1770 550 1790 assensus
587 1760 688 1790 Acad.
720 1761 761 1789 iv.
794 1759 941 1790 33.i11e

205 1806 240 1836 iu
280 1805 413 1843 reliquis
452 1805 549 1834 rebus
591 1814 657 1834 non
704 1804 830 1844 poterit
865 1804 941 1834 insi-

202 1853 296 1880 stere.

251 1894 383 1923 Insiffzas.
426 1893 522 1922 iusim
560 1892 721 1922 dicuntur
758 1889 941 1928 interdum,

207 1947 280 1976 quae
305 1937 398 1966 nobis
422 1937 557 1976 propria
580 1940 672 1971 sunt,
690 1945 763 1974 quae
788 1935 836 1964 ita
856 1935 943 1964 inse—

207 1981 329 2011 derunt
355 1981 511 2021 opinione
538 1984 597 2009 aut
622 1978 864 2008 consuetudine
891 1982 943 2008 te-

208 2025 350 2061 naciter,
367 2028 405 2054 ut
422 2025 539 2054 innata
551 2033 620 2053 esse
632 2023 820 2052 videantur.
839 2021 939 2052 Tusc.

207 2069 250 2098 iv.
282 2072 329 2098 11.
361 2069 474 2108 opinio
502 2068 635 2107 penitus
663 2068 772 2096 insita.
803 2067 868 2096 Off.
895 2065 941 2097 iii.

203 2115 257 2143 32.
284 2116 322 2141 ut
346 2117 431 2142 esset
449 2114 582 2142 insitum
602 2111 778 2147 militibus,
795 2110 941 2140 vincere.

203 2155 249 2185 cf.
270 2156 378 2185 Pison.
395 2160 426 2190 7.
456 2156 557 2185 *Fim
574 2155 616 2185 iv,
639 2156 688 2185 12.
717 2154 876 2184 differunt
891 2155 941 2184 in-

202 2201 268 2229 sita
285 2207 319 2229 et
335 2200 462 2230 innata.
487 2200 679 2229 =’‘internus.
706 2198 795 2228 Mur.
816 2200 864 2228 14.
892 2199 942 2228 in-

203 2245 265 2274 sita
282 2244 399 2273 virtus.
425 2244 446 2273 i.
464 2255 492 2273 e.
516 2244 663 2279 interna,
682 2246 720 2271 ut
736 2242 886 2280 justitia,
902 2242 942 2272 fi-

205 2287 275 2324 des,
289 2288 343 2317 cui
359 2288 541 2326 opponitur
558 2287 601 2316 ibi
617 2286 820 2325 eloquentia,
833 2286 940 2316 scien-

203 2331 253 2361 tia
270 2331 316 2360 rci
335 2331 490 2361 militaris·
508 2332 566 2360 Sec.

249 2376 425 2405 Insolenlia
455 2375 592 2411 dicitur,
620 2377 659 2404 ut
689 2372 847 2409 insolens,
871 2381 940 2402 non

202 2418 311 2448 solum
337 2420 465 2448 ratione
490 2428 615 2455 rerum,
639 2418 890 2454 inusitatarum,
906 2420 941 2446 et

203 2463 429 2500 insolitarum,
446 2467 484 2493 ut
500 2463 612 2493 Deiot.
629 2464 660 2493 2⁷.
690 2461 746 2491 sed
770 2461 873 2490 ctiam
890 2469 940 2490 ra-

202 2507 296 2536 tione
313 2506 503 2543 hominum,
521 2507 577 2546 qui
601 2505 724 2536 insueti
741 2508 821 2535 sunt
837 2503 940 2534 alicu·

197 2551 255 2589 jus
283 2550 340 2580 rei.
373 2551 469 2581 Rose.
495 2550 535 2580 A.
562 2553 615 2581 31.
647 2552 782 2590 propter
805 2549 940 2578 insolen-

204 2595 287 2624 tiam
302 2593 363 2623 sori
374 2594 659 2633 judiciorumque.
691 2593 755 2623 Pis.
777 2595 824 2622 ll.
858 2593 940 2621 inso-

204 2639 304 2668 lentia
321 2648 432 2668 rerum
449 2637 685 2667 secundarum.

249 2682 416 2720 Inspeciio.
448 2681 532 2712 Phil.
552 2681 585 2712 ii.
599 2683 651 2711 23⁶2.
679 2690 738 2721 pro
754 2678 938 2719 spectione.

202 2725 267 2755 Sed
285 2725 434 2755 Graex‘ius
449 2729 525 2766 post
542 2724 730 2754 Ferrarium
747 2727 781 2753 et
795 2722 876 2752 alios
889 2732 940 2752 re-

202 2769 293 2808 cepit
315 2770 454 2809 spectio,
471 2769 560 2809 quod
583 2778 699 2798 verum
722 2771 784 2797 est.
833 2765 940 2806 Inspi-

200 2822 277 2842 cere
301 2816 333 2841 et
361 2814 510 2853 inspectio
540 2811 758 2852 haruspicum
782 2814 847 2848 est,
871 2819 938 2839 non

201 2865 381 2895 augurum.

252 2901 421 2941 Inspicere,
433 2899 557 2940 aliquid
575 2899 721 2940 exige-re,
734 2897 937 2931 aminare.

732 96 877 126 INDEX
907 98 1204 128 LATmerrls.

983 187 1107 217 Coeciu.
1134 189 1186 218 21.
1225 188 1397 227 tamquam
1424 188 1450 218 si
1478 196 1571 219 arma
1599 182 1716 218 militis

979 231 1180 269 inspicienda
1207 231 1288 267 sint,
1314 231 1362 262 ita
1390 232 1507 272 probet
1535 235 1715 262 armatum.

980 273 1022 303 ad
1046 274 1122 304 Div.
1147 274 1190 303 ix.
1209 277 1239 308 7.
1271 276 1427 314 inspicere
1450 276 1611 315 proediuru
1635 275 1716 305 dici-

978 322 1036 347 tur
1051 317 1090 347 de
1105 318 1247 348 einturis
1262 319 1424 358 praedium
1440 319 1585 359 aliquod.

1024 361 1189 391 [nstantia
1206 361 1309 392 subst.
1334 363 1404 393 Fat.
1423 364 1471 393 12.

1026 405 1139 434 Instar
1169 414 1302 445 semper
1333 405 1479 446 aliquam
1512 404 1717 445 magnitudi-

981 457 1058 478 netn
1087 447 1215 478 indicat
1240 449 1328 489 apud
1354 451 1498 490 optimos
1525 451 1716 490 scriptores,

980 499 1016 522 et
1032 491 1239 522 Ciceronem.
1269 493 1362 524 Verr.
1379 504 1409 524 v.
1426 496 1478 525 34.
1510 493 1601 523 navis
1626 492 1717 522 urbis

982 536 1099 565 instar.
1129 535 1170 565 ad
1194 536 1270 566 Div.
1287 537 1329 568 ix.
1349 538 1380 568 6.
1411 538 1518 567 instar
1541 537 1628 566 vitae.
1658 535 1718 565 Of-

983 579 1035 609 fic.
1052 580 1097 609 iii.
1124 582 1154 609 3.
1184 585 1223 609 ut
1246 581 1298 610 vix
1322 581 1452 611 minimi
1478 580 1638 610 momenti
1664 580 1714 608 in-

983 627 1054 653 star
1069 622 1226 653 habeant.
1250 623 1332 654 Rab.
1348 624 1441 655 Perd.
1460 628 1490 655 ὃ.
1514 625 1636 653 mortis
1647 625 1720 652 erat

981 667 1098 697 instar.
1136 676 1166 696 v.
1196 666 1292 707 plura
1322 678 1374 709 ap.
1399 669 1514 698 Burin.
1546 667 1587 697 ad
1618 667 1713 698 Ovid.

984 711 1065 741 Her.
1087 711 1149 740 xvi.
1167 718 1253 741 extr.

1030 754 1170 791 Instare,
1188 754 1337 794 coepisse‚
1355 755 1514 794 incipere,
1528 754 1714 794 praesertim

983 797 1018 827 in
1036 798 1193 838 perfecto.
1221 798 1262 828 ad
1279 799 1354 828 Div.
1371 809 1402 828 x.
1427 799 1474 829 16.
1501 799 1650 838 flagitare
1667 808 1719 827 se-

984 844 1082 871 natus
1105 843 1222 872 inscidi&
1246 842 1446 872 Cornutum.
1480 843 1535 872 ubi
1558 852 1589 872 v.
1609 841 1718 871 GraeV.

986 885 1042 915 Or.
1067 885 1114 915 iii.
1142 889 1169 916 1.
1201 886 1393 925 pignoribus
1418 885 1535 916 ablatis
1561 885 1718 916 Crassum

984 930 1099 959 institit
1129 930 1168 969 (s.
1195 928 1356 967 instituit)
1384 933 1545 960 coercere.
1568 939 1599 959 v.
1623 929 1722 970 plura

985 983 1038 1013 ap.
1057 973 1230 1003 Drakenb.
1248 973 1289 1003 ad
1314 973 1383 1003 Liv.
1398 984 1474 1004 xxx.
1495 975 1543 1004 12.

1033 1017 1284 1047 [astam-azizos.
1316 1017 1390 1050 Div.
1415 1018 1437 1047 i.
1466 1018 1518 1048 526.
1549 1017 1719 1047 instaura-

984 1061 1041 1090 tivi
1065 1060 1148 1097 ludi,
1174 1061 1230 1100 qui
1257 1060 1296 1090 de
1322 1070 1404 1091 novo
1428 1060 1606 1098 habentur,
1631 1059 1719 1098 quod

984 1105 1084 1144 primi
1111 1105 1223 1143 aliqua
1250 1114 1284 1134 re
1310 1104 1471 1135 funestati
1496 1109 1597 1142 sunt3
1629 1103 1719 1134 unde

987 1149 1090 1178 etiam
1107 1150 1297 1179 instaurare
1313 1147 1419 1180 ludos.
1451 1149 1527 1180 Div.
1542 1148 1563 1178 i.
1579 1148 1632 1179 26.

1032 1193 1262 1222 Instimulaeor
1277 1192 1493 1223 seditionum.
1517 1192 1616 1222 Dom.
1636 1194 1665 1221 5.

1029 1236 1216 1266 Insfituere.
1247 1236 1336 1266 Mur.
1362 1241 1392 1270 9.
1424 1238 1593 1266 instituere
1618 1235 1720 1265 aetio-

985 1289 1075 1317 nem,
1094 1280 1180 1310 idem
1200 1284 1250 1309 est
1267 1279 1354 1318 quod
1375 1279 1568 1317 informare,
1588 1279 1627 1309 de
1652 1288 1718 1318 quo

984 1333 1094 1364 supra.
1119 1323 1162 1353 cf.
1181 1323 1265 1353 Phil.
1281 1324 1324 1354 ix.
1343 1327 1373 1354 5.
1404 1323 1422 1342 ²*
1436 1325 1652 1359 constituere,
1668 1323 1720 1352 in-

985 1367 1118 1397 ducere.
1145 1367 1222 1397 ibid.
1242 1369 1294 1397 98.
1319 1368 1473 1397 miseram
1491 1367 1718 1397 conditionem

984 1413 1129 1442 institue!
1146 1410 1301 1450 periculis
1320 1410 1507 1443 hominum.

1028 1455 1203 1485 Institutio.
1231 1454 1369 1485 Tuscul.
1388 1455 1409 1484 i.
1434 1456 1486 1485 ⁶25.
1520 1453 1720 1494 progressio-

984 1509 1042 1529 nes
1071 1500 1345 1538 institutionesque
1373 1498 1559 1528 stellarum.
1620 1497 1718 1527 Hanc

985 1553 1097 1572 vocem
1116 1542 1247 1572 nullum
1265 1542 1421 1572 idoneum
1443 1552 1577 1572 sensum
1596 1541 1718 1571 habere

983 1586 1138 1616 viderunt
1171 1587 1231 1616 viri
1269 1586 1371 1616 docti.
1415 1586 1561 1626 Quidam
1599 1584 1720 1624 legunt

984 1632 1175 1668 institiones,
1200 1630 1288 1669 quod
1313 1634 1485 1669 receptum
1515 1636 1565 1660 est
1592 1629 1625 1658 in
1650 1628 1719 1658 Da-

985 1675 1144 1704 visianam
1163 1674 1357 1704 secundam.
1402 1674 1439 1703 Id
1457 1673 1557 1704 habet
1572 1682 1721 1702 commo—

985 1718 1060 1748 dam
1077 1718 1402 1758 interpretationem.
1451 1718 1535 1748 Nam
1561 1716 1719 1757 planetae,

985 1762 1024 1792 (le
1041 1762 1160 1801 quibus
1176 1772 1297 1798 sermo,
1316 1761 1485 1791 interdum
1504 1761 1670 1798 insistere,
1682 1759 1718 1790 h.

984 1816 1012 1836 e.
1031 1811 1131 1843 stare,
1149 1805 1322 1835 videntur:
1353 1805 1441 1835 unde
1464 1805 1626 1834 stationes
1651 1803 1721 1844 pla-

985 1854 1140 1879 netarum
1158 1850 1330 1886 dicuntur,
1349 1853 1383 1878 et
1406 1849 1466 1889 ipsi
1491 1848 1633 1888 planetae
1654 1851 1721 1877 sta-

984 1893 1139 1930 tionales,
1156 1904 1209 1933 ap.
1231 1893 1315 1923 Plin.
1340 1893 1373 1923 ii.
1401 1896 1449 1923 15.
1479 1893 1527 1921 16.
1553 1891 1719 1922 Buherius

984 1941 1096 1967 autem
1127 1937 1307 1976 legendum
1336 1941 1451 1967 censet
1478 1936 1717 1973 insecutiones,

984 1988 1019 2011 et
1035 1991 1094 2021 pro
1110 1981 1368 2021 progressiones,
1385 1980 1654 2020 praegressiones,
1668 1980 1719 2008 ni-

984 2035 1043 2055 xus
1069 2025 1140 2054 loco
1164 2025 1244 2055 Nat.
1267 2025 1309 2055 D.
1336 2025 1370 2054 ii.
1394 2027 1446 2055 ⁶20.
1484 2027 1557 2053 tum
1586 2027 1719 2053 antece-

984 2068 1083 2105 dunt,
1103 2073 1172 2098 tum
1198 2068 1459 2107 subsequuntur.
1505 2067 1569 2097 Sed
1586 2067 1629 2097 ibi
1647 2066 1720 2096 haec

983 2113 1082 2142 verba
1106 2112 1298 2142 referuntur
1321 2111 1362 2141 ad
1385 2111 1503 2147 solem,
1525 2121 1623 2150 quem
1649 2109 1720 2150 pla-

984 2163 1071 2186 netae
1096 2156 1194 2186 modo
1218 2155 1435 2192 antecedunt,
1452 2155 1550 2185 modo
1573 2163 1719 2193 sequun-

982 2203 1057 2229 tur:
1083 2199 1136 2229 hic
1154 2203 1266 2229 autem
1288 2199 1328 2229 (le
1344 2209 1459 2229 eorum
1477 2208 1576 2229 cursu
1593 2197 1720 2237 simpli-

984 2244 1068 2273 citer
1083 2247 1117 2273 et
1133 2253 1193 2283 pei·
1208 2253 1241 2273 se
1257 2243 1406 2282 loquitur
1423 2243 1549 2272 Cicero.
1587 2241 1717 2272 Ibidem

982 2293 1095 2318 autem
1115 2287 1166 2317 hae
1183 2287 1289 2317 stellae
1306 2287 1467 2317 dicuntur
1482 2286 1648 2316 interdum
1677 2285 1719 2315 ad

983 2330 1148 2370 quoddam
1172 2340 1308 2370 tempus
1333 2331 1496 2361 insistere.
1525 2329 1599 2360 *N.
1622 2330 1666 2360 D.
1684 2329 1719 2359 ii.

986 2378 1035 2405 13.
1060 2376 1092 2404 in
1109 2375 1201 2404 omui
1218 2376 1417 2405 institutione
1432 2383 1562 2404 rerum:
1588 2373 1621 2403 h.
1636 2382 1664 2402 c.
1682 2373 1717 2403 in

983 2419 1136 2448 omnibus
1165 2418 1275 2455 rebus,
1301 2427 1381 2457 quas
1409 2423 1532 2448 natura
1557 2417 1734 2453 instituit,

982 2462 1074 2493 fecit.
1101 2462 1201 2492 *Ate
1219 2463 1240 2492 i.
1260 2466 1309 2496 Π.
1341 2471 1533 2491 conservare
1553 2461 1717 2491 rationem

982 2507 1281 2546 institutionemque
1310 2509 1471 2535 nostram.
1503 2505 1523 2535 i.
1553 2514 1582 2534 e.
1612 2505 1722 2535 consi-

983 2549 1065 2579 lium
1093 2549 1231 2588 agendae
1255 2549 1301 2579 rei
1325 2549 1366 2579 ab
1389 2549 1487 2579 initio
1511 2551 1718 2589 susceptum.

984 2592 1042 2622 der
1060 2599 1146 2622 erste
1164 2592 1258 2623 Plan.

1028 2637 1214 2667 Instructor
1230 2637 1383 2666 convivii.
1408 2637 1486 2666 Son.
1500 2646 1532 2676 p.
1549 2636 1589 2666 R.
1607 2636 1638 2666 6.

1028 2680 1224 2710 Iusti-uetus.
1253 2680 1311 2710 Or.
1345 2683 1374 2711 5.
1407 2681 1571 2710 inser-ricta
1601 2679 1721 2717 oratio,

984 2728 1034 2753 est
1052 2729 1128 2764 apte
1146 2725 1345 2764 composita,
1363 2726 1503 2760 structa,
1521 2732 1712 2753 numerosa.

1033 2767 1227 2804 [astrui-tus,
1246 2768 1296 2797 us.
1327 2769 1384 2797 Or.
1401 2767 1449 2798 iii.
1466 2768 1496 2798 6.
1527 2767 1643 2797 eodem
1669 2765 1725 2796 inf-¹

982 2815 1112 2841 structu
1129 2815 1163 2841 et
1178 2816 1300 2842 ornatu
1317 2812 1478 2841 comitata
1492 2811 1609 2841 oratio.

1032 2855 1207 2885 Instruere.
1234 2855 1298 2885 Off.
1316 2855 1350 2886 ii.
1367 2858 1398 2889 7.
1426 2855 1475 2884 ita
1487 2864 1521 2885 se
1540 2855 1722 2890 instruunt,

982 2901 1023 2929 ut
1051 2902 1266 2930 metuantur:
1308 2899 1329 2930 i.
1359 2908 1388 2930 e.
1418 2898 1481 2929 hoc
1512 2902 1630 2939 agunt.
1660 2907 1722 2939 pn·
