1985 3206
267 102 346 149 178

311 203 443 234 Acer-be.
472 202 566 231 Verr.
590 201 624 231 ii.
647 204 695 235 19.
719 202 831 231 acerbe
853 201 995 243 diripere

268 247 366 276 bona.
402 247 435 276 11.
465 257 493 275 c.
524 246 572 275 ita
593 248 633 274 ut
659 244 743 274 nihil
773 245 994 284 relinquatur.

268 290 370 320 Tusc.
390 291 409 319 i.
428 293 480 323 35).
505 290 545 318 311
569 288 630 317 hoc
654 289 797 318 acerbius
813 290 924 329 exc-git
940 300 997 319 113-

270 339 361 369 tura,
390 332 478 372 quod
503 332 649 361 dcdcrat.
682 331 766 362 Phil.
788 333 809 362 i.
833 335 862 362 5.
886 335 997 364 acerbe

271 377 414 415 cogebar
439 377 472 405 111
500 381 675 404 senatum:
713 376 732 404 i.
758 386 787 404 6.
816 376 860 413 vi,
886 377 997 406 minis.

269 421 342 450 Att.
360 420 403 449 xi.
423 423 450 449 1.
473 420 671 449 acerbissime
687 419 829 449 afflictor
845 419 884 448 de
901 420 997 450 rebus

270 463 474 495 domesticis.

313 506 490 536 Acerbitas.
523 505 563 535 ad
586 505 627 545 Ω.
645 505 696 535 Fr.
715 505 735 534 i.
755 508 783 534 1.
805 508 853 536 13.
876 507 998 536 acerbi-

271 554 324 581 tas
348 555 489 587 natura·,
509 549 549 578 de
577 548 758 578 iracundia.
787 548 924 579 *nimia
947 560 997 579 56-

271 593 405 623 veritas.
437 592 477 621 de
502 594 580 623 Scn.
607 595 655 622 18.
680 592 898 622 Severitatem
924 603 998 632 1110-

269 637 566 667 bo—acerbitatem
590 635 682 665 nulio
704 635 814 666 modo.
843 636 996 666 *odiunt

272 681 336 710 Off.
368 681 388 709 i.
421 682 473 711 25.
512 679 672 709 dissensio
703 679 774 708 sine
812 681 995 710 acerbitate.

272 723 367 753 Verr.
393 724 434 753 iv.
451 727 502 754 30.
528 732 650 752 nomen
673 722 749 751 odio
772 727 806 752 et
829 723 1000 753 acerbitati

275 771 338 797 est.
369 766 547 803 *miserim
574 766 757 796 calamitas.
792 766 834 795 ad
859 767 934 797 Div.
965 767 998 797 ii.

276 811 327 841 16.
352 811 510 840 acerbitas
540 810 610 839 haee
644 809 798 839 omnibus
827 810 999 849 impende-

273 864 309 885 re
341 854 483 884 videtur.
529 853 608 883 ibid.
639 853 845 883 acerbitatem
877 862 897 882 a
929 864 998 894 rep.

274 898 411 938 privatis
435 897 654 927 incommodis
682 896 855 926 redimere.
887 897 1000 928 Plane.

273 944 328 972 4⁶2.
353 942 541 971 acerbitates
556 950 651 976 metr,
668 939 708 969 de
725 939 834 970 exilio.
856 940 1000 971 *crude-

274 984 362 1015 litas.
398 984 490 1014 Verr.
518 985 538 1013 i.
567 987 619 1016 ⁶27.
653 984 687 1012 in
717 988 815 1012 tanta
841 985 872 1013 11
900 990 1000 1024 atque

274 1029 450 1058 acerbitate
465 1028 596 1057 versari.
626 1026 724 1056 Areh.
746 1029 794 1056 1⁶2.
822 1026 860 1056 de
878 1028 1003 1067 judici-

274 1071 349 1108 bus,
366 1072 421 1110 qui
441 1072 655 1100 innocentem
673 1075 707 1100 et
723 1070 900 1109 indignum
925 1082 1004 1101 con-

274 1115 449 1145 demnant.
480 1114 563 1144 P'nil.
579 1114 634 1143 xii.
657 1117 703 1143 11.
728 1115 821 1153 cujus
845 1116 1004 1146 acerbitas

275 1168 408 1189 morum
423 1159 681 1196 immanitasque
697 1162 839 1188 naturae.

317 1202 470 1232 Acerbus.
502 1201 674 1240 eleganter
691 1201 729 1230 de
754 1211 805 1238 eo,
822 1202 878 1241 qui
894 1202 928 1231 in
947 1212 1001 1232 ex—

276 1245 397 1284 igendo
413 1245 538 1282 labore,
555 1254 668 1282 usura,
682 1245 846 1282 mercede,
862 1252 921 1275 aut
937 1246 1003 1276 alia

274 1299 475 1328 quacunque
500 1299 533 1318 rc
564 1289 662 1317 nimis
689 1288 790 1318 durus
821 1293 885 1326 est,
917 1289 1000 1319 nihil

275 1341 384 1371 neque
402 1333 441 1362 de
457 1336 622 1372 tempore,
640 1341 745 1370 neque
770 1332 809 1361 de
834 1342 867 1362 re
886 1334 1000 1363 remit-

274 1377 330 1406 tit.
362 1376 433 1406 Att.
450 1377 492 1405 vi.
514 1379 539 1405 l.
562 1376 755 1405 acerbissimi
774 1376 1001 1406 foencratores.

275 1419 370 1450 Ball).
399 1423 429 1450 5.
463 1420 670 1449 acerbissima
692 1419 876 1458 diligentia.
907 1431 938 1450 v.
965 1421 999 1450 in

275 1464 396 1494 acerbe.
430 1463 613 1493 *crudelis
647 1463 741 1493 Verr.
768 1473 798 1492 v.
826 1467 877 1494 58.
912 1474 1001 1494 mors

273 1507 402 1537 acerba.
449 1507 584 1537 Cluent.
625 1509 673 1537 15.
715 1508 832 1536 acerba
870 1514 1003 1539 natura.

276 1550 371 1580 Prot:
394 1550 492 1580 Cons.
520 1553 569 1580 14.
595 1560 645 1580 res
673 1551 794 1580 acerboe
817 1550 839 1580 i.
863 1561 892 1581 e.
917 1561 1000 1582 11011-

274 1593 355 1624 dum
374 1593 471 1634 plane
488 1595 682 1634 compositae
698 1599 732 1623 et
747 1599 885 1633 pacatae.

318 1638 454 1667 Acerra.
478 1638 559 1677 Leg.
576 1638 609 1668 ii.
628 1639 681 1668 ⁶24.
697 1643 748 1667 est
763 1638 987 1669 thuribulum.

316 1681 491 1711 Acerratis.
523 1681 599 1712 Div.
626 1681 659 1711 ii.
683 1684 714 1711 4.
742 1681 873 1711 Soriten
897 1683 1001 1713 inter-

274 1729 429 1765 pretatur
444 1727 638 1755 acervalem.

317 1769 516 1798 Acerz'atim.
540 1770 597 1798 Or.
616 1770 669 1799 25.
692 1770 870 1799 acervatim
893 1769 1002 1800 multa

273 1810 501 1850 frequentare,
517 1822 562 1842 sc.
588 1812 622 1841 in
639 1812 753 1842 eadem
772 1812 1000 1852 complexione

273 1856 462 1886 verborum.
486 1860 537 1886 est
552 1856 682 1895 generis
698 1855 829 1885 dicendi
846 1857 949 1897 ampli
966 1862 1001 1887 et

273 1899 457 1937 magnifici.

316 1943 501 1982 Acipenser.
525 1942 596 1972 Fin.
612 1943 646 1972 ii.
668 1946 698 1973 8.
722 1943 781 1972 &c.
807 1953 912 1982 genus
934 1944 1001 1984 pis-

273 1985 334 2023 cis,
352 1986 441 2025 quod
455 1988 489 2016 in
506 1986 630 2015 deliciis
648 1986 743 2016 Rom.
760 1992 845 2024 erat,
862 1997 1000 2026 magno-

274 2039 338 2067 que
368 2031 476 2069 pretio
506 2030 722 2059 vendebatur.
760 2030 800 2060 de
827 2041 865 2060 eo
891 2031 1001 2062 multa

274 2072 357 2103 Intt.
376 2073 494 2103 Horat.
511 2073 546 2102 ii.
563 2075 659 2106 2217.
684 2073 822 2105 Salmas.
838 2074 880 2104 ad
896 2074 999 2106 Solin.

274 2126 308 2156 p.
325 2119 400 2150 940.
425 2117 498 2147 add.
515 2117 599 2146 I'lin.
615 2117 659 2146 ix.
676 2121 725 2151 17.

317 2160 498 2199 Acqniesco.
524 2160 665 2199 gaudeo,
683 2161 840 2191 delector.
858 2161 930 2192 Mil.
949 2165 1002 2196 37.

275 2204 331 2241 (1111
359 2209 467 2234 morte
493 2204 563 2243 ejus
587 2205 803 2243 acquiescunt.
839 2205 922 2235 Lael.
949 2208 1002 2240 27.

274 2248 377 2276 Senes
409 2247 661 2277 adolescentum
692 2249 831 2279 caritate
860 2251 1003 2289 aequies-

274 2295 363 2320 cant.

318 2333 504 2372 Aequircre.
531 2333 629 2363 Catil.
653 2334 688 2365 ii.
709 2338 739 2365 8.
763 2334 803 2365 de
826 2336 1004 2375 possessio-

275 2385 318 2406 ne
334 2376 521 2414 detrahere,
537 2379 708 2417 acquirere
723 2378 764 2408 ad
781 2379 894 2409 fidem.

320 2421 589 2459 Acratosthorum.
614 2421 685 2452 Fin.
703 2422 750 2452 iii.
765 2424 797 2452 4.
821 2432 927 2461 genus
950 2433 1004 2454 va-

275 2463 319 2493 sis
351 2464 482 2500 vinarii,
522 2465 616 2502 cujus
655 2466 783 2495 mentio
814 2467 917 2496 etiam
949 2477 1001 2508 ap.

275 2506 370 2537 Varr.
388 2507 427 2536 R.
444 2507 484 2536 R.
502 2508 522 2537 i.
541 2511 592 2538 85.
616 2518 645 2538 v.
663 2509 780 2539 Pollux
794 2509 837 2539 vi.
856 2510 886 2539 6.

319 2551 496 2580 Aerednla.
522 2551 633 2581 Dixin.
655 2552 675 2582 i.
698 2556 728 2583 8.
755 2557 806 2582 est
832 2552 938 2589 ulula,
962 2558 1002 2584 ut

275 2594 424 2623 ostendit
450 2593 588 2624 Salmas.
616 2595 658 2625 ad
680 2595 783 2626 Solin.
806 2606 838 2635 p.
861 2607 906 2626 111.
927 2600 1002 2631 972.

274 2636 314 2667 Β.
332 2637 387 2667 3111
404 2647 520 2667 ranam
538 2643 671 2677 putant.

319 2681 503 2711 Acriculas.
527 2681 627 2712 Tusc.
643 2683 688 2712 iii.
709 2685 758 2716 17.
775 2684 939 2714 acriculus
953 2693 1004 2714 se-

276 2731 341 2753 nex
358 2724 463 2761 Zeno,
480 2726 536 2763 qui
552 2725 649 2755 facile
667 2727 881 2756 irascebatur.

318 2768 517 2798 Acrimonia.
550 2768 624 2798 Act.
641 2769 661 2798 i.
682 2773 730 2802 17.
749 2770 783 2799 in
800 2770 892 2801 Verr.
917 2772 1002 2801 aeri-

273 2812 384 2841 mom'a
400 2812 501 2851 patris
519 2812 560 2841 ad
576 2812 809 2843 resistendum.

316 2855 457 2885 Acriter.
487 2855 558 2886 Att.
583 2867 615 2885 x.
636 2856 686 2886 16.
709 2858 869 2887 acerrime
891 2857 1003 2889 adser-

270 2905 348 2930 vare
364 2898 552 2932 consilium.
576 2899 830 2940 diligentissime
845 2905 972 2942 tegere.

781 111 928 142 INDEX
958 115 1093 142 LATIN
1100 115 1255 144 [TATIS.

1083 205 1292 235 Aen-oamata.
1318 205 1405 235 Sunt
1428 203 1593 244 homines,
1609 205 1665 246 qui
1689 215 1768 237 ean-

1039 252 1092 284 tu,
1111 249 1206 278 dictis
1229 248 1419 278 exhilarant
1442 250 1594 280 convivas
1617 251 1677 280 &c.
1722 249 1768 280 lia

1042 291 1214 321 corollaria
1242 291 1321 321 data
1349 292 1385 321 111
1416 293 1571 322 conviviis
1604 296 1698 332 patet
1726 303 1768 323 ex

1041 335 1134 364 Verr.
1159 335 1201 364 iv.
1224 336 1276 365 22.
1303 336 1430 365 mentio
1457 345 1573 366 eorum
1598 337 1687 366 Sext.
1714 338 1768 367 54.

1039 378 1094 407 ubi
1118 388 1147 407 v,
1174 377 1307 408 Manut.
1333 377 1432 408 Arch.
1455 383 1486 412 9.
1510 379 1552 409 cf.
1570 379 1661 410 Suet.
1678 379 1766 419 Aug.

1040 423 1092 455 74.
1118 421 1172 451 ubi
1189 431 1217 450 ν.
1234 422 1419 452 Excursum
1437 429 1600 453 nostrum.

1084 464 1243 494 Aer-nasis.
1277 465 1347 494 Att.
1372 475 1423 496 κν.
1451 469 1499 499 17.
1521 465 1629 496 literae
1654 466 1700 495 sic
1724 465 1770 496 εὖ·

1041 506 1124 540 πινᾶς
1141 510 1286 548 scriptae,
1302 512 1342 538 ut
1363 518 1418 538 eas
1434 509 1484 538 vel
1509 509 1543 538 in
1566 510 1691 539 acroasi
1708 519 1768 540 au-

1042 550 1139 580 deam
1163 551 1284 590 legere.
1309 551 1342 581 h.
1365 562 1394 581 e.
1418 553 1453 581 in
1477 557 1566 582 coetu
1588 553 1767 583 hominum

1042 593 1230 631 doctorum,
1260 595 1316 625 ubi
1350 595 1432 625 nihil
1463 595 1528 625 dici
1559 596 1671 633 debet,
1705 596 1768 625 nisi

1042 637 1130 676 quod
1146 638 1279 676 elegans
1296 643 1330 668 et
1345 638 1550 669 elaboratum
1567 640 1621 669 sit.

1084 681 1173 710 Aetoe
1200 687 1507 712 commemorantur
1528 683 1617 712 inter
1643 683 1768 712 instru-

1042 729 1159 754 menta
1173 725 1365 764 voluptatis,
1381 730 1516 766 propter
1535 736 1650 756 carum
1666 736 1768 756 311106-

1042 767 1196 798 nitatem.
1223 768 1302 799 Coel.
1330 773 1379 800 15.
1402 769 1473 799 Att.
1498 770 1560 799 xiv.
1578 773 1607 799 8.
1631 770 1665 799 in
1688 771 1769 800 actis

1043 820 1112 840 esse
1143 812 1163 841 i.
1190 821 1218 841 6.
1245 813 1279 842 111
1313 812 1443 852 przediis
1470 813 1660 849 maritimis,
1684 823 1710 843 5.
1731 814 1766 843 111

1041 855 1216 884 territoriis
1244 856 1278 884 in
1305 856 1401 885 litore
1425 866 1555 886 amoeno
1577 857 1706 896 positis,
1727 861 1767 887 ut

1043 897 1153 928 Verris
1169 899 1202 927 in
1220 898 1317 928 litore
1334 899 1463 929 Siciliae.

1086 942 1187 972 Actio.
1223 943 1481 981 magistratuum
1506 942 1651 972 actiones
1674 946 1768 981 sunt,

1045 990 1103 1014 aut
1120 985 1221 1024 leges,
1237 986 1278 1015 ad
1302 986 1462 1026 populum
1483 985 1574 1023 latae,
1590 990 1649 1015 aut
1665 986 1767 1024 SCta,

1045 1038 1118 1067 quae
1141 1030 1179 1058 iis
1203 1029 1422 1059 referentibus
1438 1029 1479 1058 ad
1501 1035 1655 1059 senatum
1678 1029 1768 1060 facta

1045 1076 1142 1101 sunt:
1172 1072 1244 1102 Hoc
1271 1083 1370 1103 sensu
1396 1077 1704 1103 commemorantur
1733 1083 1769 1103 a·

1045 1116 1171 1146 ctiones
1186 1117 1384 1154 tribunitiae,
1400 1116 1589 1146 consulares
1613 1116 1673 1146 816.
1689 1126 1720 1145 ν.
1737 1127 1767 1146 c.

1045 1159 1086 1188 ad
1109 1160 1184 1189 Div.
1208 1161 1228 1190 i.
1251 1165 1281 1194 9.
1304 1161 1404 1190 Dom.
1421 1164 1452 1194 9.
1473 1163 1522 1190 13.
1567 1161 1767 1190 Senatorum

1043 1207 1157 1232 autem
1184 1205 1331 1233 actiones
1355 1208 1435 1233 sunt
1456 1203 1634 1233 sententiae
1657 1204 1692 1233 in
1718 1213 1768 1232 se-

1045 1251 1128 1275 natu
1154 1247 1265 1283 ‹lic-tte,
1281 1248 1315 1277 in
1343 1257 1422 1286 (11135
1449 1248 1537 1277 scta
1562 1247 1652 1276 facta
1673 1253 1767 1285 sunt,

1043 1294 1102 1319 aut
1125 1291 1243 1329 quibus
1268 1292 1466 1331 impugnare
1493 1290 1616 1329 aliquid
1638 1290 1691 1319 vel
1704 1290 1768 1320 im-

1044 1333 1156 1372 pedire
1172 1340 1354 1364 conantur:
1380 1334 1468 1364 unde
1484 1334 1586 1364 etiam
1600 1334 1766 1363 orationes

1043 1377 1090 1406 sic
1122 1377 1292 1415 dicuntur,
1323 1378 1440 1417 quibus
1470 1377 1593 1417 populo
1630 1376 1683 1406 lex
1713 1377 1767 1408 vel

1042 1420 1203 1451 suadetur
1224 1421 1273 1451 vel
1297 1421 1517 1452 dissuadetur.
1561 1419 1651 1450 Talis
1667 1424 1718 1450 est
1733 1430 1768 1450 3-

1045 1465 1112 1493 ctio
1129 1465 1296 1495 Ciceronis
1314 1465 1355 1495 ad
1370 1465 1446 1495 Div.
1462 1475 1494 1495 Χ.
1512 1466 1565 1495 28.
1602 1464 1620 1482 ²*
1636 1464 1674 1493 In
1692 1473 1768 1493 5611-

1045 1517 1084 1537 su
1107 1508 1228 1539 forensi
1254 1509 1341 1538 actio
1364 1513 1415 1538 est
1444 1508 1473 1546 1)
1501 1508 1700 1538 accusatoris
1716 1506 1767 1538 vel

1044 1553 1209 1591 petitoris,
1225 1553 1280 1591 qui
1308 1563 1347 1582 ex
1373 1552 1446 1591 lege
1470 1553 1504 1581 in
1525 1551 1669 1590 aliquem
1685 1552 1767 1590 agit,

1045 1596 1245 1633 accusando,
1269 1596 1424 1635 petendo.
1461 1595 1559 1626 Rosc.
1591 1595 1686 1625 Com.
1717 1598 1766 1625 12.

1043 1639 1210 1678 integram
1240 1641 1397 1669 actionem
1433 1639 1530 1669 alicui
1568 1638 1767 1677 relinquere.

1047 1683 1131 1712 Caec.
1160 1686 1209 1713 ll.
1232 1693 1356 1722 quaero,
1378 1683 1464 1712 sitne
1490 1682 1589 1721 hujus
1612 1683 1659 1711 rei
1684 1683 1767 1712 actio

1044 1726 1217 1756 nonnulla.
1262 1727 1351 1757 Hinc
1375 1730 1498 1766 praetor
1519 1726 1654 1763 dicitur,
1670 1727 1768 1756 actio⁴

1043 1779 1117 1799 nem
1142 1770 1232 1807 dare,
1249 1780 1278 1800 v,
1297 1781 1325 1800 c.
1349 1771 1442 1801 Verr.
1466 1770 1499 1800 ii.
1516 1771 1568 1802 27.
1592 1779 1669 1798 eum
1693 1779 1768 1809 per-

1043 1814 1151 1844 mittit
1181 1814 1365 1844 accusatori
1396 1813 1447 1843 vel
1477 1814 1612 1853 petitori
1642 1812 1676 1842 in
1708 1812 1770 1842 ali-

1044 1867 1143 1895 quem
1159 1868 1198 1887 ex
1214 1857 1286 1896 lege
1303 1857 1413 1896 aliqua
1428 1867 1536 1896 agere.
1559 1857 1594 1886 in
1611 1855 1720 1885 Caecil.
1734 1859 1767 1886 5.

1045 1901 1179 1931 Civibus
1202 1911 1279 1931 cum
1302 1906 1381 1931 sunt
1396 1905 1519 1940 ereptae
1543 1900 1705 1939 pecuniae‚
1721 1900 1767 1929 ci-

1042 1944 1097 1974 vili
1128 1944 1195 1974 fere
1226 1945 1348 1975 actione
1374 1948 1580 1984 repetantur.
1615 1943 1636 1972 i.
1660 1953 1689 1972 e.
1714 1953 1767 1978 ea,

1044 1998 1110 2026 qua
1133 1989 1211 2018 civis
1234 1989 1344 2019 utitur
1369 1989 1404 2017 in
1431 1997 1521 2024 eum,
1538 1987 1593 2026 qui
1609 1987 1766 2025 pecunias

1043 2032 1179 2071 eripuit,
1196 2036 1230 2062 et
1253 2036 1304 2062 est
1320 2032 1406 2071 juris
1431 2030 1531 2061 civilis
1558 2029 1611 2059 vel
1638 2030 1767 2069 privati.

1044 2074 1085 2105 cf.
1110 2075 1150 2105 de
1182 2080 1324 2114 utroque
1350 2085 1469 2114 genere
1495 2074 1667 2104 actionum
1697 2072 1769 2103 Sal-

1044 2128 1126 2149 mas.
1143 2119 1182 2148 de
1208 2119 1297 2149 mod.
1315 2129 1406 2150 usur.
1424 2128 1495 2157 cap.
1512 2121 1542 2148 3.
1558 2127 1590 2156 p.
1609 2120 1679 2147 108.
1696 2126 1768 2155 sqq.

1045 2160 1078 2200 9)
1098 2167 1148 2192 est
1164 2162 1320 2199 formula,
1336 2173 1402 2201 qua
1424 2166 1520 2192 actor
1540 2161 1650 2190 utitur
1664 2161 1700 2190 in
1716 2161 1768 2190 111-

1043 2206 1215 2237 tendenda
1230 2217 1284 2236 reo
1301 2206 1371 2243 lite,
1388 2215 1462 2245 quae
1485 2215 1505 2234 a
1519 2204 1611 2234 JCtis
1627 2204 1695 2233 fere
1711 2214 1769 2243 pe-

1043 2250 1190 2280 tebatur.
1236 2250 1359 2280 Caecin.
1384 2252 1413 2280 3.
1438 2259 1504 2288 qua
1525 2249 1646 2278 actione
1671 2246 1768 2277 illum

1046 2294 1096 2322 uti
1112 2293 1203 2323 velit.
1236 2293 1278 2323 ad
1293 2293 1364 2323 Att.
1380 2293 1422 2322 vi.
1446 2293 1508 2322 Cn.
1527 2291 1674 2321 Flavium
1690 2291 1770 2320 scri-

1046 2337 1123 2366 bam
1138 2338 1278 2367 actiones
1294 2336 1527 2376 composuisse.
1554 2335 1596 2364 cf.
1611 2335 1696 2374 Top.
1717 2338 1766 2368 17.

1045 2381 1140 2410 Orat.
1156 2381 1177 2410 i.
1194 2381 1247 2411 36.
1262 2383 1316 2411 41.
1361 2380 1438 2410 Non
1461 2378 1608 2409 multum
1632 2378 1768 2407 diversae

1045 2424 1138 2454 fuere
1161 2423 1317 2454 Actiones
1340 2422 1536 2453 Hostilianae
1560 2422 1620 2451 &c.
1638 2421 1677 2451 (16
1698 2422 1770 2460 qui-

1044 2467 1104 2497 bus
1121 2477 1151 2497 v.
1168 2467 1241 2497 Ind.
1260 2467 1349 2497 Hist.
1386 2464 1419 2505 3)
1446 2476 1522 2496 611111
1540 2466 1626 2495 36110
1648 2465 1770 2505 prima,

1045 2511 1162 2548 altera,
1179 2511 1282 2541 tertia
1303 2514 1599 2546 commemoratur,
1616 2515 1654 2538 ut
1673 2508 1770 2539 Verr.

1044 2555 1066 2584 i.
1085 2558 1137 2585 30.
1158 2558 1206 2585 ll.
1231 2555 1306 2584 Act.
1323 2555 1344 2584 i.
1362 2554 1396 2584 in
1411 2553 1505 2583 Verr.
1525 2556 1575 2583 18.
1594 2553 1653 2582 816.
1669 2552 1771 2590 signi-

1046 2599 1179 2635 ficatur,
1196 2598 1326 2637 quoties
1342 2607 1382 2627 63
1397 2607 1497 2627 631153
1513 2596 1554 2626 ad
1571 2596 1701 2635 judices
1718 2599 1771 2625 to-

1043 2646 1080 2671 ta
1096 2647 1172 2672 acta
1187 2642 1241 2672 sit.
1287 2642 1353 2678 Sic,
1370 2641 1443 2670 duae
1467 2645 1547 2669 sunt
1570 2640 1717 2669 actiones
1734 2639 1770 2670 in

1042 2685 1194 2723 Verrem,
1217 2695 1358 2724 quarum
1384 2685 1419 2714 in
1443 2685 1550 2724 prima
1575 2682 1651 2713 solis
1676 2682 1772 2712 testi-

1043 2728 1104 2758 bus
1132 2739 1211 2759 usus
1235 2733 1287 2759 est
1318 2728 1446 2764 Cicero,
1473 2727 1579 2757 altera
1607 2730 1773 2766 perpetua.

1044 2773 1215 2802 oratione:
1241 2781 1443 2811 quamquam
1471 2770 1576 2800 altera
1602 2769 1689 2799 actio
1712 2768 1772 2799 illa

1044 2815 1186 2846 Verrina
1209 2816 1333 2855 scripta
1352 2819 1489 2845 tantum
1509 2822 1571 2844 est.
1603 2812 1713 2852 *quid
1736 2822 1771 2842 a·

1045 2859 1115 2899 pud
1137 2859 1285 2889 rhetores
1309 2860 1353 2889 sit
1376 2858 1475 2895 aetio,
1497 2861 1615 2887 notum
1640 2860 1701 2886 est.
1732 2865 1772 2885 ea

1045 2907 1254 2936 memoratur
1280 2902 1339 2936 Or.
1363 2902 1410 2935 iii.
1436 2902 1491 2934 26.
1513 2909 1712 2935 consumere
1734 2903 1771 2929 et
