1985 3206
242 68 299 107 20
805 73 966 104 lsnssx
1003 73 1189 102 LEGUM.

244 164 327 202 eius,
353 162 394 194 ad
420 162 504 202 quod
530 162 583 193 hic
610 160 701 192 locus
728 162 884 201 pertinet,
912 161 976 192 fuit

244 205 285 236 de
318 205 550 236 intercessione
584 204 768 234 tribunitia.
814 204 863 234 Ex
890 203 922 233 h.
954 204 975 234 l.

244 247 395 278 videatur
409 247 518 285 colligi
535 255 638 286 posse,
652 246 793 276 tribunis
811 245 977 276 ademtam

245 289 344 320 fuisse
380 293 578 330 potestatem
613 287 848 325 intercedendi,
879 297 978 327 quam

245 335 360 362 tamen
402 340 502 361 unum
539 330 686 360 relictam
723 330 842 359 diserte
875 329 979 360 tradit

248 374 363 405 Cicero
378 373 416 403 ‹le
433 373 511 412 Leg.
527 372 571 402 iii.
588 376 618 405 9.
646 372 755 402 Caesar
770 371 807 401 Β.
826 372 894 402 Civ.
909 372 930 401 i.
949 373 977 401 5.

248 414 332 446 Eam
349 414 575 445 difficultatem
591 414 637 443 sic
649 413 767 444 tollere
782 417 892 444 tentat
907 413 979 442 Ma-

250 458 375 493 nutius,
405 462 443 486 ut
471 456 638 496 Opimium
672 462 765 495 putet
795 456 981 496 opposuisse

249 508 283 529 se
320 499 384 537 legi
413 499 587 535 Cornelia‘,
615 502 652 528 ut
681 507 720 527 ea
746 497 904 535 abrogata
929 497 982 527 lex

251 541 289 571 C.
312 540 435 571 Aurelii
459 542 568 570 cottae
594 539 632 568 de
659 540 860 570 restituenda
879 539 983 569 tribu-

251 583 337 613 nitia.
364 587 525 622 potestate
561 581 769 621 perferretur.
816 581 877 612 Sed
912 582 982 620 quis

250 634 397 663 unquam
415 624 493 663 legit
509 625 556 653 ita
569 623 643 659 dici,
661 623 857 653 intercedere
869 628 983 654 contra·

252 668 353 705 legem
379 667 552 706 aliquam?
575 665 738 696 Latinitas
761 665 891 703 quidem
913 665 983 695 haec

250 709 349 739 verba
370 718 435 738 non
463 708 559 738 alin-r
580 709 680 747 accipi
708 708 846 747 patitur,
871 717 983 746 quam,

250 752 448 781 intercedere
483 754 611 779 velante
639 752 720 788 lege,
749 751 859 785 aliter,
885 759 985 789 quam

253 792 460 832 lerj'usxscrit,
476 792 681 821 inm-vedere.
724 792 788 822 Res
809 796 920 821 autem
936 792 982 821 sic

251 843 285 865 se
314 836 430 865 hum:
456 835 521 865 Lex
550 834 703 863 Cornelia
734 833 900 863 ademerat
923 834 982 863 tri-

252 876 348 906 bunis
376 877 652 911 intercessionem,
679 885 747 905 non
771 880 885 906 tamen
913 885 983 905 om-

253 921 344 955 nino,
369 919 424 949 sed
443 923 480 948 ut
497 918 530 947 in
550 918 651 948 causis
674 917 867 956 quibusdam
888 917 985 947 relin-

253 966 422 1000 queretur,
442 964 499 991 aut
521 961 558 990 iis
578 960 696 990 finibus
720 960 984 999 circumscriptus

252 1008 338 1033 esset
359 1005 427 1044 ejus
450 1013 539 1038 usus,
563 1008 599 1032 ut
627 1012 698 1032 raro
722 1001 922 1032 intercedere
945 1000 985 1030 li-

254 1050 352 1075 ceret.
396 1046 502 1076 Locus
520 1044 655 1074 Caesaris
679 1043 805 1073 videtur
829 1043 985 1079 indicare,

251 1085 381 1117 licuisse
409 1087 619 1121 intercedere,
647 1086 672 1115 si
697 1087 767 1124 quis
790 1096 849 1116 sua
867 1090 984 1124 sponte

251 1128 487 1160 intercederet:
521 1128 741 1168 Reprehendit
768 1128 857 1158 enim
884 1128 985 1157 Sena-

253 1174 340 1208 tum,
360 1172 414 1210 qui
434 1171 535 1202 talem
557 1171 693 1200 Antonii
717 1169 984 1200 intercessionem

253 1213 441 1244 sustulerit:
479 1223 546 1242 nou
574 1223 649 1242 cum
677 1212 860 1252 appellatus
887 1216 982 1241 esset.

255 1252 343 1285 Nam
379 1256 404 1285 si
440 1256 545 1285 omnis
582 1254 723 1294 dignitas
757 1253 888 1284 ademta
922 1259 983 1289 est,

254 1296 356 1327 etiam
391 1297 462 1328 hfrc
496 1297 606 1327 ablata
632 1297 731 1326 fuerit
765 1305 894 1326 neccsse
922 1302 984 1331 est,

256 1347 297 1368 ne
333 1339 489 1380 appellari
517 1344 648 1378 possent
675 1339 821 1368 tribuni:
859 1338 894 1368 in
921 1348 985 1376 quo

255 1381 400 1412 maxima
427 1381 579 1420 dignitas.
625 1380 758 1419 Pighius
787 1380 827 1410 ad
855 1391 884 1410 a.
912 1380 985 1412 672.

256 1422 373 1459 tradit,
395 1430 529 1453 cautum
550 1423 620 1462 lege
641 1422 794 1453 Cornelia
813 1422 923 1458 fuisse,
947 1432 987 1452 ne

256 1464 497 1504 appellantibus
520 1475 616 1505 opem
640 1465 775 1501 ferrent,
799 1465 860 1494 nisi
879 1465 987 1503 juras-

257 1512 343 1543 sent,
360 1517 393 1537 se
416 1507 511 1538 aliter
531 1517 622 1546 arque
639 1508 715 1546 jure
734 1507 784 1537 uti
800 1516 867 1536 non
884 1516 987 1546 posse.

257 1548 296 1579 Id
322 1549 408 1579 uude
433 1550 590 1586 hauserit,
617 1549 742 1578 nescio:
766 1548 852 1588 quod
876 1553 988 1578 tamen

256 1597 307 1621 est
320 1591 506 1621 absurdum.
538 1591 624 1621 Illud
639 1597 765 1621 eertum
779 1595 841 1627 est,
859 1590 987 1629 culpam

259 1633 299 1663 ab
319 1632 451 1673 Opimio
474 1634 681 1663 commissam
703 1643 754 1670 eo,
776 1632 862 1672 quod
882 1632 989 1664 alieno

257 1675 330 1705 loeo
348 1676 584 1706 intercesserat.

301 1717 362 1748 Cn.
392 1717 560 1748 Commu
585 1722 618 1747 et
644 1716 683 1748 L.
708 1717 844 1755 Genu,
871 1715 924 1747 vid
948 1716 988 1747 L.

265 1759 361 1790 Gellii
375 1764 406 1789 et
426 1760 481 1790 Cn.
502 1760 648 1790 Cornelii.

302 1801 486 1832 Consurre—
511 1803 547 1832 C.
569 1801 724 1837 Cornelii,
745 1802 800 1841 qui
820 1801 897 1832 trib.
922 1801 989 1841 ple-

259 1843 307 1883 bis
330 1844 366 1874 A.
390 1843 431 1874 U.
452 1852 640 1875 DCLxxxvr
668 1843 744 1880 fuit,
764 1848 990 1874 memorantur

260 1886 300 1915 ab
314 1886 453 1916 Asconio
467 1886 608 1916 Pediano
622 1886 657 1915 in
673 1886 808 1925 Argum.
823 1885 990 1916 Orationis

259 1937 317 1967 pro
347 1928 477 1958 Cornel.
506 1928 592 1967 quod
619 1928 812 1966 fragmentis
844 1928 990 1967 praemit-

260 1970 345 1999 titur
366 1981 397 2010 p.
421 1970 491 2001 626.
512 1981 537 2000 s.
564 1975 599 2000 et
625 1970 658 1999 in
684 1970 760 2010 ipsis
787 1969 990 2009 fragmentis.

262 2010 301 2042 In
327 2012 364 2041 iis
390 2012 514 2052 legibus
540 2011 692 2048 ferendis,
719 2022 820 2051 quum
848 2012 990 2042 multum

259 2054 433 2084 turbarum
459 2059 569 2084 ortum
591 2059 688 2089 esset,
711 2054 899 2084 intercessio
926 2054 991 2084 col-

261 2095 344 2135 leg-ze
359 2096 521 2135 neglecta,
536 2096 636 2126 fasces
653 2095 793 2127 consulis
808 2096 917 2133 fracti,
932 2098 990 2127 ἃς.

263 2139 443 2177 majestatis
466 2148 538 2168 reus
564 2139 669 2168 faetus
685 2143 747 2175 est,
771 2138 915 2168 Praetore
940 2139 993 2169 Ci-

261 2187 380 2209 cerone
408 2180 611 2210 defendente.
637 2190 667 2209 v.
696 2181 779 2220 inpr.
809 2180 874 2210 Dio
903 2180 992 2211 Cass.

261 2222 369 2251 xxxvi.
393 2232 424 2261 p.
447 2225 493 2252 18.
517 2225 562 2254 19.
610 2222 647 2251 In
668 2222 805 2258 duabus,
828 2231 899 2260 quae
921 2233 994 2262 per-

262 2263 340 2293 latae
374 2270 465 2299 sunt,
495 2264 557 2293 fnit
591 2263 676 2293 haec:
703 2263 929 2295 affPraeeores
955 2276 995 2296 αι·

262 2306 373 2336 edictis
396 2307 463 2335 suis
483 2307 649 2345 perpetuis
672 2305 878 2345 judicarent,
906 2308 936 2337 h.
965 2319 993 2338 e.

263 2348 370 2378 edicto
386 2358 509 2384 annuo,
528 2349 588 2377 nisi
604 2348 672 2386 quis
689 2348 784 2379 malit
798 2349 904 2387 legere
919 2360 994 2389 per-

257 2394 368 2428 pet-wo,
396 2391 415 2419 i.
443 2401 471 2420 c.
500 2390 569 2419 sine
597 2391 766 2427 varietate,
792 2390 878 2430 quod
901 2391 994 2422 valde

288 2432 428 2462 robabile
444 2432 523 2462 facit
545 2432 577 2462 J.
592 2432 632 2462 A.
648 2432 802 2469 Baebius,
819 2433 858 2462 V.
877 2433 944 2463 Cel.
960 2433 995 2464 in

263 2442 351 2503 inst.
367 2474 439 2504 Jur.
456 2485 486 2514 p.
504 2476 575 2504 902..
623 2474 685 2503 Sed
702 2475 895 2513 praetoribus
912 2475 998 2506 vide-

262 2520 319 2545 tur
337 2516 466 2546 licuisse
489 2516 589 2546 etiam
612 2526 651 2545 ex
675 2523 824 2555 tempore
847 2517 998 2555 quaedam

263 2557 402 2594 edicere,
426 2558 609 2596 eujusmodi
631 2557 774 2588 edictum
798 2569 1000 2589 commemo-

264 2604 367 2638 ratur,
384 2600 439 2629 sed
457 2599 666 2639 prosint-iaie,
681 2600 773 2629 Verr.
788 2600 833 2630 iii.
855 2603 901 2630 14.
929 2602 999 2631 Sal-

264 2647 334 2671 tem
357 2641 390 2670 id
412 2642 471 2671 sibi
490 2641 642 2671 videntur
657 2641 789 2680 quidam
812 2652 996 2681 arrogasse:

265 2684 317 2713 cui
338 2684 448 2723 generi
471 2690 629 2723 perpetua
650 2688 875 2723 opponuntur.
920 2685 999 2724 Ejus

263 2726 345 2764 legis
368 2735 439 2764 quae
463 2726 508 2755 vis
530 2726 643 2763 fuerit,
663 2735 692 2755 v.
716 2735 767 2765 ap.
792 2726 940 2757 Perizon.
961 2728 999 2757 de

264 2767 354 2807 Lege
370 2767 492 2798 Vocon.
511 2778 540 2807 p.
562 2770 629 2801 193.

308 2810 487 2839 ConNsLm
505 2809 543 2838 cle
565 2811 791 2840 libertinorum
812 2808 1000 2849 ezffragiis,

262 2852 297 2882 in
321 2853 438 2889 fragm.
459 2852 517 2882 Or.
532 2852 567 2883 in
583 2852 786 2896 Cornelium,
801 2856 850 2882 est
873 2860 947 2890 quae
968 2855 1004 2882 et

1020 160 1166 191 fllamllz'a
1185 160 1317 196 dicitur,
1340 158 1379 191 de
1402 169 1466 199 qua
1479 170 1510 191 v.
1527 158 1622 191 infra.
1666 159 1751 191 Eam

1021 207 1192 233 aecusator
1221 202 1364 233 Cornelii
1394 202 1519 234 dixerat
1552 213 1572 233 a
1599 202 1753 238 Cornelio

1021 245 1098 274 trib.
1116 245 1159 285 pl.
1175 254 1250 274 eum
1268 244 1406 275 Manilio
1421 243 1532 276 datam
1547 253 1627 275 esse.

1065 287 1101 317 C.
1139 288 1278 323 Co'r'rffi,
1307 286 1417 317 fratris
1450 286 1488 318 L.
1514 287 1593 318 Aur.
1630 287 1754 323 Cottae,

1021 327 1108 367 leges
1132 331 1358 359 memorantur
1376 329 1409 359 iu
1423 329 1616 368 fragmentis
1632 328 1755 359 Corne-

1023 369 1120 400 lianae
1136 371 1155 400 i.
1172 381 1203 410 p.
1218 371 1290 401 630.
1303 370 1341 401 de
1361 370 1461 410 iisque
1478 371 1545 410 ipse
1559 370 1754 410 abrogandis

1023 412 1064 441 ad
1083 418 1234 443 senatum
1251 413 1398 443 retulisse
1413 413 1542 443 dicitur.
1586 412 1643 442 Eae
1659 422 1754 451 quor-

1025 463 1098 484 sum
1112 455 1344 494 pertinuerint,
1357 464 1424 485 uon
1439 459 1579 485 constat.
1592 464 1621 484 v.
1636 455 1755 485 Ascon.

1026 495 1066 526 ad
1079 496 1101 526 l.
1118 506 1145 526 e.
1161 497 1215 536 qui
1228 502 1465 527 commemorat
1478 497 1574 533 hanc,
1585 506 1650 535 qua
1661 496 1754 532 tulit,

1026 541 1065 567 ut
1087 539 1138 575 iis,
1153 539 1208 578 qui
1229 539 1354 569 tribuni
1377 538 1478 579 plebis
1501 539 1651 575 fuissent,
1675 537 1755 568 alios

1027 589 1155 619 quoque
1169 581 1380 621 magistratus
1394 591 1508 621 capere
1531 581 1656 617 liceret,
1670 580 1758 620 quod

1026 621 1065 652 L.
1085 622 1185 652 Sullae
1206 623 1276 663 lege
1301 623 1389 653 nefas
1409 628 1490 654 erat.
1534 623 1618 653 Eam
1644 628 1756 653 autem

1026 663 1134 703 legem
1149 674 1216 695 non
1229 666 1390 695 contineri
1405 669 1503 705 putat
1521 664 1572 702 iis,
1587 664 1626 695 de
1641 665 1757 704 quibus

1027 706 1220 746 abrogandis
1236 707 1276 738 ad
1290 708 1448 737 Senatum
1465 706 1624 737 retulerit.

1071 748 1107 778 C.
1125 748 1248 780 Corve
1264 749 1406 788 ejusdem
1422 749 1460 779 de
1469 747 1607 789 judiciis
1616 749 1760 788 privatis

1024 796 1227 821 memoratur
1241 791 1262 821 1.
1280 802 1306 821 c.
1322 800 1459 830 eamque
1473 791 1644 830 abrogavit
1655 791 1759 821 frater

1026 832 1074 862 M.
1091 834 1203 869 Cotta,
1219 843 1306 863 anno
1319 838 1494 873 postquam
1508 832 1577 862 lata
1590 837 1650 863 est.

1070 875 1190 904 Cnass¹
1207 876 1244 905 de
1264 874 1412 914 Ciuitate,
1427 873 1489 904 vid.
1507 873 1649 905 Licinia.

1071 916 1226 947 CuruA‘rA
1241 917 1373 952 dicitur,
1388 916 1539 956 quicquid
1557 917 1590 946 in
1607 916 1758 947 Comitiis

1029 959 1171 989 Curiatis
1193 959 1234 989 ad
1255 958 1414 999 populum
1433 959 1547 989 fertur.
1592 958 1655 989 Sed
1673 965 1759 988 tem-

1028 1010 1106 1040 pore
1134 1000 1312 1037 Ciceronis,
1342 1001 1482 1031 inductis
1507 1000 1654 1037 tributis,
1683 1010 1760 1030 eum

1030 1042 1264 1073 obsolevissent
1288 1044 1435 1079 Curiata,
1463 1042 1539 1082 (vid.
1565 1042 1667 1072 Gron.
1693 1041 1759 1072 Ob-

1028 1090 1146 1114 servat.
1174 1085 1214 1114 iv.
1243 1088 1267 1115 l.
1289 1086 1366 1125 Agr.
1394 1085 1427 1114 ii.
1458 1084 1517 1123 ll.)
1545 1094 1603 1124 per
1628 1084 1760 1114 lictores

1029 1126 1062 1155 in
1083 1126 1207 1157 duabus
1229 1128 1332 1157 causis
1352 1127 1570 1161 habebantur,
1595 1127 1701 1166 primo
1721 1127 1761 1157 de

1029 1178 1064 1197 re
1079 1170 1231 1205 militari,
1246 1169 1361 1200 deinde
1376 1170 1414 1199 de
1436 1170 1613 1209 adoptione.
1657 1168 1761 1206 Nam,

1027 1216 1066 1239 ut
1082 1211 1195 1241 Cicero
1210 1212 1255 1241 ait
1270 1212 1305 1241 ir.
1318 1211 1456 1251 Agraria
1468 1211 1502 1241 ii.
1521 1214 1567 1242 12.
1593 1220 1659 1240 rem
1675 1210 1762 1240 mili-

1027 1257 1132 1283 tarem
1148 1253 1377 1290 continebant,
1393 1263 1497 1292 neque
1516 1254 1670 1292 cuiquam
1684 1251 1762 1282 liee-

1029 1294 1085 1324 bat
1107 1305 1178 1325 eam
1200 1296 1364 1335 attingere
1381 1296 1450 1325 sine
1472 1295 1543 1334 lege
1562 1295 1697 1325 curiata.
1720 1295 1763 1325 ef.

1029 1335 1097 1366 Lex
1126 1337 1273 1367 Cornelia
1297 1338 1335 1367 de
1352 1348 1445 1377 prov.
1469 1338 1536 1367 ord.
1583 1336 1670 1367 Hine
1693 1338 1763 1374 lege.-

1036 1378 1173 1409 Curiata
1197 1381 1308 1409 ornari
1330 1379 1451 1409 ibidem
1465 1390 1493 1409 c.
1512 1382 1560 1409 10.
1583 1383 1644 1414 est,
1661 1378 1763 1408 eomi-

1030 1421 1085 1450 tiis
1103 1422 1245 1451 Curiatis
1268 1422 1412 1461 accipere
1436 1421 1622 1461 imperium,
1646 1425 1680 1450 et
1705 1430 1763 1460 po-

1031 1468 1186 1493 testatem
1214 1464 1260 1493 rei
1297 1463 1447 1494 militaris
1483 1462 1762 1493 administrandae.
1804 1488 1807 1489 .

1032 1505 1083 1535 De
1116 1506 1282 1545 adoptione
1317 1512 1428 1536 autem
1457 1505 1643 1544 exemplum
1672 1509 1765 1534 extat

1033 1547 1069 1577 P.
1086 1547 1204 1584 Clodii,
1220 1548 1271 1586 qui
1289 1548 1430 1578 comitiis
1446 1547 1588 1578 Curiatis
1603 1557 1622 1576 a
1637 1545 1764 1587 plebeio

1033 1589 1207 1629 adoptatus
1221 1594 1280 1619 est.

1075 1631 1182 1662 Dmm
1196 1635 1229 1662 et
1245 1632 1410 1667 Cfficum,
1423 1630 1486 1660 vid.
1506 1630 1632 1661 Caecilia
1645 1629 1763 1661 Didia.

1075 1673 1143 1704 Lex
1158 1675 1196 1704 de
1211 1673 1347 1704 DOLO
1363 1675 1459 1708 malo,
1477 1672 1540 1703 vid.
1555 1673 1712 1712 Aquileia.

1075 1715 1233 1746 DomiTm
1247 1716 1284 1745 cle
1297 1715 1493 1745 Sam-datiis
1506 1714 1545 1744 ad
1559 1715 1653 1745 Brut.
1666 1725 1716 1754 ep.
1732 1719 1763 1746 5.

1035 1758 1117 1788 Eam
1154 1758 1233 1788 tulit
1258 1758 1294 1787 A.
1326 1757 1367 1787 U.
1396 1765 1539 1789 ocxux.
1567 1757 1765 1788 Consulibus

1036 1801 1071 1830 C.
1098 1800 1204 1830 Mario
1227 1804 1261 1829 et
1290 1800 1326 1830 C.
1350 1798 1503 1834 Fimbria,
1537 1798 1593 1829 Cn.
1621 1799 1766 1830 Domiti-

1033 1852 1073 1872 us
1097 1842 1338 1877 Ahenobarbus,
1363 1841 1440 1871 trib.
1464 1840 1510 1880 pl.
1556 1841 1605 1871 Ex
1629 1852 1668 1871 ea
1693 1841 1766 1881 lege
1788 1854 1794 1855 ’

1033 1885 1228 1921 sacerdotes,
1264 1884 1295 1914 h.
1333 1893 1362 1913 e.
1395 1883 1584 1920 Pontifices,
1612 1893 1764 1923 augures,

1033 1926 1291 1966 Quindecimviri
1326 1935 1408 1955 sacr.
1444 1925 1504 1955 fac.
1543 1926 1597 1965 qui
1632 1929 1710 1956 ante
1747 1938 1767 1957 a
1807 1960 1812 1961 ⁷

1035 1968 1172 2008 collegio
1188 1969 1306 2008 quique
1320 1977 1378 1997 suo
1394 1967 1647 2007 cooptabantur,
1663 1969 1766 1998 comi-

1034 2011 1089 2040 tiis
1125 2011 1237 2050 populi
1272 2010 1369 2040 Rom.
1404 2009 1500 2040 electi
1528 2015 1618 2046 sunt,
1645 2014 1683 2039 ut
1719 2010 1769 2041 ita

1034 2053 1215 2083 sacerdotia
1228 2052 1298 2083 haee
1314 2052 1353 2082 ab
1367 2050 1425 2081 illo
1439 2056 1588 2091 tempore
1607 2052 1767 2082 beneficia

1035 2105 1109 2135 pop.
1125 2095 1164 2125 R.
1180 2095 1268 2125 facta
1284 2095 1361 2124 sint.
1404 2094 1492 2124 Nam
1506 2094 1560 2130 qui
1578 2095 1649 2132 jam
1674 2098 1766 2131 ante,

1037 2143 1076 2167 ut
1112 2137 1263 2167 Pontifex
1299 2136 1347 2166 M.
1377 2136 1476 2167 Curio
1506 2135 1554 2165 M.
1582 2142 1616 2166 et
1651 2135 1718 2173 alii,
1748 2131 1773 2168 a¹

1038 2178 1158 2219 populo
1185 2179 1285 2209 creati
1320 2179 1465 2213 fuerant,
1506 2177 1590 2216 (Liv.
1624 2188 1698 2207 xxv.
1737 2181 1767 2208 5.

1039 2221 1136 2251 xxvii.
1167 2222 1208 2260 8.)
1240 2221 1280 2251 ad
1307 2231 1360 2250 eos
1391 2220 1459 2250 Lex
1494 2219 1564 2249 haee
1594 2228 1659 2249 non
1695 2230 1768 2260 per-

1037 2263 1175 2293 tinebat.
1203 2275 1232 2293 v.
1262 2262 1383 2292 Grueh.
1418 2261 1457 2292 de
1493 2262 1586 2292 Com.
1614 2262 1648 2291 ii.
1678 2264 1708 2293 ΞΖ.
1737 2264 1766 2292 3.

1037 2315 1233 2344 quamquam
1258 2310 1291 2335 et
1312 2304 1463 2334 Pontifex
1485 2303 1532 2333 M.
1547 2303 1662 2342 Agrar.
1685 2304 1719 2334 ii.
1737 2307 1768 2336 7.

1037 2358 1076 2377 ea
1094 2347 1165 2386 lege
1184 2353 1312 2377 creatus
1335 2346 1464 2376 dicitur.
1509 2345 1570 2375 Sed
1591 2345 1677 2384 quod
1696 2345 1771 2376 reli-

1037 2390 1091 2428 gio
1111 2391 1239 2420 obstare
1263 2389 1443 2423 videbatur,
1458 2397 1522 2426 quo
1537 2387 1644 2417 minus
1667 2397 1779 2428 popu-⁷

1038 2431 1086 2461 los
1111 2432 1170 2462 hos
1197 2431 1378 2461 sacerdotes
1405 2430 1539 2465 faceret,
1566 2439 1701 2468 eamque
1727 2430 1771 2460 ob

1041 2483 1172 2504 causam
1187 2474 1299 2503 eadem
1315 2473 1367 2502 lex
1389 2472 1561 2510 antiquata
1580 2478 1676 2507 esset,
1694 2482 1770 2502 cuin

1041 2526 1112 2545 eam
1142 2516 1181 2555 Q.
1212 2515 1370 2550 Maximo,
1398 2514 1500 2543 fratre
1536 2514 1709 2552 Scipionis,
1736 2518 1770 2544 et

1042 2557 1080 2587 L.
1111 2558 1268 2588 Mancino
1292 2558 1383 2587 Coss.
1410 2556 1541 2585 tulisset
1565 2556 1600 2586 C.
1624 2555 1771 2587 Licinius

1044 2599 1190 2635 Crassus,
1204 2600 1242 2629 de
1258 2600 1390 2629 Arnieit.
1405 2608 1432 2627 c.
1448 2599 1508 2635 953
1533 2597 1618 2628 hanc
1643 2599 1772 2638 religio-

1043 2643 1092 2671 nis
1109 2642 1307 2671 calumniam
1325 2646 1363 2670 ut
1379 2641 1495 2670 vitaret
1516 2640 1696 2678 Domitius,
1711 2641 1773 2671 hoc

1042 2683 1106 2721 legi
1123 2683 1252 2722 adiecit,
1268 2688 1306 2712 ut
1321 2690 1405 2713 xvn.
1419 2686 1552 2712 tantum
1565 2683 1669 2712 tribus
1685 2686 1773 2712 sorte

1043 2725 1150 2755 ductae
1173 2725 1355 2755 sacerdotes
1379 2729 1536 2754 crearent.
1553 2734 1581 2753 V.
1597 2724 1676 2763 Agr.
1692 2724 1726 2754 ii.
1741 2727 1773 2758 7.

1044 2769 1097 2805 qui
1114 2773 1163 2797 est
1179 2767 1268 2797 locus
1281 2767 1320 2796 de
1333 2766 1393 2796 hac
1406 2776 1439 2796 re
1453 2766 1614 2795 classicus.
1639 2765 1776 2796 Sublata

1044 2814 1094 2838 est
1116 2809 1185 2839 haee
1209 2810 1260 2839 lex
1282 2819 1301 2838 a
1318 2808 1470 2839 Cornelio
1490 2808 1594 2844 Sulla,
1610 2809 1680 2848 lege
1700 2809 1775 2839 Cor-

1045 2852 1133 2882 nelia
1158 2852 1197 2882 de
1222 2851 1431 2889 sacerdotiis,
1456 2849 1639 2882 nobilitatis
1664 2860 1776 2888 amore

1980 1720 1985 1910 ὲ

1982 1920 1985 1986 ³

1983 2022 1985 2087 i
