1920 3196
212 87 298 137 472

217 188 286 219 tius
300 196 398 227 porro
411 185 555 223 monuit,
571 185 691 225 respici
701 184 742 214 ad
759 194 883 214 morem
898 185 961 215 mi-

721 95 867 125 INDEX
899 96 1196 126 LATINITA'rrs.

1005 195 1082 226 pere
1108 190 1145 216 et
1167 184 1402 226 perstringere.
1425 185 1519 217 Balb.
1536 186 1588 218 26.
1613 187 1744 218 vellica-

221 232 370 268 litarem,
388 240 453 270 quo
469 228 586 259 velites
598 229 634 258 iu
650 228 769 258 itinere
783 229 962 268 portabant
1003 234 1054 260 ret
1066 230 1099 259 in
1115 228 1247 259 circulis
1264 229 1469 260 Cornelium.

224 274 371 306 sardinas
388 273 552 304 militum.
564 272 644 303 hine
660 272 797 302 verbum
812 281 962 302 onerare.

225 317 290 349 Sed
307 318 369 348 hoc
385 318 497 348 nescio
513 326 554 347 an
569 318 723 355 cuiquam
733 315 850 355 probet
863 327 869 345 :
884 324 962 345 nam

224 361 311 393 nihil
328 362 367 392 de
385 371 423 391 ea
439 370 473 390 rc
487 360 656 401 proditum
677 359 820 388 invenio.
868 358 965 389 Calo-

224 414 285 437 nes
301 405 335 436 id
352 405 467 435 fecisse
483 405 563 441 scio,
575 403 614 433 de
631 402 786 432 velitibus
803 401 887 432 nihil
902 402 963 432 hu-

218 449 370 489 jusmodi
397 448 473 487 legi.
508 447 659 478 Valesius
686 446 842 484 denique,
858 451 898 475 ut
924 456 964 476 ex

227 493 299 532 ejus
317 494 405 523 notis
422 492 462 521 ad
477 491 692 522 Ammianum
716 500 747 519 V.
763 494 794 524 9.
819 499 964 519 comme-

225 541 337 567 morat
354 537 394 566 :ul
411 536 443 565 h.
462 535 481 565 l.
495 535 656 571 Graevius,
673 534 818 571 monuit,
834 542 964 562 scurras

227 590 298 611 esse
323 580 498 621 parasitos,
529 579 584 618 qui
609 578 792 607 exercitum
821 586 964 615 sequan-

228 631 299 661 tur,
316 628 349 653 ot
371 624 455 662 jocis
472 623 506 652 in
531 621 690 651 conviviis
724 620 848 650 milites
875 620 963 649 (lele—

228 672 334 698 ctent.
366 666 467 706 quod,
498 674 701 705 quamquam
732 674 800 694 non
830 674 962 703 negem,

227 712 330 742 etiam
350 712 382 740 in
403 710 604 740 exercitibus
627 718 756 738 scurras
783 708 898 744 fuisse,
914 713 964 737 ta-

227 765 306 785 men
328 754 420 785 locus
446 753 621 783 Plautinus
648 761 717 781 non
748 752 897 785 conficit,
928 751 963 780 in

227 809 293 838 quo
309 808 424 828 scurra
452 803 503 827 est
528 797 689 832 urbanus,
706 796 762 834 qui
784 795 964 834 opponitur

226 842 341 879 militi,
360 853 388 871 v.
410 842 552 871 Gronov.
574 841 710 869 Sestert.
727 840 769 868 iv.
785 844 815 872 9.
840 849 871 878 p.
889 842 962 872 319.

225 895 333 925 neque
365 885 449 916 ratio
480 893 543 921 est,
570 893 671 923 quare
698 883 752 912 hic
780 887 962 912 castrenses

224 930 350 970 potius,
368 939 466 969 quam
480 929 623 958 urbanos
636 936 779 963 scurras,
795 925 963 964 intellige-

224 983 259 1003 re
289 973 439 1003 velimus.
462 971 630 1012 Quicquid
654 971 711 1006 sit,
728 979 826 999 nemo
842 969 961 999 horum

222 1016 323 1057 plane
340 1016 616 1057 explicavithunc
629 1015 751 1044 lusum.
767 1013 961 1050 Videamus,

224 1071 265 1090 an
282 1071 341 1090 nos
365 1061 398 1090 id
420 1064 577 1100 praestare
598 1058 778 1099 possimus,
805 1060 839 1086 et
861 1056 963 1086 simul

224 1104 415 1144 exemplum
434 1104 551 1134 demus
564 1101 836 1142 explicandorum
847 1100 964 1138 hujus-

224 1148 315 1179 modi
340 1148 501 1178 locorum.
547 1146 643 1177 Misit
667 1145 778 1175 Paetus
807 1144 961 1173 Ciceroni

220 1202 335 1232 poma,
352 1201 425 1231 quae
441 1197 475 1221 et
492 1190 581 1221 mala
596 1189 765 1219 dicuntur.
803 1188 876 1218 Hoc
891 1197 962 1216 ver-

219 1236 301 1266 bum
313 1237 506 1275 ambiguum
517 1241 582 1271 est,
592 1232 823 1271 adeoqucjoco
834 1235 960 1270 aptum.

221 1280 286 1309 Sed
303 1283 342 1309 ut
358 1279 558 1317 ambiguitas
585 1281 786 1312 servaretur,
803 1275 958 1305 adhiben-

221 1323 303 1353 dum
319 1328 392 1353 erat
409 1323 512 1352 etiam
526 1321 663 1351 verbum
675 1319 755 1350 huic
768 1320 814 1349 rei
831 1329 962 1348 accom-

222 1366 408 1397 modatum.
425 1367 503 1396 hinc
530 1364 614 1395 dixit
630 1377 635 1394 :
661 1363 758 1394 malis
775 1373 827 1392 me
843 1372 960 1392 onera-

220 1411 278 1449 sti,
297 1421 356 1452 pro
373 1410 468 1440 malis
484 1419 538 1439 me
555 1408 698 1439 donasti.
721 1406 875 1437 Formula
891 1416 961 1435 ma-

219 1455 259 1485 lis
277 1464 416 1485 onerare
434 1454 624 1492 significare
641 1455 764 1492 potest,
782 1450 962 1480 maledicta

218 1498 367 1539 plurima
382 1499 416 1527 in
434 1497 579 1536 aliquem
598 1495 776 1535 conjicere,
801 1495 892 1533 (nam
911 1499 961 1522 et-

217 1543 285 1572 iam
295 1542 484 1572 maledictis
493 1540 637 1579 aliquem
649 1548 787 1568 onerare
800 1535 955 1576 dicimus)

215 1591 253 1620 et
270 1586 415 1626 plurima
438 1595 537 1625 poma
558 1585 592 1613 in
609 1583 755 1622 aliquem
782 1582 958 1621 conjicere.

220 1630 411 1669 Utrumque
432 1628 581 1659 accidere
599 1626 684 1657 solet
706 1626 828 1656 scurris
850 1630 885 1655 et
900 1635 959 1665 pa-

217 1674 327 1704 rasitis
340 1674 375 1703 in
392 1672 652 1712 locupletiorum
665 1670 838 1707 conviviis,
850 1669 912 1699 hoc
926 1669 959 1699 in

218 1718 350 1757 primis,
368 1717 520 1757 apposita
546 1724 663 1745 mensa
689 1713 846 1744 secunda.
870 1713 958 1743 Hinc

218 1761 372 1791 Ciceroni
387 1760 543 1790 veniebat
566 1759 599 1789 in
622 1762 771 1788 mentem
790 1757 931 1787 scribere
950 1768 956 1785 ε

216 1804 332 1835 multis
350 1804 446 1834 malis
460 1814 514 1834 me
528 1807 700 1841 tamquam
714 1809 861 1831 scurram
880 1809 958 1829 one-

217 1849 309 1878 rasti.
355 1848 419 1878 Sed
436 1847 469 1877 id
481 1848 520 1877 fit
536 1846 690 1886 inprimis
705 1851 794 1882 tum,
808 1854 883 1874 cum
902 1854 958 1883 pa-

216 1893 340 1922 rasitus
353 1896 404 1922 est
416 1891 656 1931 impudentior,
669 1892 703 1918 et
719 1888 866 1918 dicteriis
880 1897 958 1917 con-

215 1938 304 1966 vivas
320 1937 442 1976 saepius
461 1934 606 1965 lacessit.
639 1934 682 1963 Et
698 1933 777 1971 quia
793 1931 934 1961 dicimus
949 1943 955 1960 t

210 1981 323 2019 jacere
350 1980 452 2016 dicta,
469 1983 642 2017 tamquam
668 1976 738 2006 tela
762 1980 795 2005 et
817 1975 956 2014 jacula3

215 2023 336 2054 deinde
350 2025 479 2053 velitari
490 2026 525 2051 et
541 2022 683 2052 velitatio
698 2021 732 2049 in
750 2019 896 2049 dicteriis
907 2018 958 2056 ja-

217 2067 343 2098 ciendis
356 2064 491 2104 dieitur,
506 2072 545 2096 ut
562 2075 614 2106 ap.
633 2063 718 2094 Geli.
730 2064 772 2092 vi.
787 2066 835 2093 ll.
850 2073 958 2102 neque

217 2112 251 2141 in
282 2111 470 2141 maledictis
497 2109 653 2139 adversus
685 2106 899 2146 impudentes
924 2110 959 2136 et

216 2155 385 2194 improbos
410 2154 635 2184 velitandum:
660 2151 701 2181 cf.
724 2151 833 2181 Plaut.
865 2151 956 2180 Asin.

215 2199 250 2229 ii.
275 2201 304 2229 2.
334 2201 387 2229 41.
412 2203 588 2237 propterea
613 2195 785 2235 eleganter
807 2194 904 2230 dixit,
924 2204 956 2224 se

213 2245 388 2281 tamquam
408 2243 535 2271 velitem
551 2249 714 2275 scurram,
730 2238 763 2268 h.
781 2248 809 2268 e..
827 2237 882 2277 qui
907 2237 958 2267 ul-

213 2290 268 2317 tro
295 2290 331 2316 et
353 2286 499 2315 crebrius
525 2283 822 2323 impudentiusque
855 2281 957 2311 male-

217 2329 315 2360 dictis
327 2327 484 2359 velitatus
502 2328 545 2358 sit
557 2327 712 2357 adversus
726 2325 871 2362 Paetum,
887 2335 957 2355 ma-

214 2372 256 2403 lis
283 2378 461 2403 oneratum
492 2381 562 2401 esse
580 2384 587 2400 z
620 2370 652 2401 id
680 2380 714 2400 se
744 2374 858 2399 autem
889 2378 956 2398 non

216 2416 357 2447 moleste
373 2416 503 2453 tulisse,
519 2416 596 2454 quia
612 2423 744 2452 aequum
762 2413 832 2442 scil.
849 2412 904 2449 sit,
919 2416 958 2443 ut

217 2463 268 2490 est
284 2459 372 2501 apud
400 2459 591 2496 Phaedrum,
609 2467 671 2488 sua
684 2456 838 2497 exempla
860 2466 956 2495 aequo

217 2506 331 2535 animo
345 2505 427 2544 pati.

262 2548 445 2578 Velz'volans
462 2546 564 2577 navis.
593 2545 706 2576 Divin.
724 2545 745 2574 i.
762 2546 815 2575 31.
842 2553 859 2572 e
876 2543 956 2573 Po'e-

212 2596 261 2622 ta.

264 2636 360 2666 Velle.
383 2635 455 2665 Att.
478 2634 523 2663 vi.
549 2636 579 2664 3.
614 2641 695 2662 num
724 2630 803 2670 quid
828 2632 954 2667 vellem,

215 2680 355 2719 rogavit.
380 2679 440 2709 Est
466 2677 612 2708 formula
633 2684 771 2715 peregre
802 2674 956 2704 abeunti-

218 2733 290 2762 um,
308 2733 374 2762 qua
390 2732 449 2752 sua
465 2721 585 2758 officia,
604 2721 637 2749 in
654 2718 820 2749 mandatis
833 2717 955 2748 literis-

214 2777 254 2797 ve
271 2766 490 2807 perferendis,
506 2764 607 2795 alicui
624 2763 792 2793 deferunt.

262 2811 387 2842 Vellere
400 2819 459 2850 pro
476 2808 643 2839 revellere.
675 2807 769 2836 Verr.
787 2805 828 2836 iv.
846 2807 898 2836 24.
915 2814 954 2834 ex

217 2854 351 2896 patellis
366 2863 440 2893 quae
458 2852 610 2887 vellerat,
626 2861 671 2880 sc.
689 2849 809 2889 sigilla.

258 2899 432 2937 Vellz'carc,
456 2895 663 2927 sermonibus
685 2892 856 2925 malevolis
884 2901 955 2923 car—

1050 273 1176 303 Velmn.
1200 273 1258 302 Or.
1275 275 1328 304 23.
1345 275 1418 304 vela
1433 273 1522 304 dare.
1538 272 1638 304 Tusc.
1653 272 1696 302 iv.
1710 274 1742 303 4.

1005 318 1077 346 vela
1091 316 1209 346 facere.
1226 316 1303 346 ibid.
1319 320 1349 347 5.
1364 319 1436 347 vela
1449 317 1607 347 orationis
1621 315 1746 356 pande-

1006 369 1051 389 re.
1069 359 1120 390 hae
1134 359 1285 390 formulae
1297 370 1412 391 omnes
1425 361 1630 399 significant,
1643 359 1744 389 latius

1006 407 1040 432 et
1070 404 1246 442 copiosius,
1277 413 1378 441 quam
1409 404 1585 435 Dialectici
1617 402 1740 439 solent,

1007 446 1188 486 disputare.
1222 446 1240 464 *Ψ
1258 448 1315 478 Or.
1340 448 1373 483 ii.
1398 450 1452 478 44.
1474 448 1502 478 si
1526 457 1560 477 se
1587 447 1681 483 dant,
1708 451 1744 476 et

1006 500 1066 519 sua
1082 495 1214 530 sponte,
1242 500 1307 529 quo
1329 491 1548 530 impellimus,
1574 490 1741 520 inclinant

1000 534 1131 571 judices
1148 539 1248 572 atque
1261 535 1468 574 propendent
1483 547 1488 564 ε
1514 535 1640 574 accipio
1654 532 1743 572 quod

1006 577 1117 612 datur,
1148 581 1182 606 et
1213 577 1253 607 ad
1285 578 1330 613 id,
1359 578 1448 608 unde
1489 577 1608 617 aliquis
1644 579 1742 607 flatus

1006 621 1208 657 ostenditur,
1224 623 1296 650 vela
1322 621 1374 651 do.
1421 621 1533 652 Flatus
1557 621 1611 651 hic
1637 620 1744 651 sumi-

1005 669 1074 700 tur,
1093 669 1129 693 ut
1145 674 1237 701 aura,
1259 665 1302 705 (V.
1320 664 1414 702 aura)
1430 675 1550 704 nempe
1565 675 1622 704 pro
1638 674 1678 694 ea
1694 673 1742 700 re,

1006 718 1079 746 quae
1108 711 1287 745 oratorem,
1320 708 1601 746 quemadmodum
1645 708 1743 737 flatus

1006 761 1094 781 autre
1112 752 1145 781 in
1163 751 1235 780 vela
1250 751 1401 781 incidens
1428 753 1463 781 in
1486 757 1621 790 portum
1645 751 1743 781 deve·

1006 794 1056 824 hit
1079 805 1211 831 navem,
1235 797 1285 825 ita
1303 795 1413 834 juvat,
1429 798 1468 824 ut
1494 795 1638 832 facilius,
1655 793 1745 834 quod

1007 838 1280 877 velit,judicibus
1307 839 1504 878 persuadere
1532 839 1647 878 possit.
1692 837 1743 868 Ea

1007 891 1056 911 res
1073 888 1123 912 cst
1135 882 1291 921 judicum
1309 882 1484 912 inclinatio
1500 888 1534 911 et
1551 882 1742 922 propensio,

1006 935 1105 964 quam
1122 927 1265 962 vocavit,
1282 935 1358 955 cum
1377 925 1468 955 videt
1483 932 1594 956 orator
1608 934 1662 954 eos
1682 934 1744 954 sua

1005 974 1124 1007 sponte
1159 968 1285 1008 aliquid
1315 969 1561 1007 quodammodo
1593 969 1742 1008 probare.

1006 1013 1092 1042 Cum
1123 1022 1202 1052 ergo
1233 1017 1345 1042 orator
1372 1013 1433 1042 hoc
1461 1012 1742 1049 animadvertens,

1005 1066 1077 1085 eam
1096 1057 1216 1086 remin
1233 1057 1348 1096 primis
1375 1061 1486 1096 urget,
1510 1057 1543 1086 in
1564 1066 1668 1094 eaque
1684 1065 1743 1085 au-

1005 1099 1113 1138 genda
1128 1104 1163 1130 et
1179 1099 1439 1130 demonstranda
1450 1101 1602 1140 copiosus
1618 1103 1681 1136 est,
1694 1099 1743 1129 di-

1005 1144 1093 1173 citur
1108 1143 1180 1173 vela
1194 1144 1272 1173 dare
1289 1143 1331 1173 ad
1348 1144 1393 1181 id,
1410 1144 1498 1174 unde
1515 1145 1614 1174 flatus
1630 1147 1743 1173 osten-

1004 1187 1105 1217 ditur.
1130 1187 1148 1205 *
1164 1187 1384 1224 velissemis,
1415 1187 1670 1227 proverbialiter
1692 1186 1741 1216 di-

1005 1231 1092 1260 citur
1122 1231 1161 1260 de
1200 1240 1333 1261 summa
1373 1232 1591 1261 contentione
1628 1230 1671 1260 ad
1699 1230 1741 1270 Q.

1006 1274 1056 1303 Fr.
1079 1275 1113 1305 ii.
1143 1277 1190 1305 15.
1220 1274 1395 1304 Laudatur
1417 1275 1518 1305 etiam
1544 1284 1583 1304 ex
1607 1274 1672 1305 Off.
1693 1274 1740 1304 iii.

1003 1320 1055 1348 3-3.
1080 1318 1159 1348 velis
1183 1318 1362 1357 equisque:
1389 1318 1447 1348 sed
1471 1318 1651 1357 legendum
1677 1322 1741 1355 est,

1002 1362 1080 1391 viris
1118 1363 1291 1401 equisque,
1324 1366 1363 1391 ut
1400 1365 1451 1392 est
1481 1363 1516 1392 in
1548 1361 1741 1391 melioribus

1002 1405 1077 1435 edd.

1049 1449 1149 1479 Vena.
1174 1449 1254 1478 Nat.
1268 1450 1311 1479 D.
1329 1450 1362 1479 ii.
1379 1452 1431 1480 55.
1455 1459 1540 1479 vena
1556 1459 1648 1486 cava,
1665 1457 1740 1487 quae

1003 1502 1021 1522 a
1039 1493 1153 1530 jecore
1178 1493 1218 1522 ad
1243 1503 1300 1522 cor
1313 1494 1472 1533 pertinet.
1495 1493 1514 1511 *³
1530 1503 1590 1532 pro
1606 1492 1739 1522 arteria.

1003 1536 1073 1566 Fat.
1090 1539 1119 1567 8.
1143 1537 1170 1566 si
1187 1537 1241 1566 cui
1258 1547 1343 1567 zrenoe
1358 1537 1404 1566 sie
1430 1541 1620 1573 moventur,
1638 1536 1664 1566 is
1680 1535 1741 1565 ha-

1001 1580 1059 1609 bet
1083 1580 1219 1610 febrem.
1249 1580 1335 1610 conf.
1354 1581 1430 1610 Div.
1445 1581 1478 1610 ii.
1496 1583 1548 1614 70.
1571 1579 1636 1610 vid.
1659 1579 1742 1610 Lex.

1002 1624 1095 1654 Fabr.
1121 1624 1139 1642 ⁷*
1155 1625 1248 1654 Orat.
1271 1625 1292 1654 i.
1310 1626 1361 1655 52.
1384 1633 1483 1654 venas
1496 1628 1613 1654 tenere
1630 1623 1742 1661 cujus-

1002 1678 1065 1706 que
1093 1668 1236 1706 generis,
1254 1668 1362 1697 aetatis
1391 1668 1450 1698 &c.
1477 1667 1509 1697 h.
1537 1677 1566 1697 e.
1593 1676 1742 1697 recessus

1002 1712 1205 1748 animorum,
1223 1712 1410 1751 opiniones,
1427 1711 1664 1751 propensiones
1683 1710 1743 1741 &c.

1002 1756 1121 1794 cuique
1137 1757 1264 1794 generi,
1278 1756 1383 1791 artati,
1401 1756 1555 1791 usitatas,
1565 1755 1667 1784 dueta
1675 1763 1745 1784 me-

1001 1799 1143 1838 taphora
1174 1809 1194 1829 a
1223 1800 1315 1828 venis
1342 1798 1472 1829 metalli
1504 1798 1743 1829 subterraneis.

1002 1843 1076 1872 Div.
1092 1843 1112 1872 i.
1130 1846 1164 1873 51
1175 1866 1181 1872 .

1047 1887 1212 1917 l'emtlmi.
1237 1887 1295 1916 Or.
1320 1889 1372 1920 70.
1397 1895 1505 1924 neque
1532 1895 1585 1915 me
1617 1885 1742 1916 divitiae

1003 1934 1152 1966 movent,
1183 1930 1303 1969 quibus
1340 1939 1457 1960 omnes
1496 1929 1669 1960 Africanus
1707 1933 1743 1959 et

1003 1973 1122 2004 Laelios
1161 1974 1260 2004 multi
1292 1974 1437 2003 venalicii
1471 1978 1741 2012 mercatoresque

1001 2022 1214 2057 superarunt.
1249 2017 1404 2047 Venalitz'z'
1432 2022 1512 2046 sunt
1543 2026 1740 2056 mangones,

1002 2062 1058 2100 qui
1086 2061 1235 2091 homines
1262 2061 1395 2091 venales
1418 2060 1558 2097 habent,
1576 2061 1666 2090 unde
1693 2060 1742 2090 fa-

1002 2105 1102 2134 miliae
1120 2106 1302 2135 venalitioe:
1335 2104 1496 2134 dicuntur
1518 2105 1618 2134 etiam
1641 2113 1741 2134 vena-

1002 2150 1127 2179 litim-ii.
1154 2148 1271 2188 ltaque
1296 2152 1330 2178 et
1359 2147 1446 2177 hanc
1472 2157 1587 2178 vocem
1617 2148 1741 2188 quippe

1002 2194 1166 2222 notiorem
1192 2193 1227 2222 in
1252 2192 1314 2222 hoe
1339 2201 1473 2231 genere,
1497 2191 1552 2221 hic
1577 2201 1749 2231 reponere-

1001 2236 1133 2266 volebat
1158 2236 1354 2273 Lambinus,
1378 2240 1467 2265 recte
1490 2240 1668 2275 propterea
1690 2244 1741 2265 re-

1001 2279 1183 2319 prehensus
1200 2290 1220 2309 a
1233 2279 1412 2309 Torrentio
1429 2279 1471 2309 ad
1492 2279 1629 2310 Sueton.
1653 2280 1742 2318 Aug.

1001 2333 1029 2353 c.
1046 2325 1099 2354 4⁶2.

1046 2367 1179 2405 Venari,
1205 2367 1407 2406 excogitare,
1429 2367 1643 2405 investigare,
1670 2371 1742 2396 stu-

1000 2411 1090 2441 diose
1108 2411 1303 2441 consectari.
1327 2411 1420 2441 Orat.
1437 2410 1471 2440 ii.
1498 2413 1550 2441 34.
1576 2420 1672 2440 nosse
1690 2419 1742 2440 re-

999 2455 1128 2494 giones,
1147 2455 1236 2484 intra
1259 2464 1340 2493 quas
1364 2463 1494 2490 venere,
1521 2454 1739 2493 pervestiges,

999 2498 1088 2537 quod
1108 2508 1250 2537 quaerar„
1272 2499 1343 2528 Att.
1360 2498 1424 2528 xvi.
1441 2501 1472 2531 7.
1494 2495 1663 2528 ἀθωναηάιν
1689 2507 1741 2528 ve-

998 2552 1101 2572 nans.
1588 2564 1591 2566 -

1045 2586 1197 2616 Venator.
1220 2585 1263 2616 N.
1280 2585 1324 2616 D.
1347 2585 1369 2614 i.
1400 2587 1452 2615 30.
1478 2584 1648 2625 physicus,
1664 2594 1739 2625 spe-

999 2629 1142 2667 culator,
1157 2634 1354 2669 venatorque
1369 2632 1511 2658 naturae.

1044 2673 1202 2711 Vendere,
1220 2683 1278 2712 pro
1300 2671 1488 2709 venditare,
1516 2671 1652 2702 laudare
1680 2671 1740 2702 ali·

998 2717 1089 2755 quid.
1112 2717 1184 2747 Att.
1201 2717 1270 2746 xiii.
1291 2718 1340 2746 12.
1365 2716 1580 2754 Ligarianam
1601 2715 1740 2756 praecla-

998 2770 1032 2790 re
1053 2761 1223 2791 vendidisti
1237 2773 1245 2789 :
1268 2759 1302 2789 h.
1331 2769 1360 2789 e.
1386 2759 1566 2796 laudando,
1583 2766 1623 2789 ut
1648 2759 1739 2798 lege-

997 2809 1091 2834 retur
1106 2804 1146 2834 ab
1163 2803 1368 2841 hominibus,
1385 2802 1506 2833 fecisti.
1523 2802 1564 2832 cf.
1587 2802 1739 2833 vendita-

999 2857 1044 2877 re.
1069 2848 1088 2866 *
1104 2848 1272 2886 corrumpi
1290 2857 1324 2877 se
1341 2847 1381 2876 ab
1407 2845 1520 2885 aliquo
1545 2847 1627 2886 pati.
1654 2846 1736 2878 Har.

998 2891 1038 2922 R.
1057 2893 1109 2924 22.
1132 2891 1270 2922 vendere
1283 2901 1317 2922 se
1334 2890 1446 2922 alicui.
1469 2890 1534 2922 Pis.
1552 2892 1606 2922 34.
