1920 3196
233 63 318 100 440

241 162 294 190 21.
322 170 375 190 me
393 161 501 201 ipsum
518 162 600 193 mihi
615 163 879 197 sollicitudinem
894 173 981 199 stru-

241 213 295 234 ere
312 213 423 242 cogor.
448 205 508 236 &c.

287 246 439 285 Studwv,
463 250 544 288 quid
571 251 628 288 sit,
653 261 693 281 ex
717 253 855 283 notione
881 254 981 285 studii

242 290 455 330 intelligetur
478 293 623 332 planius,
639 300 674 325 ct
697 296 880 326 notissimae
904 304 983 328 sunt

242 333 343 373 hujus
367 335 456 365 verbi
480 337 751 376 significationes.
798 339 912 370 Unum
938 341 984 371 lo-

242 387 320 407 cum
339 379 529 417 afferemus,
542 381 575 410 in
593 391 657 420 quo
674 389 724 412 est
740 393 817 422 pro:
841 383 984 415 familia-

243 430 314 452 rem
347 432 418 452 esse
449 423 558 454 alicui.
593 425 674 455 Coel.
706 428 737 456 4⁷.
776 427 874 458 multi
906 429 983 458 boni

241 464 470 496 adolescentes
494 468 693 499 studuerunt
718 469 765 508 illi
783 470 909 501 homini
927 482 984 501 nc-

241 518 355 547 quain.
385 510 444 549 (sc.
472 510 614 550 Clodio.)
648 522 707 552 pro
734 513 843 544 favere
871 515 982 545 alicui.

242 551 322 581 ibid.
354 553 484 584 studere
509 557 650 594 petenti.
676 566 721 586 sc.
751 557 983 589 Consulatum.

242 594 353 625 *cum
377 606 446 627 acc.
475 602 526 627 est
548 600 605 629 Or.
631 600 664 629 in
689 601 765 630 Sen.
791 611 823 640 p.
847 602 929 632 Red.
953 605 984 633 6.

243 648 322 669 cum
347 650 422 670 vero
445 640 559 671 literas
574 644 705 673 studere
720 644 849 684 incipit.
868 656 896 675 v.
914 651 983 676 not.

245 684 266 704 *²
279 682 393 714 Plane.
408 684 461 714 36.
486 686 610 717 auxilia
632 688 796 718 studentia
817 692 917 728 atquc
935 690 985 719 in-

247 726 362 756 citata.

289 768 450 809 Studiose,
464 782 552 813 saepe
569 778 604 804 et
620 784 698 803 cum
714 775 887 815 voluptate
904 787 984 816 qua-

245 813 334 844 dam.
364 815 398 845 in
416 816 529 846 Caecil.
551 819 600 847 12.
631 817 775 848 libenter
788 821 985 859 studioseque

245 857 370 888 audire.
400 858 501 890 Tusc.
519 870 549 890 v.
566 863 619 892 90.
649 863 786 892 studiose
802 863 836 892 id
851 863 986 894 factita-

243 901 315 938 bat,
345 902 416 932 scil.
447 903 516 943 pila
544 904 668 935 ludere.
700 907 742 937 ad
768 906 840 936 Att.
867 908 902 937 ii.
931 910 983 938 20.

243 944 352 975 literae
375 947 512 978 studiose
537 949 683 989 scriptae,
707 954 788 980 sunt
814 960 985 981 commen-

243 987 381 1019 datitiae.

289 1032 470 1072 studiosus,
486 1035 554 1065 tiro
579 1036 659 1065 artis
682 1036 836 1077 alicujus,
853 1039 910 1077 qui
928 1038 985 1068 ad-

245 1075 313 1106 huc
340 1076 447 1108 discit.
479 1078 558 1118 Opt.
587 1089 618 1118 g.
646 1080 678 1110 d.
703 1084 732 1112 5.
761 1082 874 1121 putavi
902 1082 983 1112 mihi

244 1121 495 1160 suscipiendum
511 1122 671 1161 laborem,
690 1124 807 1155 utilem
822 1126 982 1164 studiosis,

245 1163 328 1194 mihi
340 1165 474 1202 quidem
486 1166 546 1205 ipsi
557 1176 623 1196 non
638 1169 873 1199 necessarium.
888 1171 984 1207 item,

246 1207 303 1246 qui
328 1207 426 1238 discit
448 1208 575 1248 literas,
592 1216 630 1240 ut
651 1211 789 1243 Tuscul.
813 1214 834 1242 i.
852 1215 882 1243 3.
907 1214 985 1243 Gal-

244 1250 335 1287 bam,
351 1251 562 1291 Afrimnum,
579 1254 735 1293 Laelium,
752 1256 866 1286 doctos
883 1256 983 1287 fuisse

244 1295 406 1326 traditum
423 1301 486 1334 est,
498 1298 677 1328 studiosum
691 1305 805 1330 autem
823 1310 914 1338 eum,
927 1301 984 1340 qui

247 1338 287 1368 iis
305 1342 404 1369 aetate
421 1341 586 1378 anteibat,
603 1342 778 1373 Catonem.

290 1381 461 1414 Studium.
487 1383 559 1415 InV.
575 1386 596 1415 i.
611 1387 664 1416 25.
687 1388 834 1417 studium
845 1391 897 1418 est
913 1389 984 1418 ani—

242 1426 290 1456 mi
307 1427 441 1457 assidua
452 1433 486 1457 et
497 1428 675 1459 vehemens
692 1431 733 1460 ad
750 1431 895 1470 aliquam
914 1442 984 1462 rem

242 1470 413 1509 applicata
436 1481 559 1510 magna
582 1483 659 1502 cum
683 1474 858 1505 voluntate
886 1486 984 1506 occu-

243 1514 348 1553 patio,
372 1518 411 1544 ut
437 1515 665 1556 philosophiae,
690 1519 849 1557 poetices,
874 1520 984 1549 litera-

244 1566 332 1588 rum.
363 1559 453 1589 Hinc
475 1560 619 1590 stadium
648 1571 704 1600 pro
728 1572 849 1601 genere
873 1564 983 1602 aliquo

244 1602 327 1631 artis
349 1606 383 1632 et
411 1602 606 1642 disciplinae.
633 1605 690 1635 Or.
716 1606 736 1635 i.
766 1609 812 1636 11.
842 1608 910 1636 sint
933 1607 984 1637 hae

244 1654 296 1674 res
313 1644 348 1675 in
364 1645 436 1676 aliis
457 1647 654 1686 quibusdan]
678 1650 801 1679 studiis.
829 1651 908 1680 item
926 1661 984 1690 pro

245 1692 338 1718 secta
350 1688 463 1729 aliqua
475 1690 759 1731 philosophorum.
781 1693 911 1724 Murco.
929 1695 982 1725 36.

246 1732 365 1762 eodem
388 1743 427 1763 ex
449 1734 554 1764 studio
577 1735 749 1773 eruditus;
777 1737 816 1766 de
841 1738 984 1778 philoso-

244 1775 324 1815 phia
347 1777 469 1807 Stoica.
493 1778 551 1808 ubi
573 1789 602 1808 v.
627 1779 787 1810 Graevius.
811 1781 853 1811 cf.
879 1792 906 1812 c,
931 1785 983 1812 31.

244 1818 333 1849 Nam
346 1821 381 1849 in
393 1822 586 1852 universum
599 1827 649 1852 cst
661 1833 720 1863 pro
733 1834 772 1854 ea
784 1825 984 1864 cupiditate,

246 1873 372 1900 amore,
384 1864 460 1894 odio
473 1866 632 1904 partium,
645 1877 744 1905 quani
757 1878 815 1899 nos
829 1879 984 1899 vocamus

246 1906 299 1936 ‹lie
311 1907 609 1948 Partbeylichkeit.
635 1910 741 1940 Flacc.
760 1915 808 1942 10.
831 1913 903 1942 sine
917 1913 984 1943 ullo

245 1951 351 1981 studio
363 1951 483 1982 dicere.
500 1953 542 1982 ib.
556 1958 586 1987 9.
610 1955 755 1984 studium
767 1956 919 1986 testium.
943 1957 985 1986 ad

245 1994 324 2025 Div.
340 1995 362 2024 i.
381 1998 412 2029 7.
442 1997 587 2027 studium
610 1998 773 2028 iratorum
795 1999 982 2030 hominum.

245 2036 335 2068 Item
352 2048 410 2078 pro
425 2039 536 2069 favore
552 2041 585 2070 in
599 2042 757 2078 comitiis,
773 2044 985 2082 spectaculis.

246 2081 327 2120 Agr.
344 2083 378 2112 ii.
396 2086 427 2116 7.
449 2084 553 2114 studio
571 2089 605 2114 et
622 2085 779 2124 suffragio
793 2096 864 2117 suo.
887 2087 984 2118 Rosc.

249 2125 287 2156 C.
305 2129 354 2156 10.
377 2126 416 2156 de
429 2130 541 2157 actore
554 2140 560 2156 z
582 2128 669 2167 quod
679 2130 825 2159 stadium
839 2135 873 2160 et
886 2141 985 2169 quem

248 2168 395 2199 favorem
418 2180 530 2200 secum
548 2171 581 2201 in
599 2181 734 2202 scenam
751 2174 878 2204 attulit.
902 2175 984 2204 item

247 2222 307 2252 pro
333 2223 531 2253 quacunque
558 2215 741 2255 cupiditate
769 2217 910 2257 alicujus
938 2220 984 2248 rei

245 2256 410 2294 videndae,
435 2258 622 2296 audiendae,
647 2260 706 2289 &eu
732 2260 766 2289 in
792 2261 903 2292 Caeeil.
936 2265 984 2292 13.

240 2300 315 2339 jam
339 2310 429 2331 nunc
454 2306 566 2331 mente
591 2308 625 2332 et
642 2304 843 2342 cogitatione
859 2306 985 2345 prospi-

248 2345 313 2381 cio,
326 2354 399 2383 quae
416 2349 491 2375 tum
506 2346 615 2376 studia
632 2346 819 2385 hominum,
833 2349 888 2387 qui
907 2359 984 2379 con-

248 2397 365 2417 cursus
381 2388 487 2418 futuri
500 2394 590 2420 sunt.
606 2390 869 2430 ²¹¹⁵propensioncs
887 2398 985 2423 natu-

248 2430 333 2461 rales
357 2431 515 2462 dicuntur
545 2433 626 2463 Coel.
652 2436 681 2463 5.
710 2435 821 2464 studia
843 2440 983 2466 naturae.

248 2477 269 2496 *ἓ
283 2475 360 2505 vitae
375 2476 477 2506 etiam
490 2486 624 2515 genera,
638 2487 710 2515 quae
724 2478 795 2516 quis
813 2479 984 2518 amplexus

246 2524 310 2556 est,
327 2522 367 2549 ut
382 2520 452 2549 vita
467 2520 592 2549 rustica
609 2520 667 2551 &c.
690 2521 799 2551 studia
814 2521 983 2553 dicuntur.

247 2561 345 2592 Rosc.
368 2562 443 2592 Am.
464 2564 512 2593 16.
544 2563 674 2594 *Tusa
698 2565 732 2595 ii.
753 2568 801 2596 15.
832 2576 849 2596 e
865 2570 981 2606 poEta:

249 2605 368 2644 quibus
385 2606 508 2636 militia
522 2607 555 2636 in
568 2608 673 2638 studio
688 2612 748 2638 est.

294 2648 458 2687 Stultitia,
480 2651 682 2689 ignorantia,
706 2652 847 2682 inscitia.
879 2653 935 2683 Or.
962 2654 982 2684 i.

248 2692 302 2722 36.
340 2694 434 2733 turpi
461 2694 578 2724 tutelae
600 2695 728 2732 judicio
760 2702 860 2734 atque
891 2698 983 2727 omni

248 2735 415 2774 molestia,
426 2739 570 2768 stultitia
582 2738 758 2769 adversarii
773 2739 982 2770 liberaretur.

246 2779 324 2809 ibid.
338 2781 390 2813 27.
403 2782 540 2811 oratoris
554 2788 743 2822 peccatum,
754 2785 898 2814 stulticie&
907 2794 983 2824 pec-

246 2827 361 2852 catum
377 2824 518 2855 videtur.

287 2866 460 2909 Seupz‘dzcs,
473 2869 529 2909 qui
542 2870 729 2900 attentione
743 2873 841 2902 tanta
855 2870 984 2912 aliquid

784 78 929 108 INDEX
961 81 1060 109 LATI
1068 81 1093 109 N
1101 81 1215 108 ITATI
1222 81 1239 108 S
1246 97 1256 108 .

1026 174 1060 200 et
1076 169 1295 199 admiratione
1322 171 1462 208 spectat,
1481 168 1626 206 auditve,
1642 172 1683 198 ut
1698 169 1761 198 irn-

1025 213 1156 242 mobilis
1180 218 1213 241 et
1230 213 1299 242 sine
1316 221 1414 243 sensu
1431 222 1500 242 esse
1516 213 1676 243 videatur.
1700 213 1761 243 Pa-

1025 256 1136 286 radox.
1151 266 1179 285 v.
1193 258 1223 285 Q.
1249 255 1405 285 Echionis
1421 256 1579 286 tabulate
1592 256 1760 296 stupidum

1026 300 1167 335 detinet,
1185 303 1245 329 aut
1261 300 1393 338 signum
1412 299 1585 339 Polycleti.

1071 343 1203 382 Stupor,
1223 341 1408 374 o’cvoeaoSnoeo‘x.
1437 343 1537 373 Tusc.
1562 343 1607 372 iii.
1631 344 1662 374 6.
1694 347 1762 373 stu-

1021 396 1082 427 por
1107 387 1140 416 in
1161 395 1309 425 corpore.
1338 386 1420 415 Phil.
1439 387 1472 416 ii.
1489 389 1541 416 45.
1572 390 1610 416 ut
1626 387 1762 426 quidam

1026 430 1141 459 morbo
1165 430 1275 468 aliquo
1295 434 1328 459 et
1346 439 1460 459 sensus
1475 434 1601 469 stupore
1616 431 1764 460 suavita-

1026 478 1096 503 tem
1121 473 1186 503 cibi
1204 483 1271 503 uon
1288 474 1449 503 sentiunt.
1480 474 1498 492 *ὅ
1510 474 1650 504 tarditas
1667 484 1762 504 men-

1027 517 1070 546 tis
1088 517 1121 546 in
1138 516 1354 555 assequendo,
1369 517 1587 556 intelligendo
1603 518 1663 547 &a
1679 518 1760 547 item

1027 570 1103 589 cum
1122 561 1231 600 ipsum
1248 570 1461 590 communem
1479 568 1608 590 naturae
1624 570 1761 591 sensum

1028 604 1256 643 repudiamus,
1267 609 1306 633 ut
1318 603 1446 634 faciunt
1458 604 1559 641 tardi,
1573 614 1653 643 quos
1671 614 1763 634 eom-

1028 648 1121 677 muni
1139 657 1238 677 sensu
1255 657 1366 677 carere
1384 648 1511 679 dicunt.
1534 648 1636 678 Dom.
1653 649 1707 678 36.

1073 690 1240 721 Szccwitas.
1271 691 1328 721 Or.
1360 692 1406 721 iii.
1435 692 1488 722 96.
1526 692 1673 722 suavitas
1703 701 1762 721 au-

1027 739 1117 765 stera
1139 738 1174 764 et
1196 734 1312 772 solida,
1338 744 1404 764 non
1428 735 1532 764 dulcis
1556 738 1590 764 et
1611 735 1760 765 decocta.

1027 778 1046 796 *
1058 783 1109 808 est
1123 779 1267 808 hominis
1282 778 1461 815 commodi,
1475 779 1530 816 qui
1547 779 1673 808 nemini
1690 788 1762 808 mo-

1027 821 1130 851 lestus
1146 826 1209 859 est,
1227 822 1352 851 nemini
1370 831 1489 851 nocere
1513 822 1594 851 vult.
1626 821 1668 851 ad
1683 822 1761 852 Div.

1027 876 1057 895 v.
1083 868 1134 897 520.
1166 865 1253 904 quod
1278 866 1304 895 si
1333 865 1414 895 mihi
1447 875 1592 905 expensa
1619 865 1684 895 ista
1707 873 1760 895 ns.

1027 916 1164 939 centuni
1196 909 1342 946 tulisses,
1367 914 1495 945 tamen,
1523 919 1596 948 quae
1621 913 1682 938 tua
1710 913 1762 939 est

1026 954 1186 989 suavitas,
1210 953 1331 992 quique
1357 953 1391 982 in
1414 962 1467 981 me
1492 962 1597 990 amor,
1614 951 1719 982 nolles
1742 962 1762 982 a

1028 1007 1081 1026 me
1094 997 1156 1026 hoc
1167 1000 1316 1036 tempore
1329 996 1586 1026 aestimationem
1599 997 1761 1036 accipere.

1029 1050 1105 1070 nam
1123 1046 1339 1070 numeratum
1355 1040 1381 1070 si
1397 1049 1567 1079 cuperem,
1585 1049 1652 1069 non
1669 1043 1751 1070 erat.

1072 1082 1151 1114 Sub.
1180 1084 1238 1114 sub
1258 1093 1370 1113 manu.
1396 1094 1426 1112 v·
1444 1093 1575 1113 manus.
1604 1083 1663 1113 sub
1678 1093 1763 1122 prae-

1028 1137 1121 1158 cone.
1153 1138 1182 1157 v.
1207 1127 1379 1166 subjicere.
1410 1127 1525 1166 *posu
1556 1126 1598 1156 ad
1620 1127 1696 1157 Div.
1727 1137 1760 1157 x.

1032 1172 1080 1202 16.
1108 1172 1166 1201 sub
1182 1181 1237 1201 eas
1254 1171 1365 1201 literas
1383 1170 1498 1200 statim
1515 1171 1665 1200 recitatae
1680 1174 1762 1200 sunt

1026 1220 1106 1245 tuae.
1137 1215 1215 1245 ibid.
1238 1215 1304 1244 viii.
1328 1217 1359 1245 4.
1394 1223 1470 1244 cum
1495 1213 1603 1243 Gallia
1625 1219 1760 1245 coactus

1027 1264 1113 1288 esset
1134 1259 1310 1298 Pompeius
1327 1258 1448 1295 dicere,
1465 1268 1498 1287 se
1514 1257 1681 1296 legionem
1705 1258 1763 1287 ab·

1027 1302 1221 1339 ducturum,
1237 1302 1295 1331 sed
1318 1311 1385 1331 non
1408 1302 1521 1331 statim
1537 1302 1594 1331 sub
1619 1302 1764 1331 mentio-

1027 1356 1105 1376 nem
1122 1350 1155 1376 et
1171 1346 1356 1376 convicium
1374 1346 1650 1375 obtrectatorum.

1073 1389 1233 1420 Subaclio.
1265 1390 1323 1420 Or.
1348 1389 1381 1419 ii.
1402 1392 1453 1419 30.
1483 1389 1624 1419 subactio
1646 1392 1761 1420 autem

1028 1437 1078 1463 est
1095 1444 1187 1470 usus,
1204 1433 1344 1470 auditio,
1360 1432 1474 1470 lectio,
1490 1432 1608 1462 literae.

1072 1477 1245 1514 Sabaccus,
1263 1477 1303 1506 de
1325 1481 1416 1506 terra
1433 1486 1519 1516 saepe
1536 1481 1641 1512 arata,
1658 1475 1762 1505 culta.

1028 1521 1111 1551 Cato
1142 1525 1191 1555 17.
1230 1519 1352 1550 humus
1380 1521 1514 1550 subacta
1540 1524 1640 1558 atque
1667 1529 1762 1559 pura.

1027 1565 1105 1594 ibid.
1133 1568 1182 1596 15.
1214 1574 1290 1594 cum
1314 1568 1403 1594 terra
1426 1564 1553 1603 gremio
1577 1562 1706 1593 mollito
1722 1572 1761 1593 ae

1025 1610 1154 1639 subacto
1177 1618 1291 1638 semen
1308 1618 1458 1648 sparsum
1483 1608 1624 1646 excepit.
1641 1606 1760 1637 deinde

1026 1653 1227 1682 transfertur
1249 1651 1420 1691 eleganter
1434 1651 1475 1680 ad
1489 1651 1674 1690 ingenium.
1703 1650 1762 1681 Or.

1027 1696 1061 1725 ii.
1087 1699 1139 1726 30.
1172 1697 1300 1726 subacto
1325 1695 1406 1725 mihi
1434 1695 1568 1734 ingenio
1591 1703 1672 1734 opus
1696 1696 1760 1731 est,

1027 1745 1065 1769 ut
1083 1749 1162 1779 agro
1178 1749 1244 1769 non
1264 1738 1367 1769 semel
1383 1742 1487 1776 arato,
1503 1738 1560 1768 sed
1576 1742 1696 1767 novato
1711 1741 1763 1767 at-

1027 1793 1090 1822 que
1115 1783 1247 1812 iterato.
1278 1782 1343 1813 vid.
1358 1783 1519 1812 subactio.
1551 1781 1762 1818 *em-citus,

1027 1830 1174 1857 vexatus.
1203 1826 1302 1857 Tuse.
1330 1827 1376 1856 iii.
1403 1828 1456 1858 28.
1485 1825 1636 1856 subactus
1662 1825 1762 1855 mise-

1027 1870 1095 1900 riis.

1072 1914 1226 1952 Seth-dere,
1243 1913 1455 1948 substituere.
1485 1911 1585 1942 Dom.
1605 1914 1658 1943 32.
1689 1912 1762 1951 quis

1027 1958 1060 1986 in
1086 1968 1197 1988 meum
1227 1957 1337 1988 locum
1359 1957 1509 1996 judicem
1537 1957 1689 1987 subdidit.
1719 1955 1762 1987 cf.

1029 2000 1070 2031 ad
1087 2001 1163 2031 Div.
1180 2013 1210 2032 x.
1228 2003 1280 2032 21.

1071 2045 1237 2076 Szcbclitus.
1258 2045 1351 2077 Verr.
1370 2045 1391 2075 i.
1407 2046 1437 2075 5.
1458 2043 1577 2074 subditi
1594 2043 1628 2073 in
1645 2052 1762 2074 eorum

1026 2087 1150 2118 locum.

1071 2131 1256 2163 Subductio.
1288 2133 1344 2163 Or.
1370 2133 1404 2162 ii.
1428 2134 1480 2162 30.
1510 2131 1624 2161 statim
1647 2139 1763 2160 occur-,-

1027 2175 1071 2205 rit
1095 2176 1239 2206 naturali
1262 2177 1404 2215 quadam
1421 2175 1611 2215 prudentia,
1628 2183 1694 2204 non
1711 2173 1762 2204 his

1025 2220 1295 2257 subduc—tionibus,
1323 2229 1403 2259 quas
1434 2219 1490 2248 isti
1520 2218 1654 2254 docent,
1683 2217 1763 2267 qui—d

1025 2262 1128 2294 faciat
1151 2273 1296 2293 causam.
1328 2262 1558 2293 Subduc-tiones
1583 2265 1662 2291 sunt
1684 2265 1764 2291 arti-

1027 2306 1115 2344 ficia,
1135 2308 1254 2346 quibus
1278 2306 1537 2337 commentaturi
1561 2309 1706 2335 utuntur
1727 2305 1762 2334 in

1027 2351 1218 2389 cogitando,
1247 2361 1324 2380 cuin
1358 2354 1526 2389 quaerunt,
1553 2348 1632 2387 qnid
1661 2348 1764 2378 faciat

1027 2403 1175 2431 causam,
1195 2394 1274 2434 quid
1291 2395 1403 2424 veniat
1419 2394 1453 2423 in
1463 2393 1642 2431 judicium.
1672 2392 1762 2422 Nam

1026 2438 1212 2474 subducere,
1246 2438 1334 2477 quod
1377 2441 1427 2467 est
1465 2437 1649 2466 rationibus
1687 2445 1763 2475 pro-

1026 2481 1151 2520 prium,
1183 2481 1222 2511 de
1255 2480 1514 2520 cogitationibus
1548 2485 1583 2509 et
1621 2479 1763 2509 medita·

1025 2524 1172 2555 tionibus
1196 2525 1262 2555 (lici
1284 2529 1402 2555 notum
1427 2528 1489 2554 est.
1520 2533 1548 2554 v.
1572 2523 1643 2554 Att.
1662 2533 1692 2553 v.
1710 2525 1777 2568 21.>Δ

1027 2567 1069 2598 ad
1085 2568 1160 2598 Div.
1178 2569 1197 2598 i.
1214 2573 1245 2603 9.
1260 2603 1265 2607 ¹

1073 2611 1268 2649 Subductas,
1293 2612 1333 2642 de
1363 2612 1500 2642 navibus
1526 2610 1662 2647 dicitur,
1687 2619 1761 2648 quae

1026 2655 1165 2685 hiberno
1186 2660 1336 2696 tempore
1352 2666 1369 2685 e
1386 2656 1470 2686 mari
1486 2658 1644 2684 extraetae
1661 2657 1762 2692 sunt;

1027 2699 1121 2737 eique
1138 2701 1320 2740 opponitur
1336 2699 1509 2729 deductus.
1532 2698 1628 2728 Offie.
1644 2697 1690 2727 iii.
1711 2699 1760 2727 11.

1027 2742 1165 2773 classem
1190 2743 1534 2778 Lacedaemoniorum,
1551 2750 1624 2780 quae
1645 2740 1764 2772 subde&

1025 2791 1079 2816 cta
1103 2792 1189 2817 esset
1212 2787 1254 2817 ad
1277 2786 1458 2827 Gytheum,
1482 2784 1569 2816 clam
1592 2793 1686 2825 posse
1709 2784 1762 2813 in-

1026 2829 1132 2860 cendi.

1071 2871 1244 2916 Sulgjectio,
1261 2874 1296 2905 in
1315 2872 1487 2906 rhetoricis
1504 2871 1607 2913 quid?
1633 2869 1760 2911 Heren.
