1920 3196
256 89 341 126 420

287 185 289 188 ’
309 186 429 226 Scopoe.
454 184 525 215 Att.
537 185 592 215 vii.
612 187 660 215 13.
684 184 722 214 L.
742 184 907 214 Caesarem
925 183 991 215 vidi

260 220 343 260 *irum
369 229 616 259 absurdissimis
646 228 827 265 mandatis,
847 238 914 257 non
940 227 999 259 ho-

269 274 409 310 minem,
427 272 484 302 sed
504 282 613 312 scopas
636 271 773 302 solutas,
798 273 856 301 Or.
874 275 925 305 71.
941 271 997 301 isti

270 325 383 347 autem
402 326 478 346 cum
494 315 679 345 dissolvunt
695 316 998 345 orationem—non

272 361 440 400 clypeum,
456 359 527 396 sed,
551 365 588 389 ut
606 359 639 388 in
663 359 836 398 proverbio
858 362 922 396 est,
936 368 999 388 sco-

268 415 330 445 pas
348 404 429 433 mihi
448 403 607 432 videntur
623 402 811 432 dissolvere.

318 447 515 487 Scopulosus,
534 446 684 476 difficilis.
702 446 735 475 in
754 445 865 475 (hecil.
886 447 934 474 ll.
953 445 1002 473 in-

273 492 402 531 telligo,
431 501 530 529 quani
559 492 712 529 scopuloso
739 488 931 526 difficilique
967 489 1001 517 in

275 536 345 565 loco
361 544 481 564 verser.
505 534 653 563 defendit
680 533 740 562 hoc
758 532 893 561 vei-buin
918 533 1003 561 Dra-

277 579 377 608 kenb.
392 577 433 607 ad
448 577 504 607 Sil.
523 578 577 606 vii.
596 579 670 610 274.

320 622 489 661 Scopulus.
507 622 540 650 in
557 621 705 650 oratione
723 629 759 648 ac
777 619 1003 658 disputatione

275 667 407 704 scopuli,
429 665 590 694 dicuntur
634 663 696 693 loci
723 663 937 697 difficiliores,
963 662 1002 691 de

277 709 396 748 quibus
414 708 546 737 difficile
564 710 614 737 (st
631 707 750 736 divtre.
776 706 855 735 (luel.
872 708 922 735 (21.
940 716 1004 734 ειη-

272 754 367 793 pulos
383 756 601 792 praetervecta
624 751 740 780 oratio.
766 750 783 767 ἦ·
802 759 859 789 pro
880 753 1005 785 monte,

276 807 315 826 ex
344 796 452 826 Ennio
476 801 538 824 est.
572 795 666 824 Brut.
702 797 750 824 18.
786 803 863 822 euni
894 802 1001 830 neque

277 840 452 870 Musarum
481 840 622 878 scopulos
657 839 833 877 quisquam
868 846 1007 876 supera-

278 887 339 914 rat.

324 927 452 958 Scriba.
476 935 600 965 genera
615 925 798 954 scribarum
816 923 880 952 duo
897 923 1003 960 fuere,

279 971 420 1001 alterum
446 970 666 1009 privatorum,
684 968 827 997 alterum
855 966 1005 1006 publico-

279 1025 366 1044 rum.
413 1013 535 1043 Privati
563 1018 642 1042 sunt
662 1012 836 1041 hominum
862 1011 1005 1049 privato-

281 1068 354 1088 rum
372 1057 469 1093 servi,
487 1062 524 1086 ut
541 1056 582 1085 ad
598 1056 673 1086 Div.
687 1066 715 1084 v.
728 1057 781 1086 ⁶20.
807 1054 930 1094 publici
949 1064 1006 1084 au-

281 1110 349 1131 tem
367 1106 447 1132 sunt
462 1101 613 1130 homines
627 1097 801 1134 lil)eri‚sed
818 1098 938 1137 plebeii
954 1109 1007 1128 or-

281 1145 380 1181 dinis,
397 1144 615 1184 inprimisque
630 1143 791 1179 libertini,
809 1142 864 1180 qui
883 1143 916 1171 in
937 1151 1007 1171 ecr-

281 1194 332 1219 tas
361 1189 510 1218 decurias
541 1187 709 1226 descripti,
746 1185 933 1215 mercedem
966 1195 1004 1214 cx

278 1233 393 1263 aerario
408 1231 628 1271 accipiebant.
653 1230 747 1260 Sorte
764 1229 1008 1258 distribueban-

278 1281 335 1307 tur
360 1277 450 1306 inter
474 1275 702 1313 magistratus.
727 1273 827 1302 Dom.
850 1274 901 1303 ί29.
924 1274 1005 1302 scri-

280 1321 325 1350 boe
341 1320 514 1349 nobiscum
531 1319 564 1348 in
582 1317 766 1348 rationibus
781 1315 923 1356 publicis
936 1326 1003 1345 mo-

279 1363 516 1401 numentisque
553 1366 739 1391 versantur.
779 1359 914 1390 Cluent.
951 1362 1004 1391 45.

276 1409 380 1438 scriba
396 1406 566 1437 aedilitius.
584 1416 623 1435 ex
640 1414 705 1444 quo
732 1403 804 1434 loco
827 1403 930 1433 etiam
956 1405 1006 1433 in-

276 1451 454 1491 telligitur,
484 1453 643 1490 praetores
681 1447 858 1486 aedilesque
889 1447 1006 1486 legisse

276 1495 411 1525 scribas.
456 1494 543 1524 Ante
568 1503 587 1522 a
618 1492 837 1531 qurestoribus
870 1491 1005 1521 urbanis

278 1539 381 1569 lectos
410 1538 525 1574 fuisse,
548 1536 683 1574 colligas
715 1545 732 1564 e
758 1534 851 1564 Livio
877 1535 920 1565 xl.
953 1536 1005 1569 99.

279 1583 372 1613 Vei-r.
390 1582 436 1611 iii.
454 1585 506 1615 78.
540 1579 870 1619 scriba—apparitor.
892 1578 934 1608 cf.
957 1580 1006 1608 Si-

280 1636 357 1666 gon.
374 1625 412 1655 A.
429 1625 460 1655 J.
480 1625 515 1654 C.
535 1625 572 1655 R.
591 1625 624 1654 ii.
654 1626 704 1653 15.
729 1623 825 1652 Brut.
854 1625 906 1653 84.
932 1632 1007 1661 gra-

279 1669 436 1700 tiosisint
460 1669 572 1699 scriba?
599 1668 633 1697 in
661 1667 769 1696 dando
793 1666 1007 1705 cedendoque

279 1713 364 1750 loco,
381 1712 451 1742 scil.
469 1722 544 1742 eum
557 1711 724 1750 judicium
750 1710 921 1749 publicum
950 1710 1007 1740 ha-

280 1758 388 1787 betur.
420 1757 514 1786 Verr.
546 1756 592 1785 iii.
623 1759 675 1789 79.
711 1753 791 1783 ordo
822 1755 1007 1784 scribarum

279 1801 440 1831 honestus
462 1804 522 1830 cst.
545 1799 617 1838 quis
634 1799 761 1837 negat?
788 1803 839 1828 cst
858 1808 934 1827 vero
950 1797 1009 1827 ho-

280 1849 408 1881 nestus,
425 1843 513 1882 quod
530 1852 644 1872 eorum
670 1842 845 1871 hominum
864 1841 939 1871 fidei
956 1846 1008 1871 ta-

278 1888 365 1918 bulae
383 1887 522 1927 publieae
540 1892 573 1916 et
583 1884 732 1926 pericula
748 1886 1008 1924 magistratuum

280 1932 553 1962 committuntur.
581 1931 625 1960 ib.
659 1930 782 1965 scribse,
822 1929 877 1968 qui
916 1928 1008 1967 digni

279 1980 360 2006 sunt
375 1975 431 2004 illo
447 1974 576 2011 ordine,
592 1972 861 2013 patresfamilias,
874 1973 933 2002 viri
951 1973 1007 2003 bo-

281 2020 314 2049 ni
328 2024 429 2058 atque
453 2017 672 2048 honesti—ad
698 2026 752 2046 eos
779 2026 832 2046 me
862 2026 1004 2055 revoca3

279 2062 347 2092 noli
364 2063 423 2092 hos
447 2062 614 2100 colligere,
633 2061 687 2100 qui
720 2059 868 2089 numulis
898 2070 1008 2090 corro-

279 2107 363 2146 gatis
382 2106 420 2136 de
438 2112 598 2145 nepotum
617 2105 724 2141 donis,
748 2114 786 2133 ae
804 2103 842 2133 de
860 2105 1008 2134 scenico-

279 2161 354 2181 rum
366 2149 559 2187 corollariis,
571 2159 648 2178 cuni
661 2148 830 2177 decuriam
842 2153 1005 2185 emerent,

279 2204 319 2224 ex
337 2195 444 2234 primo
460 2193 575 2223 ordine
592 2192 817 2232 explosorum,
834 2192 867 2220 in
888 2201 1007 2221 secun-

280 2237 360 2268 dum
387 2237 536 2267 ordinem
570 2232 716 2266 civitatis
738 2245 772 2265 se
805 2235 932 2264 venisse
961 2234 1008 2265 di-

281 2280 619 2312 cunt.—-—mirabimur
649 2285 764 2318 turpes
802 2279 928 2317 aliquos
963 2280 1008 2309 ihi

280 2335 364 2361 esse,
381 2335 445 2364 quo
463 2324 565 2354 cuivis
584 2324 661 2353 licet
678 2324 784 2362 pretio
810 2323 1005 2362 pervenire?

281 2369 329 2399 Ex
358 2368 419 2398 hoc
450 2367 522 2397 loco
553 2367 593 2397 de
619 2367 795 2397 honestate
826 2366 1007 2396 scribarum

282 2411 492 2453 publicorum
508 2411 653 2449 judicari
681 2415 804 2450 potest,
822 2419 922 2448 quam
946 2411 1009 2440 im-

283 2456 447 2496 pugnavit
472 2455 587 2494 Sigon.
616 2454 655 2485 A.
685 2453 716 2484 J.
735 2454 772 2484 C.
792 2453 830 2483 R.
849 2454 881 2483 ii.
899 2458 930 2487 9.
954 2454 1011 2484 de-

282 2500 427 2530 fendunt
456 2499 597 2528 Guther.
627 2497 701 2528 Jur.
735 2496 857 2528 Pontif.
892 2497 926 2527 ii.
960 2501 1008 2528 13.

282 2544 428 2574 fabrett.
447 2541 551 2572 Inscr.
569 2552 597 2571 c.
615 2543 644 2571 6.
661 2552 692 2581 p.
709 2544 784 2571 458.
801 2550 827 2570 s.
846 2544 880 2569 et
903 2541 1010 2571 Graev.

281 2588 323 2618 ad
340 2588 440 2618 Dom.
458 2588 510 2617 28.
534 2586 586 2617 De
603 2585 732 2614 vilitate
749 2594 864 2614 eorum
881 2590 916 2614 et
932 2595 1011 2615 eon-

279 2636 393 2662 temtu
421 2634 528 2670 agunt
558 2629 662 2658 etiam
690 2628 815 2658 Ferrar.
845 2628 885 2657 de
917 2629 1009 2667 Orig.

281 2675 379 2706 Rom.
397 2684 429 2714 p.
451 2676 499 2703 14.
524 2682 549 2702 s.
567 2673 600 2702 in
617 2677 644 2702 t.
671 2672 692 2701 i.
714 2671 814 2701 Thes.
840 2671 947 2702 Graev.
974 2673 1008 2701 in

279 2729 344 2757 quo
361 2718 390 2748 ei
415 2716 598 2747 assentitur
624 2714 804 2755 Spanhem.
828 2715 867 2744 de
881 2715 952 2746 Usu
975 2722 1009 2746 et

279 2763 395 2792 Praest.
411 2761 515 2791 Num.
540 2765 566 2790 t.
596 2760 616 2789 i.
644 2770 675 2799 p.
707 2762 782 2792 705.
816 2759 867 2788 Dc
898 2760 1010 2790 scribis

279 2807 375 2837 Rom.
399 2812 450 2834 est
474 2804 577 2833 etiam
605 2803 703 2832 docta
725 2806 759 2831 et
781 2803 932 2841 inprimis
963 2802 1010 2832 le-

279 2849 390 2889 genda
420 2847 509 2878 Diss.
535 2845 777 2877 Eschenbachii
804 2846 895 2876 inter
918 2847 1008 2877 Diss.

278 2892 379 2925 Acatl.
397 2902 429 2932 p.
446 2892 521 2926 257.

775 96 785 123 Ι
793 96 817 123 N
824 95 919 123 DEX
949 95 1083 123 LATIN
1091 95 1206 123 1'1'AT1
1213 95 1246 122 S.

1083 185 1243 221 Scribere,
1257 183 1417 214 dicuntur
1431 182 1525 221 JCti,
1541 192 1618 213 curn
1641 181 1769 219 formu-

1039 229 1085 259 las
1103 227 1241 258 cavendi
1267 228 1326 257 &m
1343 231 1550 267 componunt
1561 225 1770 266 petentibus.

1039 272 1128 302 Mur.
1145 276 1175 306 9.
1189 271 1320 300 Servius
1332 270 1418 300 hanc
1436 272 1595 301 urbanam
1614 269 1770 299 militiam

1039 314 1274 354 respondendi,
1300 314 1470 351 scribendi,
1493 313 1773 344 cavendi—secu-

1040 364 1094 388 tus
1119 364 1190 388 est:
1210 359 1268 395 jus
1297 358 1393 388 civile
1421 358 1548 388 didicit.
1574 357 1634 387 &c.
1659 355 1702 385 cf.
1730 354 1773 385 ad

1040 403 1116 432 Div,
1135 402 1190 431 vii.
1213 404 1261 431 14.
1287 401 1341 430 ubi
1366 412 1396 431 v.
1425 401 1552 432 Victor.
1577 404 1611 429 et
1636 399 1771 429 Manat.

1042 445 1084 474 cf.
1112 446 1255 474 Gronov.
1279 446 1364 475 Sest.
1392 456 1424 485 p.
1448 446 1522 475 644.
1548 445 1566 462 ᾖ
1583 446 1615 473 S.
1632 454 1662 483 p.
1679 443 1720 472 R.
1738 445 1770 472 4.

1041 488 1111 518 Att.
1130 489 1172 518 iv.
1195 491 1242 518 18.
1266 489 1428 519 scribendo
1445 488 1572 524 adesse,
1591 488 1652 517 int.
1668 488 1772 516 Sena-

1041 536 1097 562 tus
1115 531 1287 562 Consulto.
1312 531 1434 562 dicitur
1459 532 1498 561 de
1523 531 1586 567 his,
1613 531 1667 568 qui
1686 530 1773 559 SCto

1045 575 1409 615 noniinasnapraeponi
1426 580 1557 612 curant,
1570 579 1609 604 ut
1626 575 1659 603 in
1677 582 1773 603 suam

1043 619 1195 658 inprimis
1214 620 1417 649 sententiam
1441 619 1568 649 factum
1586 627 1656 647 esse
1674 616 1774 646 intel-

1044 662 1181 699 ligatur,
1198 663 1286 701 quod
1303 662 1434 692 honoris
1447 672 1546 692 causa
1563 661 1676 697 fiebat,
1694 669 1771 690 cum

1046 706 1085 734 dc
1103 706 1282 735 honoribus
1303 712 1338 735 et
1363 706 1544 736 commodis
1563 705 1703 743 alicujus
1721 713 1770 733 es-

1046 756 1095 778 set
1108 749 1244 779 SCtum.
1264 749 1324 779 Pro
1347 760 1385 779 eo
1409 750 1450 779 ad
1467 750 1543 779 Div.
1567 749 1623 778 xii.
1640 750 1692 781 29.
1709 751 1772 783 est,

1046 803 1117 822 (sse
1146 793 1187 822 ad
1214 793 1446 822 scribendum:
1482 792 1684 822 Consulibus
1709 790 1774 820 illis

1047 846 1219 875 nunquam
1236 836 1300 866 fuit
1315 836 1355 866 ad
1371 836 1587 866 scribendum.
1622 835 1641 853 *
1656 834 1726 864 Att.
1744 844 1773 864 ν.

1050 883 1098 909 ll.
1114 881 1252 910 scribere
1266 880 1304 909 de
1323 880 1432 918 aliquo
1449 879 1585 918 aliquid.
1602 880 1623 908 i.
1637 888 1665 908 e.
1681 887 1772 907 com-

1048 924 1218 962 mendare,
1248 924 1393 953 laudare.
1438 924 1492 953 Sie
1515 926 1566 953 est
1589 928 1624 953 et
1646 921 1716 952 Att.
1747 922 1770 951 i.

1053 970 1100 1000 19.

1091 1010 1298 1051 scriptitare,

1045 1054 1102 1084 Or.
1120 1055 1140 1084 i.
1158 1058 1210 1085 33.

1092 1098 1248 1138 Scriptum
1267 1097 1305 1127 de
1323 1099 1439 1128 scriba.
1464 1098 1558 1127 Orat.
1582 1097 1603 1127 i.
1619 1100 1671 1128 30.
1695 1096 1715 1115 *Ψ
1731 1095 1772 1125 ad

1046 1142 1122 1172 Div.
1135 1142 1168 1172 ii.
1185 1145 1215 1172 4.
1241 1142 1497 1171 domesticarum
1517 1151 1626 1171 rerum
1643 1142 1775 1180 scripto-

1047 1196 1098 1215 res
1113 1191 1148 1215 et
1164 1186 1289 1215 nuncii.
1307 1186 1328 1214 i.
1345 1195 1374 1215 e.
1400 1186 1457 1224 qui
1482 1185 1541 1215 tibi
1569 1185 1717 1214 scribant
1733 1183 1773 1213 de

1047 1230 1143 1259 rebus
1160 1229 1248 1259 dom.
1265 1239 1291 1259 s.
1310 1239 1368 1268 per
1383 1228 1496 1258 literas
1512 1228 1687 1258 nuncient.

1093 1273 1269 1312 Scriptzmz.
1293 1274 1350 1303 Or.
1368 1273 1388 1302 i.
1406 1276 1459 1303 31.
1483 1273 1595 1312 scripti
1612 1272 1776 1310 interpre-

1046 1317 1142 1346 tatio.
1169 1317 1294 1346 Caecin.
1312 1318 1364 1347 23.
1389 1317 1482 1354 sequi
1506 1317 1663 1355 scriptum
1685 1315 1775 1354 (lite-

1046 1371 1097 1390 ras
1115 1365 1148 1390 et
1165 1359 1275 1399 verba)
1293 1359 1543 1390 calumniatoris
1558 1369 1639 1389 esse.
1663 1359 1775 1398 Oppo-

1049 1405 1142 1434 nitur
1153 1404 1342 1434 sententiae.

1092 1448 1294 1488 &crepam-mn
1324 1446 1432 1476 ludus.
1457 1448 1513 1477 Or.
1531 1447 1551 1475 i.
1577 1449 1629 1477 50.
1653 1445 1776 1475 duode-

1048 1492 1112 1522 cim
1129 1493 1257 1531 scripfffs
1284 1491 1408 1520 ludere.
1444 1491 1495 1521 Fr.
1516 1489 1688 1520 Hortensii
1720 1499 1773 1528 ap.

1049 1536 1197 1565 Nonium
1215 1536 1248 1565 in
1265 1536 1396 1574 scripto.
1421 1534 1676 1565 Nominativum
1694 1533 1775 1563 faci-

1046 1584 1111 1609 unt
1138 1580 1308 1618 seriptum,
1326 1582 1365 1608 ut
1387 1579 1430 1608 sit
1454 1577 1564 1608 areola
1585 1577 1681 1607 lineis
1713 1577 1776 1607 cir-

1049 1624 1264 1663 cumscripta,
1295 1625 1333 1652 ut
1367 1621 1562 1658 Salmasius,
1595 1620 1773 1657 Gesnerus,

1049 1667 1125 1697 alii:
1150 1672 1251 1697 recte.
1280 1675 1357 1695 nam
1379 1670 1413 1694 et
1429 1665 1669 1695 diminutivum
1696 1666 1776 1694 seri-

1039 1712 1178 1751 ps‘zclum
1196 1715 1266 1740 cst:
1292 1709 1356 1739 vid.
1380 1709 1496 1739 Heius.
1514 1709 1554 1739 ad
1570 1708 1664 1739 Ovid.
1681 1709 1719 1739 A.
1735 1708 1775 1739 A.

1048 1755 1082 1784 ii.
1102 1756 1174 1785 5204.
1200 1754 1245 1784 iii.
1273 1754 1348 1783 363.
1372 1756 1405 1782 et
1431 1760 1554 1782 trames
1580 1754 1773 1791 scriptorum

1050 1798 1186 1834 dicitur,
1204 1807 1303 1836 quem
1327 1796 1446 1826 calculi
1474 1796 1684 1826 deeurrrunt.
1707 1795 1777 1826 Ali-

1048 1847 1101 1872 ter
1117 1842 1240 1871 sentire
1257 1840 1350 1870 video
1375 1840 1546 1870 Pearcium
1565 1840 1606 1869 ad
1623 1839 1712 1869 hunc
1729 1839 1777 1869 lo-

1050 1895 1140 1922 cum,
1156 1885 1212 1924 qui
1235 1885 1478 1915 nominativum
1507 1884 1588 1913 facit
1616 1885 1773 1923 smptus.-

1049 1934 1087 1959 ut
1113 1929 1321 1968 intelligatur
1346 1927 1442 1967 lapis,
1465 1927 1622 1957 calculus.
1648 1926 1687 1957 In
1711 1937 1776 1966 quo

1048 1978 1163 2002 tamen
1201 1972 1288 2002 Festi
1324 1972 1523 2001 auctoritate
1558 1971 1680 2000 abusus
1712 1975 1778 2008 est,

1049 2026 1127 2046 nam
1143 2019 1283 2055 scriptus
1300 2016 1382 2056 lapis
1406 2015 1490 2045 Festi
1509 2013 1574 2044 huc
1591 2024 1658 2044 non
1674 2015 1777 2054 perti-

1049 2065 1117 2091 net.
1162 2060 1280 2099 Neque
1298 2059 1330 2089 id
1346 2059 1428 2088 adeo
1444 2059 1597 2098 ignorare
1622 2057 1775 2089 Peareius

1047 2105 1224 2143 potuisset,
1246 2105 1273 2134 si
1303 2103 1439 2133 Festum
1471 2103 1540 2142 ipse
1568 2102 1778 2141 inspexisset.

1046 2147 1267 2178 Tolerabilius
1282 2147 1382 2182 foret,
1414 2147 1440 2176 si
1464 2145 1710 2184 intelligeretur
1731 2145 1778 2176 lo-

1049 2201 1118 2221 cus.
1166 2191 1324 2221 Ceterum
1356 2191 1395 2219 de
1428 2189 1489 2219 hoc
1519 2189 1610 2227 ludo,
1640 2189 1697 2228 qui
1727 2193 1779 2219 est

1049 2235 1137 2265 idem
1155 2240 1213 2264 aut
1229 2234 1420 2264 simillimus
1437 2235 1481 2270 ei,
1497 2234 1553 2272 qui
1566 2232 1663 2262 hodie
1676 2232 1778 2263 Scha-

1046 2281 1159 2321 'ehieus
1176 2279 1312 2314 dicitur,
1328 2283 1367 2308 ut
1394 2281 1486 2317 patet
1503 2287 1542 2306 ex
1560 2277 1682 2316 insigni
1699 2276 1777 2306 Ovi-

1049 2323 1094 2352 dii
1111 2322 1183 2352 loeo
1198 2322 1270 2352 Art.
1287 2322 1359 2352 Am.
1375 2321 1408 2351 ii.
1424 2324 1498 2354 5207.
1523 2319 1646 2350 Graecis
1664 2330 1778 2350 recen-

1048 2366 1189 2396 tioribus
1217 2364 1376 2408 ζατςίκκς,
1400 2364 1547 2394 diversus
1573 2367 1624 2394 est
1651 2373 1670 2393 a
1698 2363 1778 2394 ludo

1050 2410 1144 2446 aleae,
1163 2410 1197 2439 in
1213 2420 1278 2448 quo
1295 2412 1417 2448 praeter
1433 2407 1576 2437 calculos
1594 2407 1697 2437 etiam
1708 2413 1777 2438 tes-

1050 2455 1130 2484 seris
1147 2463 1243 2493 opus,
1260 2454 1317 2492 qui
1333 2462 1351 2481 a
1374 2451 1453 2482 ludo
1475 2452 1669 2491 scriptorum
1695 2461 1777 2481 exu-

1048 2497 1134 2535 lant,
1152 2498 1185 2527 in
1204 2507 1268 2536 quo
1295 2506 1363 2525 uno
1385 2496 1522 2534 ingenio
1545 2498 1579 2524 et
1594 2498 1665 2524 arte
1693 2504 1778 2534 opus

1051 2544 1110 2570 est.
1145 2541 1208 2570 vid.
1242 2544 1364 2580 praeter
1390 2544 1517 2569 ceteros
1550 2538 1775 2568 eruditissime

1050 2585 1280 2624 disputantem
1292 2583 1431 2613 Salmas.
1447 2582 1487 2613 ad
1504 2582 1635 2622 Vopisc.
1654 2581 1776 2612 Procu-

1050 2628 1120 2658 lum
1137 2638 1165 2657 c.
1188 2631 1235 2658 13.
1248 2632 1273 2657 t.
1290 2627 1325 2656 ii.
1350 2626 1439 2657 Hist.
1456 2626 1541 2665 Aug.
1563 2635 1595 2665 p.
1611 2626 1687 2659 736.
1703 2635 1775 2664 sqq.

1050 2678 1085 2702 et
1108 2671 1263 2711 Hydeum
1281 2670 1321 2700 de
1339 2669 1536 2700 Nerdiludio
1554 2680 1585 2709 p.
1605 2671 1635 2700 8.
1672 2668 1704 2699 J.
1723 2668 1776 2699 Fr.

1048 2715 1231 2745 Gronovius
1259 2715 1343 2744 Sest.
1370 2714 1417 2744 iii.
1438 2716 1487 2744 15.
1512 2713 1631 2743 ludum
1648 2712 1773 2742 duode-

1048 2760 1112 2789 cim
1126 2759 1326 2799 scriptorum
1336 2757 1515 2796 distinguit
1527 2767 1546 2787 a
1556 2756 1635 2787 ludo
1647 2755 1778 2785 latrun-

1047 2802 1225 2840 culornm3
1245 2799 1411 2840 ⁴idemque
1440 2801 1522 2831 facit
1549 2799 1707 2830 Heinsius
1735 2798 1777 2830 ad

1047 2846 1142 2877 Ovid.
1161 2846 1182 2875 l.
1197 2856 1225 2875 c.
1241 2847 1315 2876 2204.
1339 2850 1464 2884 putans
1484 2844 1524 2875 de
1549 2843 1628 2874 ludo
1652 2842 1777 2873 duode-

1049 2890 1114 2919 cim
1131 2891 1325 2930 scriptorum
1340 2888 1393 2928 agi
1410 2888 1460 2918 his
1474 2899 1481 2916 z
1507 2897 1566 2918 seu
1589 2887 1695 2925 ludet,
1713 2895 1778 2917 nu-

1345 1010 1491 1040 multum
1540 1009 1773 1040 commentari.
