1985 3206
304 96 385 136 238

305 197 364 227 aut
389 192 461 224 aliis
486 193 616 231 injustis
641 193 765 224 artibus
784 193 906 232 facere,
923 200 961 225 ut
977 196 1032 225 ab·

306 236 451 266 solrare:
474 247 532 276 pro
549 247 612 276 quo
626 242 658 267 et
673 247 886 277 perrumpere
898 239 1031 269 dicitur.

306 280 424 310 Milon.
453 284 501 310 153.
539 282 594 319 qui
621 290 694 309 eam
721 286 899 320 prmturam
925 289 1034 322 posset

304 323 531 362 confringere:
558 324 589 353 h.
606 334 634 352 e.
652 324 825 363 impedire,
842 334 907 363 quo
925 327 1034 356 minus

307 366 433 396 Praetor
450 371 613 406 potestate
631 377 692 396 sua
706 367 913 398 abuteretur.

355 410 566 450 (htgfandcre.
591 411 647 441 Or.
665 411 698 440 ii.
714 414 766 444 79.
790 410 986 450 contundere
1000 412 1034 441 in

304 457 412 484 totam
431 454 635 483 orationem:
663 454 693 483 li.
709 464 737 483 c.
755 464 813 494 per
836 459 942 484 totam
962 465 1034 484 ora-

305 497 536 532 tioncni‚.nou
564 507 630 527 uno
655 502 746 527 certo
770 497 842 527 loco
867 498 1034 528 adhibere.

304 540 369 570 Off.
388 541 407 570 i.
425 542 476 573 27.
508 544 619 571 totum
639 544 689 570 est
714 551 791 570 cum
816 541 940 571 virtute
962 551 1035 571 con-

292 580 431 623 summi,
449 585 680 623 conjunctum,
699 585 739 613 ab
763 594 802 613 ea
825 594 858 613 rc
883 594 949 614 non
974 584 1035 613 dif-

304 627 382 656 fert.
413 626 502 656 Sext.
527 629 556 657 2.
588 626 723 666 conf-’esa
752 632 852 666 atque
880 629 1035 657 universa

305 669 466 707 defensio,
483 675 535 700 est
560 681 635 700 cum
659 680 774 700 omnes
799 671 899 701 simul
922 671 1035 700 defen-

305 714 427 749 dimus,
446 724 511 743 non
534 714 680 753 singulos
705 714 887 753 sigillatim.
919 715 1034 744 Partit.

305 762 358 787 150.
399 756 493 791 Htre,
516 767 589 796 quae
614 758 756 796 primam
781 758 1033 787 contentionem

304 800 428 830 habent
453 811 491 830 ex
516 801 685 839 arguendo
702 807 736 830 et
754 801 949 838 resistendo,
966 801 1035 830 lata

305 849 339 874 et
365 843 499 883 confusa
523 849 612 874 sunt.
659 844 838 874 Rationum
865 849 899 874 et
922 844 1035 873 firma-

307 893 496 917 mentorum
521 888 694 917 contentio
717 887 853 917 adducit
872 888 906 916 in
928 897 1032 926 angu-

305 936 396 961 stum
415 931 706 971 disceptationem.

353 974 507 1014 Confusio.
533 975 620 1004 Mur.
637 976 689 1004 ⁹23.
711 974 946 1012 suffragiorum
961 984 1033 1004 con-

292 1017 401 1058 fusio,
418 1028 487 1048 esse
512 1018 654 1055 videtur,
675 1028 751 1048 cum
776 1027 842 1048 non
867 1028 906 1047 ex
930 1027 1031 1047 censu

305 1062 462 1100 suffragia
486 1062 651 1098 feruutur,
672 1069 705 1090 ct
729 1061 891 1091 centuriae
916 1071 1033 1090 nume-

305 1110 434 1142 rantur,
455 1116 475 1134 a
497 1106 605 1144 prima
629 1105 730 1134 classe
756 1104 843 1134 facto
867 1105 975 1141 initio,
995 1110 1032 1134 ut

306 1149 376 1178 fieri
408 1159 446 1177 ex
484 1149 640 1178 instituto
670 1148 772 1177 Servii
804 1148 944 1185 solebat,
975 1148 1033 1177 sed

303 1193 461 1231 suffragia
476 1193 626 1221 omnium
645 1191 798 1221 classium
817 1198 851 1221 et
863 1193 1032 1221 centuria-

304 1246 378 1266 rum
406 1240 639 1272 numerantur,
668 1240 705 1265 ut
737 1236 844 1274 primo
871 1237 1031 1273 cuiusque

303 1280 382 1309 civis
408 1280 605 1317 suffragium
635 1278 776 1308 eandem
803 1279 868 1307 vim
897 1278 1030 1315 habeat,

303 1323 421 1353 deinde
438 1323 619 1359 nesciatur,
637 1322 708 1360 quis
733 1332 898 1361 quemque
915 1322 1032 1351 suifra-

304 1367 357 1405 gio
373 1376 433 1396 suo
451 1366 630 1395 Consulem
654 1369 712 1395 aut
737 1365 915 1395 Praetorcm
941 1375 1032 1394 crea·

303 1410 358 1440 rit.
404 1409 443 1439 Id
456 1414 496 1439 ut
512 1410 618 1445 fieret,
636 1409 781 1438 ambitus
797 1408 936 1438 tollendi
953 1419 1032 1438 cau-

302 1463 351 1490 sa,
381 1453 567 1493 postularat
605 1453 734 1482 Servius
773 1452 956 1491 Sulpicius:
997 1458 1031 1481 et

302 1498 389 1527 hanc
408 1497 523 1527 Cicero
540 1495 686 1536 appellat
710 1496 934 1534 aequationem
958 1505 1031 1533 gra-

302 1541 372 1577 tiae,
413 1540 599 1579 dignitatis,
631 1539 876 1577 suffragiorum.
932 1538 1030 1578 Apud

304 1583 375 1614 Liv.
388 1585 473 1613 xxvi.
494 1587 539 1613 18.
560 1583 1031 1620 viiidoctifrustiatorquent

302 1638 335 1657 sn
374 1628 408 1657 in
445 1626 641 1666 explicando
680 1626 817 1656 confuso
853 1626 1027 1661 suflr.1·.¹‚i0:

303 1670 596 1701 Drakenborchius
605 1677 717 1700 autem
727 1669 918 1699 auctoribus
928 1669 1029 1699 codd.

302 1715 449 1744 sustulit.

351 1757 534 1796 consiliare.
565 1757 666 1787 Tusc.
684 1767 713 1787 v.
731 1759 783 1787 31.
815 1756 941 1786 dolores
957 1766 1029 1786 con-

289 1800 428 1840 futare:
464 1801 484 1830 i.
509 1812 538 1830 e.
564 1801 716 1830 resistere
743 1799 861 1837 dolori,
885 1810 1028 1838 eumque

301 1846 526 1884 supprimere:
552 1844 722 1883 eleganter
737 1843 895 1883 profecto.
941 1843 1028 1873 Nam

300 1887 470 1927 consuta-re
490 1888 621 1928 proprie
649 1892 700 1916 est
723 1897 843 1926 aquam
867 1886 1029 1916 ebullien-

301 1936 371 1961 tem
388 1932 608 1971 supprimere,
627 1940 667 1959 ne
684 1931 841 1960 exundet.

350 1975 572 2013 Congiarimn.
603 1974 672 2004 Att.
692 1984 722 2003 x.
747 1978 778 2007 7.
806 1973 905 2012 vulgo
929 1973 1027 2010 dona,

300 2028 373 2056 quae
391 2020 479 2048 inter
501 2017 662 2058 populum
686 2017 850 2046 urbanum
874 2017 1029 2047 distribu-

301 2065 415 2092 untur.
446 2072 496 2091 res
512 2072 531 2092 a
549 2061 774 2091 frumentariis
797 2060 1027 2099 largitionibus

300 2110 412 2135 ortum
427 2106 546 2136 traxit:
571 2105 610 2134 de
627 2104 745 2143 quibus
769 2104 832 2134 vid.
849 2103 972 2144 Spanh.
988 2103 1028 2133 de

300 2158 363 2179 usu
379 2152 414 2178 et
428 2159 477 2189 pr.
493 2149 596 2179 Num.
612 2152 637 2177 t.
653 2148 686 2177 ii.
711 2158 743 2187 p.
759 2149 831 2181 5⁶29.
864 2147 920 2186 qui
938 2151 1027 2177 recte

302 2197 428 2229 monet,
460 2192 492 2222 h.
524 2192 545 2221 1.
577 2193 780 2230 congiarium
811 2190 876 2220 dici
907 2190 946 2220 de
975 2200 1026 2228 eo,

300 2236 389 2274 quod
419 2239 533 2274 postea
562 2235 756 2265 donativum
794 2233 921 2263 dictum
956 2238 1024 2264 est:

300 2279 378 2317 quia
394 2279 556 2309 militibus
574 2277 657 2308 illud
676 2279 879 2316 congiarbzmz
899 2277 1025 2307 datum.

300 2322 341 2352 ad
356 2322 431 2352 Div.
447 2323 513 2352 viii.
534 2326 560 2352 1.
582 2323 745 2360 congiario
761 2321 903 2351 donatus
921 2331 941 2350 a
956 2321 1027 2350 Cae-

299 2376 381 2396 sare.
405 2366 461 2396 ubi
476 2376 504 2396 v.
522 2369 588 2395 not.

348 2409 526 2447 Congrlcwio.
556 2408 597 2439 ad
628 2408 703 2439 Div.
729 2408 794 2438 viii.
819 2408 849 2438 6.
889 2407 1026 2437 Curioni

296 2453 488 2483 tribunatus
511 2453 701 2491 conglaciat.
732 2452 779 2481 nil
801 2451 976 2481 tribunatu
993 2460 1027 2480 a·

298 2496 358 2536 git.

346 2539 567 2577 anglosmus,
580 2539 734 2577 frequens
753 2542 787 2568 et
799 2537 931 2567 densus.
950 2536 1026 2566 Par-

297 2583 350 2612 tit.
372 2583 418 2612 16.
443 2583 586 2613 maxime
602 2582 713 2611 valent
729 2581 939 2611 definitiones
954 2590 1025 2609 con-

294 2627 432 2664 globatoe
462 2631 496 2656 et
529 2626 805 2664 consequentium
834 2624 1026 2662 frequenta-

297 2670 356 2699 tio.

345 2713 586 2751 conglutinare,
610 2720 822 2751 componere,
843 2709 1025 2749 conjunge-

296 2767 342 2788 re.
367 2756 424 2786 Or.
442 2756 462 2785 i.
481 2757 534 2785 4⁶2.
567 2755 726 2785 dissoluta
748 2757 783 2783 et
805 2752 933 2783 divulsa
954 2762 1025 2782 con-

293 2801 476 2838 glutinare,
494 2799 618 2829 dicitur
633 2799 674 2829 de
697 2808 748 2833 eo,
767 2797 821 2835 qui
847 2796 972 2834 aliquid
990 2797 1024 2826 in

296 2844 375 2873 artis
395 2843 537 2872 formam
562 2842 693 2881 redigit.
726 2840 808 2870 Phil.
826 2840 872 2869 iii.
894 2843 942 2869 11.
972 2842 1024 2868 to-

296 2890 350 2918 tus
367 2893 418 2917 est
433 2896 474 2916 ex
491 2886 641 2923 audacia,
658 2883 849 2924 petulantia
865 2884 923 2913 &cn
950 2892 1021 2913 con-

784 105 929 135 lNDEx
960 106 1092 135 LATIN
1103 104 1254 134 rrA'rlS.

1075 195 1274 232 glzninaeus.
1304 194 1372 224 Att.
1401 194 1455 225 vii.
1483 197 1512 226 8.
1543 195 1707 226 amicitias
1733 198 1805 225 eom

1073 239 1260 276 glutinare.

1124 282 1373 319 conglutinatio.
1404 281 1462 312 Or.
1489 283 1541 313 23.
1571 282 1806 321 conglutinatio

1076 324 1251 354 verborum
1265 336 1270 353 z
1297 324 1337 354 de
1353 329 1520 356 structura
1530 329 1564 355 et
1577 325 1805 355 collocatione.

1125 368 1324 405 (hngressus.
1347 368 1427 398 tloel.
1442 372 1471 399 8.
1491 378 1661 408 congressu
1677 372 1709 398 et
1727 378 1807 398 con-

1075 411 1195 440 stituto
1211 411 1249 440 ‹le
1265 411 1393 448 injuriis
1413 413 1565 451 experiri,
1582 418 1633 442 est
1656 412 1702 449 id,
1718 411 1806 450 quod

1078 453 1195 483 Cicero
1219 455 1335 494 Quint.
1358 458 1404 485 ll.
1434 456 1522 485 intra
1544 456 1684 495 parietes
1709 465 1808 495 cxpe-

1078 497 1134 526 riri
1150 503 1259 534 vocat,
1273 501 1307 527 et
1318 499 1454 537 opponit
1470 508 1601 528 summo
1611 500 1698 537 juri:
1725 507 1805 534 non,

1077 540 1103 569 si
1127 540 1205 579 quid
1230 541 1262 570 in
1295 543 1549 572 controversiain
1582 543 1723 578 veniret,
1748 546 1806 571 aut

1078 583 1167 613 intra
1180 584 1321 623 parietes
1338 590 1398 614 aut
1410 595 1542 614 summo
1551 586 1627 624 jure
1640 585 1805 624 experire-

1077 631 1143 656 tur.
1176 628 1217 657 ad
1240 637 1338 666 quem
1362 628 1384 658 l.
1408 638 1438 658 v.
1464 628 1716 658 Hotomannus:
1750 629 1805 666 qni

1078 670 1174 699 docet
1206 671 1303 700 moris
1329 671 1442 709 fuisse,
1468 676 1505 701 ut
1532 676 1621 708 ante,
1647 681 1747 710 quam
1770 673 1805 701 in

1071 714 1127 750 jus
1153 714 1254 751 irent,
1271 714 1434 752 viderent,
1456 715 1482 744 si
1508 715 1677 754 privatim,
1694 716 1806 744 ascitis

1078 757 1192 786 amicis
1222 761 1255 786 et
1287 757 1562 797 disceptatoribus
1601 759 1804 795 domestici-⁴3,

1079 810 1128 829 res
1146 802 1301 839 componi
1318 807 1439 840 posset.

1125 844 1359 881 Congruenter,
1373 849 1449 884 apte
1466 844 1506 874 ad
1525 855 1593 874 rem
1609 849 1642 874 et
1655 855 1801 875 causam.

1076 887 1133 916 Or.
1152 887 1196 916 iii.
1219 891 1266 917 10.
1291 892 1504 925 congruenter
1521 888 1640 918 dicere.

1125 929 1288 971 Cbnjectio.
1320 931 1395 960 Div.
1415 931 1447 960 ii.
1466 932 1517 961 653.
1549 930 1696 972 conjectio
1717 941 1804 961 som-

1077 973 1221 1010 niorum,
1238 975 1260 1003 i.
1279 974 1520 1013 interpretatio.

1125 1015 1296 1057 Corzjector.
1321 1017 1396 1047 Div.
1415 1018 1513 1048 ii.65.
1537 1018 1699 1058 interpres
1715 1027 1804 1048 som-

1077 1061 1222 1097 niorum,
1242 1065 1471 1100 portentorum
1490 1062 1549 1090 δερ.

1124 1101 1325 1143 ijecmra.
1358 1105 1490 1134 Muren.
1521 1107 1552 1134 4.
1585 1102 1803 1145 conjecturam

1075 1146 1115 1176 (le
1146 1152 1206 1176 tuo
1237 1148 1338 1186 ipsius
1365 1148 1476 1177 studio
1503 1148 1639 1187 ceperis.
1671 1148 1746 1177 Div.
1771 1148 1804 1177 ii.

1076 1190 1128 1220 ¹26.
1165 1189 1354 1231 conjecturo
1379 1192 1485 1220 omnis
1509 1192 1542 1220 in
1564 1191 1686 1220 multas
1701 1201 1739 1221 ac
1756 1191 1804 1220 ‹li-

1074 1243 1197 1269 versas,
1215 1241 1273 1263 aut
1289 1235 1392 1264 etiam
1413 1235 1594 1264 contrarias
1619 1240 1729 1274 partes
1754 1235 1804 1264 di-

1075 1277 1222 1306 ducitur.

1123 1319 1287 1361 (onjeetns
1301 1320 1485 1350 oculorum.
1513 1321 1624 1351 Plane.
1641 1325 1671 1352 8.

1122 1362 1268 1403 (hnje'cio.
1296 1365 1354 1393 Or.
1379 1365 1423 1394 iii.
1450 1367 1501 1394 50.
1531 1363 1686 1405 conjicere
1709 1374 1742 1394 se
1767 1365 1800 1394 in

1073 1416 1205 1436 versum
1224 1413 1335 1437 mente
1353 1418 1390 1437 ae
1411 1408 1596 1444 voluntate,
1614 1408 1653 1437 de
1677 1418 1728 1445 co,
1745 1410 1801 1446 qui

1073 1460 1184 1480 versus
1199 1451 1306 1480 facere
1329 1452 1465 1490 cogitat.
1495 1451 1514 1468 ³*
1527 1451 1625 1481 Catil.
1643 1452 1663 1481 i.
1682 1452 1712 1480 6.
1745 1461 1798 1491 pe-

1072 1494 1146 1523 titio
1164 1495 1211 1524 ita
1226 1493 1379 1534 conserva,
1396 1500 1434 1524 ut
1451 1494 1547 1524 vitari
1564 1505 1629 1524 non
1645 1504 1739 1534 posse
1756 1496 1802 1524 vi-

1072 1537 1218 1568 deretur.
1237 1548 1265 1567 v.
1284 1539 1410 1577 petitio.
1436 1539 1526 1567 Sext.
1548 1542 1595 1569 18.
1620 1539 1726 1568 oratio
1741 1539 1802 1568 im-

1072 1581 1172 1620 probe
1210 1579 1350 1622 conjecta
1392 1583 1426 1611 in
1470 1581 1668 1611 clarissimos
1705 1582 1802 1611 viros.

1071 1623 1172 1653 *Mit
1189 1627 1237 1659 19.
1253 1623 1405 1664 conjicere
1417 1635 1451 1655 se
1464 1625 1497 1654 in
1511 1632 1656 1655 noctem.
1674 1625 1800 1655 *Dour

1072 1669 1124 1698 95.
1151 1666 1317 1709 conjecerit
1343 1669 1536 1708 Pompeium
1556 1669 1704 1705 domum,
1722 1668 1754 1698 h.
1770 1679 1800 1697 e.

1072 1718 1167 1740 metu
1184 1713 1330 1750 coegerit
1347 1712 1556 1751 Pompeium,
1574 1712 1661 1741 domi
1688 1721 1801 1741 maue-

1073 1764 1123 1784 re:
1147 1754 1255 1784 *Heia
1273 1756 1305 1785 ii.
1328 1759 1375 1787 13.
1400 1754 1555 1797 conjicere
1572 1765 1718 1784 causam.
1734 1756 1755 1785 i.
1773 1766 1801 1785 v.

1072 1798 1215 1827 breviter
1228 1803 1262 1828 et
1274 1799 1468 1828 summatim
1482 1808 1658 1838 exponere.
1673 1809 1703 1827 v.
1716 1798 1802 1828 Gell.

1071 1842 1149 1872 xvii.
1165 1845 1195 1872 3.
1221 1848 1256 1871 et
1271 1842 1314 1871 ibi
1332 1842 1474 1872 Gronov.
1499 1842 1599 1872 *Inv.
1618 1842 1651 1871 ii.
1669 1844 1721 1872 32.
1743 1851 1800 1871 na-

1070 1885 1117 1914 vis
1134 1882 1277 1924 conjecta
1298 1893 1349 1915 cst
1372 1887 1406 1915 in
1430 1890 1574 1925 portum.
1602 1895 1648 1915 se.
1673 1889 1802 1925 tempe-¹

1072 1932 1171 1957 state.

1119 1970 1312 2012 Cbnjzcgata.
1337 1982 1410 2010 quae
1428 1972 1604 2002 dieantur?
1635 1971 1718 2011 Top.
1734 1974 1765 2002 3.

1119 2014 1320 2056 Conjugaho,
1347 2014 1484 2054 συζυγία.
1513 2016 1629 2054 Topic.
1661 2019 1692 2049 9.
1721 2015 1801 2054 quid

1070 2059 1137 2088 sit?

1119 2100 1312 2143 (bnjunctio.
1346 2101 1417 2131 Fat.
1434 2102 1464 2132 6.
1497 2100 1675 2143 conjunccio
1695 2112 1734 2131 ex
1750 2111 1800 2131 re-

1070 2146 1311 2184 pugnantibus,
1337 2150 1389 2175 est
1415 2154 1518 2184 genus
1545 2145 1800 2175 enunciationis.

1070 2198 1115 2219 sc.
1130 2190 1163 2219 in
1181 2199 1246 2228 qua
1261 2192 1311 2218 est
1322 2189 1523 2219 antecedens
1537 2193 1571 2218 et
1583 2198 1800 2227 consequens.

1071 2232 1157 2262 conf.
1174 2242 1201 2262 c.
1220 2236 1249 2263 8.
1268 2232 1343 2263 init.
1373 2232 1522 2262 *Divim
1540 2233 1572 2262 ii.
1597 2235 1644 2262 14.
1666 2235 1714 2262 15.
1743 2241 1801 2261 na—

1069 2280 1154 2306 turae
1170 2274 1361 2322 conjunctio,
1377 2278 1428 2305 est
1443 2276 1629 2314 συμπάθεια.
1653 2275 1671 2293 ²*
1681 2275 1800 2305 coitus.

1070 2319 1133 2349 Off.
1153 2319 1173 2349 i.
1189 2322 1220 2350 4.
1257 2316 1490 2360 Conjzmctiom's
1506 2319 1687 2359 appetitus.

1118 2360 1327 2403 Conjungcra
1360 2362 1477 2392 Manil.
1509 2366 1540 2396 9.
1575 2361 1699 2392 bellum
1729 2371 1801 2391 con-

1059 2415 1218 2446 jung-ere,
1251 2406 1423 2442 dicuntur,
1456 2406 1512 2444 qui
1542 2405 1647 2435 foedus
1680 2406 1801 2435 ineunt

1069 2449 1146 2479 belli
1164 2449 1300 2488 gerendi
1317 2458 1426 2478 causa.
1450 2449 1544 2488 Quir.
1562 2459 1592 2488 p.
1610 2449 1649 2479 R.
1666 2453 1696 2483 7.
1722 2458 1800 2478 cau-

1069 2502 1139 2522 sam
1161 2503 1268 2523 ineam
1294 2502 1372 2522 cum
1395 2493 1567 2522 communi
1590 2492 1698 2522 salute
1722 2501 1800 2521 con-

1062 2536 1188 2573 junxit.
1213 2536 1234 2565 i.
1258 2535 1354 2571 dixit.
1374 2535 1517 2565 salutem
1542 2545 1757 2565 connnunem
1781 2545 1801 2564 a.

1069 2589 1144 2608 mea
1174 2579 1329 2618 pendere.
1361 2580 1416 2609 Or.
1442 2581 1494 2609 44.
1525 2577 1719 2620 conjungere
1745 2588 1800 2607 vo-

1069 2622 1170 2659 cales,
1194 2623 1215 2652 i.
1239 2633 1267 2652 e.
1294 2621 1547 2662 pronuntiando
1578 2622 1717 2652 alteram
1742 2621 1801 2651 eli-

1069 2666 1157 2695 dere.
1190 2666 1437 2714 Pis.9.q13e111
1462 2675 1522 2704 ego
1547 2675 1623 2695 cum
1647 2666 1799 2697 Deorum

1068 2708 1132 2738 11111
1138 2710 1164 2738 le
1181 2719 1353 2756 consumo?
1371 2709 1391 2738 i.
1408 2719 1436 2738 e.
1454 2709 1528 2739 Diis
1546 2708 1690 2738 similem
1708 2711 1800 2748 puto.

1068 2750 1466 2792 41ν.11.10.οοη]”ιιηεῃι.ς
1487 2762 1565 2781 cum
1586 2762 1655 2792 rep.
1672 2753 1692 2781 i.
1709 2763 1738 2781 e.
1756 2752 1802 2782 la-

1070 2795 1187 2825 borans
1212 2806 1270 2835 pro
1294 2806 1363 2836 rep.
1396 2795 1561 2825 *cluent
1582 2798 1635 2825 44.
1667 2793 1801 2836 conjun-

1068 2843 1156 2868 ctum
1183 2849 1258 2869 cuni
1288 2850 1321 2869 rc
1347 2839 1535 2877 judicium:
1572 2839 1593 2868 i.
1617 2849 1645 2868 e.
1673 2848 1800 2868 verum.

1070 2885 1088 2903 *-
1103 2882 1194 2912 Vei-r.
1212 2883 1253 2912 iv.
1273 2884 1324 2915 65.
1355 2879 1533 2922 conjunctis
1551 2882 1727 2912 sententiis
1745 2882 1800 2912 de-
