1920 3196
228 73 312 114 356

240 171 389 209 adeoque
402 169 526 200 similes
543 171 624 199 sunt
639 167 814 199 delineatis
831 180 850 200 a
865 170 970 210 picto-

240 225 276 246 re
293 213 498 253 corporibus,
516 222 583 242 non
599 213 773 252 expressis,

287 258 484 288 Monstrum.
510 256 587 286 Div.
604 257 625 285 i.
641 258 693 287 42.
709 255 797 285 unde
817 255 970 287 dicatur?

288 300 395 331 Mans.
419 300 484 330 Pis.
501 301 554 331 21.
580 299 620 329 ad
637 299 727 329 hunc
739 304 877 330 montem
888 300 974 330 Tus-

247 344 406 376 culanum
436 342 680 373 extruendum:
716 343 755 373 de
772 342 850 373 villa
874 344 974 374 nimis

249 397 382 424 magna.

293 431 453 462 Mmtani.
476 431 576 461 Dom.
591 432 643 461 28.
669 434 976 460 commemorantur

247 477 338 506 inter
354 483 476 514 genera
490 473 594 513 plebis
611 474 746 503 urbanae
759 474 819 510 ita,
835 477 874 503 ut
886 484 905 502 a
921 482 978 513 pa—

250 519 345 559 ganis
370 517 529 557 distingui
549 517 747 547 videantur:
772 518 893 556 pagani
917 520 976 546 aut

250 563 409 594 montani.
434 561 581 591 Graevius
609 567 709 599 negat
739 570 787 597 se,
818 561 873 599 qui
896 560 976 596 sint,

252 607 349 636 scire.
372 605 458 635 Mihi
476 609 589 634 autem
608 603 763 634 videntur
779 604 879 634 iidem
895 613 978 639 esse,

253 650 309 689 qui
327 649 460 689 pagani.
500 648 586 678 Nam
599 647 634 677 hi
650 648 683 677 in
701 647 870 677 montibus
886 647 980 677 habi-

251 694 382 724 tabant.
398 702 428 722 v.
442 701 559 731 pagus.

295 735 507 774 Montivagus
523 744 649 765 cursus.
671 733 808 764 Tuscul.
826 745 853 763 v.
872 737 925 768 27.

296 779 547 809 Monumentum
571 778 695 808 dicitur
714 778 895 817 templum,
918 780 984 807 sta-

254 824 401 861 tua,via‚
414 829 448 853 et
461 821 682 861 quodcunque
695 821 866 861 publicum
878 821 984 852 aedifi-

257 869 360 904 cium,
384 876 449 905 quo
467 865 607 903 alicujus
631 865 793 894 memoria
809 875 984 895 conserva-

256 916 327 948 tur,
345 911 423 949 quia
445 914 504 939 aut
531 910 565 939 in
581 908 741 938 honorem
769 909 853 947 ejus,
870 912 930 939 aut
946 908 986 937 ab

259 966 298 986 eo
315 959 525 984 exstructum
552 957 613 982 est.
647 952 725 991 Agr.
750 952 770 981 i.
787 955 818 983 4.
844 952 988 992 pecunia

237 1004 245 1010 “
261 1008 328 1030 non
345 997 564 1027 consumtain
581 1000 796 1032 monumento,
814 1006 859 1025 sc.
873 996 913 1026 ab
925 996 986 1025 im-

258 1046 426 1083 peratore,
442 1041 499 1079 qui
516 1043 690 1080 propterea
707 1040 880 1069 manubias
896 1049 989 1069 acce-

260 1087 324 1126 pit.
347 1084 477 1115 Verrin.
494 1084 515 1114 i.
533 1086 564 1113 4.
601 1088 810 1113 monumenta
826 1083 988 1120 Africani,

261 1134 342 1160 sunt
367 1132 503 1164 statnae,
520 1136 600 1166 quas
621 1127 753 1164 Siculis,
783 1126 988 1165 Carthagine

262 1177 374 1212 capta,
390 1171 592 1208 reddiderat,
621 1171 805 1209 quibusque
834 1170 908 1200 ideo
932 1180 991 1199 no-

261 1226 341 1246 men
358 1216 429 1255 ejus
455 1220 526 1245 erat
555 1215 767 1253 inscriptum.
797 1213 911 1244 Plane.
935 1216 988 1244 32.

262 1259 338 1291 Div.
370 1260 391 1288 i.
423 1260 475 1289 28.
515 1261 762 1288 monumentum
797 1257 909 1294 Marii,
941 1262 993 1286 est

263 1303 430 1342 templum
463 1302 503 1332 ab
530 1312 568 1331 eo
594 1305 804 1331 exstructum
829 1311 846 1330 e
874 1311 993 1331 manu-

265 1347 328 1377 biis
345 1346 532 1376 Cimbricis.
557 1345 629 1375 Mil.
642 1349 675 1379 7.
689 1345 723 1374 in
742 1345 904 1384 majorum
918 1355 994 1374 suo-

263 1400 340 1421 rum
368 1390 582 1419 monumentis
595 1401 603 1417 :
627 1388 666 1418 de
685 1389 737 1417 via
752 1389 869 1428 Appia.
894 1387 994 1419 Dom.

266 1437 318 1465 20.
345 1433 498 1463 Clodium
523 1442 632 1462 meam
650 1432 787 1462 domum
808 1442 995 1462 monumen-

265 1482 339 1508 tum
354 1477 493 1507 fecissez
518 1477 597 1515 quia
623 1477 656 1506 in
682 1485 722 1505 ea
747 1476 880 1514 signum
898 1475 996 1506 liber-

265 1522 346 1552 tatis
362 1520 541 1550 dedicarat.
565 1519 607 1549 ad
622 1520 698 1550 Div.
715 1520 735 1549 i.
752 1523 782 1553 9.
807 1530 996 1549 monumen-

268 1570 340 1596 tum
365 1564 481 1595 Cicero
506 1566 602 1593 vocat
625 1563 712 1593 aedes
742 1573 831 1599 suas,
861 1563 995 1603 publico

268 1612 384 1639 sumtu
404 1609 618 1637 instauratas.
652 1606 740 1636 Hinc
772 1606 891 1636 deinde
917 1608 996 1637 sim·

268 1652 416 1692 pliciter,
439 1654 473 1680 et
498 1651 569 1680 sine
597 1650 757 1680 relatione
784 1650 825 1680 ad
851 1651 995 1689 aliquem

269 1696 456 1732 hominem,
481 1695 575 1733 cujus
598 1698 842 1724 monumentum
857 1695 914 1732 sit,
940 1704 999 1734 pro

269 1739 401 1778 tem-plo
419 1738 567 1778 ponitur.
591 1737 690 1767 Arch.
721 1741 769 1767 11.
794 1738 998 1778 templorum

271 1793 311 1813 ac
328 1785 610 1812 monumentorum
640 1781 761 1811 aditus.
784 1782 877 1811 Verr.
902 1782 923 1812 i.
947 1785 1000 1816 49.

275 1827 310 1857 in
318 1825 534 1856 celeberrimo
548 1825 1000 1865 momumento.*sepulcrum

271 1869 370 1901 Rose.
388 1869 462 1898 Am.
491 1871 541 1899 50.
566 1869 584 1887 ²*
601 1868 707 1898 literae
723 1868 875 1908 publicae.
900 1870 1001 1900 Dom.

279 1915 332 1945 98.
348 1913 464 1943 scribae
488 1913 661 1942 nobiscum
685 1913 719 1942 in
736 1913 920 1943 rationibus
942 1923 1003 1952 pu-

279 1956 375 1987 blicis
388 1957 661 1995 monumenthquc
669 1961 853 1986 versantur.
866 1956 884 1974 ²*
894 1957 941 1985 sic
955 1956 1003 1986 di-

279 2005 406 2030 cuntur
422 2000 524 2029 etiam
543 1999 785 2041 Commentarii
803 2000 1005 2030 Pontificum

277 2044 380 2076 Dom.
400 2046 450 2074 55.

322 2087 421 2118 Mora
453 2087 708 2126 Spartiatarum.
753 2086 854 2117 Tusc.
886 2087 920 2117 ii.
957 2088 1005 2117 16.

281 2129 387 2170 λὸχος,
404 2130 520 2160 cohors
544 2130 703 2167 militum,
720 2130 758 2159 de
782 2140 922 2168 quorum
947 2141 1009 2160 nu-

282 2184 375 2204 mero
393 2184 459 2203 non
481 2175 562 2204 satis
580 2178 671 2203 certo
689 2178 833 2211 constat,
851 2184 927 2204 cum
951 2174 1009 2204 alii

282 2218 498 2257 quingentos,
516 2217 570 2247 alii
585 2217 695 2256 plures
711 2217 859 2248 tradant.
871 2228 901 2248 v.
920 2218 960 2248 ad
977 2218 1010 2248 h.

283 2261 306 2292 l.
324 2261 468 2291 Gronov.
481 2261 559 2291 Obs.
579 2261 624 2291 iii.
643 2261 673 2291 6.

326 2304 484 2335 Morator.
510 2305 542 2334 in
561 2304 671 2334 Caacil.
691 2307 740 2335 15.
762 2309 812 2334 est
825 2305 1011 2335 causidicus

282 2347 473 2388 imperitus,
486 2348 545 2386 'qui
564 2347 741 2378 adhibetur
753 2352 890 2378 tantum
908 2348 948 2378 ad
965 2348 1014 2378 fa-

281 2392 435 2422 ciendam
455 2402 595 2429 moram,
618 2391 697 2421 dum
726 2392 912 2430 reperiatur
928 2392 1011 2422 alius

282 2435 401 2466 melior
426 2439 599 2474 patronus,
620 2441 678 2464 aut
702 2435 776 2473 jam
799 2441 951 2474 repertus
978 2446 1011 2465 se

281 2479 324 2508 ad
341 2479 518 2508 dicendum
537 2483 720 2518 comparet.
739 2488 770 2508 v.
785 2479 907 2508 Ascon.
923 2478 965 2508 ad
980 2479 1013 2510 h.

283 2522 306 2554 l.
324 2523 444 2552 Savaro
461 2522 503 2552 ad
519 2522 633 2551 Sidon.
652 2522 713 2561 Ep.
728 2532 757 2551 ν.
776 2526 807 2555 7.

326 2565 488 2597 lllmntus.
511 2566 586 2596 Div.
604 2566 625 2595 i.
642 2568 695 2595 31.
711 2569 830 2605 poema
843 2569 1012 2603 tenerum,

285 2614 465 2647 moratum,
483 2615 583 2647 atque
615 2608 732 2638 molle:
760 2610 792 2638 in
810 2619 875 2647 quo
905 2619 1013 2640 mores

285 2653 463 2684 hominum
478 2653 648 2691 eleganter
664 2653 808 2691 expressi
825 2657 916 2682 sunt.

328 2696 503 2727 morbosus,
528 2695 629 2725 Tusc.
648 2696 689 2725 iv.
708 2698 760 2725 24.
779 2697 933 2726 morbosos
950 2696 1015 2725 ira-

284 2740 411 2771 cundos
435 2740 520 2770 solos
545 2739 813 2769 nominaverunt.
837 2740 895 2769 sed
910 2740 1011 2770 Davi-

284 2784 353 2814 sius
371 2783 470 2821 legit:
497 2792 655 2819 morosos,
683 2787 772 2812 recte
797 2783 1011 2822 probantibus

284 2827 437 2858 Bentleio
450 2832 483 2856 et
500 2826 654 2856 Buherio.

323 2871 487 2910 Mordere,
503 2869 657 2901 molestia
683 2869 827 2902 afficere.
851 2869 923 2902 Att.
943 2870 1013 2902 xiii.

756 81 901 110 INDEX
931 80 1227 110 LATlNlTATrs.

1021 171 1069 200 12.
1111 179 1164 199 me
1190 168 1340 208 epistola!
1363 168 1615 200 momorderunt.
1639 169 1682 200 ib.
1700 168 1744 200 vi.

1016 215 1047 244 2.
1073 214 1128 251 qui
1157 212 1286 250 scribis,
1316 213 1458 243 morderi
1487 217 1520 243 te
1558 213 1745 251 interdum,

1018 257 1106 294 quod
1132 265 1197 285 non
1221 255 1320 286 simul
1343 257 1397 287 sis.
1422 256 1441 274 *²
1458 256 1499 286 ad
1514 257 1590 287 Div.
1617 257 1664 287 xi.
1689 259 1744 288 23.

1019 299 1164 329 mordere
1179 299 1312 329 frenum
1327 310 1333 328 :
1359 300 1606 339 proverbialiter
1623 300 1747 329 dicitur

1020 343 1059 373 de
1091 343 1142 379 iis,
1174 343 1230 381 qui
1269 342 1488 382 indignantur
1517 343 1746 373 conditionem

1018 396 1126 422 suam,
1145 396 1251 424 neque
1274 393 1390 416 tamen
1415 396 1454 417 ea
1468 397 1503 417 se
1519 387 1658 417 liberare
1674 396 1750 426 pos-

1020 433 1110 459 sunt.

1066 472 1243 509 Mordieus,
1270 482 1392 502 morsu.
1417 472 1457 511 Ω.
1474 472 1525 502 Fr.
1544 473 1590 502 iii.
1607 475 1638 503 4.
1661 472 1749 502 auri-

1022 516 1133 546 culam
1150 515 1287 546 fortasse
1305 517 1463 546 mordicus
1479 515 1681 546 abstulisset.

1066 560 1199 590 Moriar.
1220 559 1300 589 Coel.
1316 561 1369 590 31.
1393 569 1501 589 sermo
1518 561 1667 589 moritur.

1066 603 1221 633 Mortuus
1237 602 1384 642 plausus.
1409 603 1481 633 Att.
1497 602 1530 632 ii.
1551 606 1600 637 19.
1622 603 1749 639 tenuis,

1024 656 1156 688 parvus.
1645 684 1647 686 q

1068 690 1247 720 Morosicas.
1270 690 1333 720 Off.
1352 691 1372 720 i.
1389 692 1442 720 25.
1467 689 1530 719 vid.
1548 699 1698 720 morosus.

1071 733 1228 769 Mor-osus,
1245 733 1448 769 fastidiosuS,
1466 734 1518 763 cui
1547 733 1631 763 nihil
1654 732 1751 763 facile

1027 777 1196 817 probatur.
1220 778 1312 807 Orat.
1332 779 1383 812 29.
1408 776 1449 806 ad
1474 777 1551 807 Div.
1568 777 1623 806 vii.
1642 779 1691 807 15.
1714 776 1757 816 Ω.

1030 821 1081 851 Fr.
1099 821 1132 850 ii.
1149 823 1180 851 4.

1072 864 1173 894 Illon-
1208 863 1327 904 plural.
1359 863 1495 894 Tuscul.
1518 864 1543 893 i.
1575 866 1628 894 48.
1659 862 1758 893 clarae

1031 912 1159 938 mortes.

1075 951 1217 988 Marsus,
1230 960 1290 991 pro
1315 950 1426 981 dolore
1442 950 1567 981 leviori.
1591 947 1692 979 Tusc.
1710 949 1761 979 iii.

1034 998 1086 1027 34.
1111 1005 1236 1024 morsus
1259 995 1375 1024 animi.
1406 994 1461 1024 sed
1486 995 1521 1024 in
1545 1003 1666 1033 genere
1698 1003 1758 1032 pro

1033 1038 1155 1068 dolore.
1187 1039 1252 1068 Off.
1268 1039 1302 1068 ii.
1317 1042 1347 1072 7.
1372 1047 1496 1068 morsus
1519 1038 1659 1067 acriores
1680 1042 1760 1067 sunt

1036 1082 1234 1112 intermissae
1250 1091 1349 1120 quam
1367 1086 1508 1111 retentae
1526 1081 1700 1110 libertatis.

1078 1126 1158 1156 Mas.
1185 1125 1309 1155 Caecin.
1321 1129 1352 1158 7.
1376 1125 1495 1155 deduci
1514 1125 1661 1154 moribus.
1679 1122 1760 1153 ibid.

1038 1173 1065 1200 1.
1081 1169 1172 1199 facta
1185 1169 1231 1198 vis
1243 1173 1294 1198 est
1307 1170 1456 1199 moribus.
1474 1169 1513 1198 de
1525 1168 1555 1197 vi
1573 1167 1674 1204 civili,
1686 1175 1761 1206 quae

1036 1214 1173 1249 dicitur,
1191 1212 1229 1242 de
1243 1222 1309 1250 qua
1323 1222 1382 1242 suo
1394 1212 1478 1242 loco.

1080 1256 1201 1286 llIotus.
1240 1256 1328 1286 Part.
1364 1259 1394 1286 3.
1429 1257 1464 1286 in
1496 1255 1608 1285 animo
1650 1253 1730 1293 quid
1745 1254 1760 1284 ?

1037 1302 1130 1331 Orat.
1170 1300 1192 1329 i.
1233 1301 1286 1330 25.
1325 1300 1448 1339 ingenii
1485 1299 1607 1328 celeres
1649 1303 1764 1328 motus.

1038 1344 1133 1374 Brut.
1167 1344 1220 1374 66.
1251 1348 1355 1373 motus
1394 1343 1523 1383 plenuS‚
1551 1342 1590 1372 de
1621 1342 1764 1371 actione.

1038 1389 1128 1418 Sext.
1156 1391 1187 1420 7.
1211 1387 1322 1416 fuerat
1355 1386 1410 1416 ille
1441 1395 1548 1416 annus
1578 1386 1612 1415 in
1641 1394 1767 1424 magno

1040 1432 1120 1471 reip.
1140 1435 1237 1461 motu.
1261 1430 1303 1460 cf.
1319 1430 1392 1460 Cat.
1407 1430 1441 1460 ii.
1459 1431 1490 1459 2.

1083 1475 1218 1511 Move-rt,
1231 1473 1270 1503 de
1287 1474 1432 1513 ingenio.
1457 1472 1558 1503 Acad.
1575 1473 1596 1502 i.
1615 1477 1646 1507 9.
1663 1472 1706 1502 cf.
1724 1472 1767 1503 ad

1041 1519 1169 1549 Divers.
1195 1528 1246 1547 xv.
1272 1519 1323 1548 21.
1349 1521 1446 1547 acute
1470 1517 1667 1546 movebatur.
1690 1516 1709 1534 ²¹·
1725 1516 1765 1546 de

1040 1563 1126 1592 visis.
1150 1561 1252 1591 Acad.
1272 1562 1314 1591 iv.
1335 1564 1384 1591 11.
1404 1564 1454 1591 15.
1478 1569 1552 1590 vere
1579 1560 1768 1589 inaniterne

1042 1610 1219 1636 moveatur.
1237 1614 1356 1644 nempe
1373 1614 1448 1635 vere
1475 1613 1640 1634 movemur
1667 1604 1771 1633 inter-

1042 1650 1112 1686 diu,
1125 1649 1271 1679 inaniter
1281 1653 1384 1678 noctu
1397 1649 1430 1678 in
1445 1647 1641 1683 somniis,ex
1654 1647 1769 1686 vulga-

1043 1694 1069 1723 ri
1088 1693 1222 1732 quidem
1240 1691 1409 1731 opinione.
1432 1691 1489 1721 sed
1513 1690 1702 1721 Academici
1720 1694 1771 1720 et-

1044 1738 1109 1767 iam
1124 1736 1268 1766 interdiu
1284 1736 1427 1765 inaniter
1438 1736 1555 1765 moveri
1568 1743 1624 1764 nos
1637 1738 1772 1774 putant.

1043 1781 1062 1799 *ἱ
1080 1781 1150 1810 Fin.
1172 1780 1206 1810 ii.
1228 1782 1277 1809 1⁷0.
1301 1779 1454 1819 voluptas
1471 1787 1609 1815 movens,
1632 1778 1773 1817 opponi-

1043 1829 1101 1855 tur
1117 1824 1232 1853 stanti.
1262 1823 1281 1841 *²
1293 1833 1370 1852 cum
1396 1832 1537 1862 praepos.
1554 1822 1599 1851 in.
1629 1821 1701 1851 Att.
1717 1821 1775 1851 vii.

1048 1872 1077 1899 5.
1097 1869 1131 1897 in
1148 1866 1336 1896 valetudine
1354 1866 1492 1903 alicujus
1505 1866 1636 1896 moveri.
1659 1865 1678 1882 *²
1695 1874 1772 1894 cum

1046 1921 1185 1952 praepos.
1210 1920 1241 1947 a,
1259 1920 1319 1949 pro
1342 1910 1502 1949 accipere.
1528 1908 1606 1939 ibid.
1634 1909 1655 1937 i.
1681 1910 1730 1939 12.
1755 1917 1776 1938 a

1049 1954 1183 1985 Caecilio
1201 1963 1342 1983 numum
1356 1963 1479 1983 movere
1489 1962 1555 1982 non
1573 1957 1724 1991 possunt.
1741 1961 1772 1982 v-

1051 2003 1122 2029 not.
1139 1997 1179 2027 cf.
1205 1997 1311 2027 Flacc.
1331 2000 1379 2032 19.
1395 2007 1471 2026 cum
1491 2007 1542 2025 ex.
1562 1995 1602 2025 N.
1618 1996 1661 2025 D.
1680 1993 1726 2025 iii.
1743 1997 1775 2025 2.

1049 2053 1085 2072 ex
1101 2041 1270 2071 sententia
1285 2051 1338 2070 me
1355 2050 1526 2078 nunquam
1537 2039 1680 2069 movebit.
1704 2038 1723 2057 ²*
1735 2038 1778 2068 ad

1051 2086 1123 2116 Att.
1140 2085 1195 2115 vii.
1221 2088 1260 2114 ut
1283 2094 1392 2114 meam
1418 2083 1473 2113 ille
1490 2083 1696 2113 sententiam
1710 2093 1775 2112 mo-

1053 2134 1139 2165 vem,
1168 2130 1189 2158 i.
1219 2128 1333 2165 faciat,
1353 2132 1391 2158 ut
1422 2133 1565 2163 mutem,
1595 2126 1780 2156 dimittam.

1054 2176 1073 2195 ’κ
1090 2173 1147 2203 Or.
1165 2172 1197 2201 ii.
1209 2172 1260 2202 60.
1278 2171 1456 2202 ridiculum
1466 2174 1610 2201 movetur
1624 2170 1780 2200 acumine

1056 2220 1116 2246 διο.
1134 2217 1154 2246 i.
1172 2226 1201 2246 e.
1218 2216 1336 2245 oritur.

1100 2260 1226 2290 Macro.
1252 2259 1375 2289 Caecin.
1391 2260 1443 2293 29.
1460 2257 1514 2288 hic
1530 2260 1581 2287 est
1596 2266 1708 2287 mucro
1723 2255 1779 2286 de·
1803 2256 1810 2263 '

1056 2303 1215 2334 fensionis
1231 2308 1310 2332 tuae.

1100 2347 1287 2384 Mag-imeri,
1299 2345 1393 2375 tarde
1409 2345 1535 2382 conari,
1548 2353 1686 2374 cessare.
1710 2342 1781 2373 Att.

1057 2392 1120 2421 xvi.
1142 2392 1191 2421 12.
1215 2390 1294 2419 dum
1321 2394 1359 2420 tu
1384 2390 1581 2427 maginaris,
1610 2397 1671 2417 nec
1698 2386 1783 2416 mihi

1058 2434 1222 2470 rescribis,
1236 2434 1306 2473 cepi
1326 2432 1502 2463 consilium
1516 2431 1750 2462 domesticum.

1101 2478 1254 2516 fllugz'tus
1268 2482 1378 2507 terrae.
1403 2476 1477 2506 Div.
1496 2476 1516 2505 i.
1537 2479 1586 2506 18.

1101 2521 1281 2551 Maleatas.
1306 2520 1402 2550 Brut.
1419 2521 1471 2550 22.
1494 2519 1671 2558 scriptores
1696 2516 1783 2548 male

1057 2566 1205 2602 mulcati,
1229 2565 1284 2603 qui
1315 2563 1445 2602 assequi
1475 2562 1660 2592 dictantem
1688 2562 1785 2591 nimis

1057 2609 1210 2638 celeriter
1225 2617 1291 2638 non
1307 2611 1474 2648 poterant.

1100 2652 1330 2682 lllulierarius.
1370 2650 1451 2680 Coel.
1497 2651 1550 2681 28.
1591 2649 1787 2679 mulieraria

1071 2705 1104 2724 m
1135 2705 1194 2725 us:
1221 2695 1254 2724 h.
1279 2705 1308 2725 e.
1333 2704 1353 2724 a
1369 2695 1506 2724 muliere
1522 2694 1633 2723 missa.

1097 2738 1307 2769 Mzutmzicus.
1341 2738 1431 2768 Sext.
1454 2740 1507 2768 38.
1531 2737 1703 2767 mulionica
1731 2744 1790 2774 pe-

1058 2782 1151 2812 nula.

1100 2822 1228 2863 ΛΙαίία,
1252 2835 1351 2866 poena
1365 2824 1571 2864 pecuniaria.
1596 2822 1720 2853 Caecin.
1736 2823 1791 2853 33.

1057 2869 1140 2909 legis
1157 2871 1276 2902 multa.
1298 2869 1392 2901 Verr.
1410 2868 1432 2899 i.
1449 2868 1501 2900 60.
1538 2868 1681 2899 multam
1698 2870 1792 2906 pete·
