1920 3196
228 111 315 150 454

229 210 288 239 ubi
305 207 452 245 additur,
479 217 569 238 nunc
586 212 721 249 tempus
740 209 871 241 nullum
901 215 973 243 est:

234 253 256 282 i.
272 262 302 282 e.
319 262 410 282 nunc
429 251 513 281 nibil
536 256 587 281 est
613 256 749 292 propter
765 254 854 292 quod
880 255 914 284 id
928 255 978 285 fa-

233 296 338 326 ciant.
384 295 490 326 Aliter
529 300 643 325 autem
676 301 728 326 est
756 296 826 327 haec
856 297 975 336 forma,

237 339 342 369 Attica
360 350 392 369 x.
428 342 455 369 l.
479 349 519 368 ea·
534 344 674 379 tempore
695 340 811 370 sutura
835 351 974 380 censes;

238 392 359 423 nempe
377 392 448 422 pro,
462 393 500 412 ex
519 384 674 422 praesenti
692 389 853 423 tempore.
878 386 895 402 2‘
914 385 976 415 Ca-

237 426 289 456 t-il.
307 427 329 456 i.
347 428 377 457 6.
403 425 486 456 nihil
505 426 644 463 moliris,
661 427 748 465 quod
766 427 847 457 mihi
870 427 975 459 latere

239 469 350 500 valeat
365 470 399 499 in
415 474 564 509 tempore.
611 471 760 500 Graerius
775 471 975 512 iuterpreta-

239 516 316 543 tur:
347 516 538 553 tempestive.
571 523 677 553 neque
705 514 822 544 dubito
844 515 905 545 hoc
932 516 975 545 si-

238 557 398 595 gnificare
414 558 446 587 in
464 561 603 596 tempore
619 567 723 597 posse.
736 558 793 587 sed
811 558 889 597 quid
901 565 972 589 est:

237 600 321 630 nihil
336 600 417 630 mihi
430 600 512 630 latet
523 601 744 640 tempestive?
759 611 824 631 non
839 609 889 632 est
901 612 975 642 pro-

236 643 325 673 fecto
356 644 555 673 conveniens
586 644 663 674 huic
695 644 766 674 loco
797 647 974 676 sententia.

237 686 356 725 Neque
374 687 632 717 Ciceronianum
660 691 761 727 puto:
787 688 890 718 latere
919 699 973 719 va—

237 730 297 767 let,
316 741 376 770 pro
392 735 514 771 potest.
538 732 555 749 *
574 730 611 760 Iu
626 731 786 769 singulari
803 742 861 771 pro
877 740 971 772 parte

236 774 371 814 capitis,
403 775 442 804 de
473 784 538 813 qua
573 774 738 813 pluralem
777 775 877 805 modo
908 777 972 806 (lici

234 817 452 848 Grammatici
469 817 678 857 praecipiunt.
702 819 826 849 Heren.
850 821 891 849 iv.
919 823 971 851 55.

234 864 268 890 et
285 861 454 891 dubitanti
481 861 799 901 Graccho—tempus
815 864 973 901 percutit.

234 904 396 934 Similiter
413 905 496 935 dixit
513 904 664 935 Catullus
678 906 711 934 in
732 906 836 945 Nupt.
852 906 920 937 sul.
937 914 972 938 et

233 948 340 978 Mani.
361 953 430 983 159.
455 953 579 987 tempus
590 949 785 979 tremulum.

279 992 459 1023 Tenacitas.
498 992 577 1022 Nat.
608 993 651 1023 D.
678 993 711 1022 ii.
738 996 791 1026 47.
817 993 969 1032 quaedam

232 1036 393 1066 animalia
405 1036 569 1076 unguium
584 1037 756 1066 tenacitate
768 1036 878 1067 cibum
889 1039 970 1069 arri-

231 1079 341 1119 piunt.

278 1123 469 1154 Tendiculoe.
488 1124 612 1154 Caecin.
629 1125 680 1155 93.
697 1124 839 1164 aucupia
855 1125 969 1155 verbo-

232 1175 307 1196 rum
333 1174 367 1197 et
391 1168 564 1197 literarum
589 1168 786 1198 tendiculae:
812 1174 892 1198 sunt
917 1170 969 1199 in-

231 1215 419 1251 terpretum
438 1211 519 1250 legis
535 1215 593 1241 aut
617 1212 729 1249 edicti,
746 1221 822 1241 cum
842 1213 875 1241 in
893 1212 967 1243 lite-

230 1254 275 1283 ris
301 1258 335 1284 et
360 1255 466 1285 verbis
492 1255 755 1292 calumniantur,
773 1260 808 1285 et
834 1255 966 1287 literam

229 1298 330 1328 nimis
348 1304 465 1328 contra
479 1309 593 1328 verum
612 1306 645 1328 et
662 1308 795 1338 aequum
812 1305 945 1338 urgent.

274 1341 431 1379 Tendere,
448 1343 578 1379 offerre,
594 1343 775 1382 porrigere.
798 1342 855 1373 Or.
872 1345 894 1373 i.
909 1347 963 1375 40.

228 1394 327 1424 opem
353 1386 468 1416 amicis
487 1391 521 1415 et
551 1396 652 1426 prope
679 1387 808 1416 cunetis
840 1387 964 1419 civibus

227 1427 338 1459 lucem
355 1430 480 1467 ingenii
507 1434 541 1459 et
565 1430 693 1460 consilii
720 1430 770 1460 sui
796 1430 966 1469 porrigen-

226 1477 299 1503 tem
339 1478 441 1512 atque
483 1474 675 1504 tendentem.
713 1474 731 1492 ²*
748 1474 964 1514 contendere,

227 1526 388 1555 pugnare.
412 1517 482 1546 Pin.
496 1518 530 1547 ii.
549 1520 577 1547 5.
603 1518 680 1556 quid
695 1527 772 1556 ergo
785 1518 885 1548 tendit
899 1519 915 1547 ?
934 1529 963 1549 v.

227 1560 342 1591 Dzm's.
359 1561 399 1590 ad
415 1560 446 1590 h.
465 1560 486 1591 l.
511 1561 583 1590 Hoc
606 1570 703 1591 sensu
732 1561 823 1591 Livio
847 1562 880 1591 in
898 1563 964 1602 pri·

227 1604 290 1634 mis
323 1605 497 1635 usitatum.
527 1615 556 1634 v.
586 1604 689 1635 Gron.
718 1605 760 1635 ad
787 1605 879 1636 xxiii.
914 1609 962 1637 14.

228 1648 330 1679 xxxii.
343 1650 395 1679 32².

240 1707 245 1710 -
271 1691 434 1730 Y'enebroe,
451 1693 659 1733 perturbatio
676 1693 816 1734 reipubl.
834 1693 962 1724 bellum

226 1735 332 1765 civile.
356 1736 454 1767 Rosc.
481 1738 556 1767 Am.
573 1739 624 1767 39.
650 1738 719 1775 qui,
743 1741 916 1776 tamquam
934 1739 961 1768 si

223 1779 330 1809 offusa
355 1780 436 1820 reip.
467 1781 670 1820 sempiterna
696 1790 759 1810 nox
786 1785 886 1818 esset,
914 1783 962 1812 ita

223 1823 369 1853 ruebant
379 1825 412 1853 iu
421 1826 570 1861 tenebris,
579 1825 757 1863 omniaque
767 1825 960 1855 miscebant.

223 1867 300 1897 Sen.
319 1877 350 1906 p.
366 1867 405 1898 R.
423 1871 453 1898 3.
479 1878 518 1898 ex
530 1868 706 1907 superioris
724 1870 802 1898 anni
819 1869 961 1907 caligine

223 1916 260 1940 et
287 1912 432 1941 tenebris.
458 1911 559 1942 Dom.
580 1915 626 1941 10.
650 1922 724 1950 quae
747 1918 820 1942 tum
838 1913 872 1942 in
895 1913 960 1943 illis

224 1955 366 1994 reipubl.
382 1955 765 1985 tenebris—constituisti
782 1968 789 1986 :
812 1956 891 1986 ibid.
905 1959 959 1987 44.

222 1998 288 2028 illis
304 1999 410 2029 tantis
432 2000 578 2031 tenebris.
598 1999 638 2029 cf.
657 1999 698 2029 ad
721 2000 797 2030 Div.
826 2000 881 2030 xii.
911 2003 959 2031 13.

223 2042 322 2072 *Ate
338 2043 394 2073 vii.
419 2046 468 2073 ll.
492 2052 615 2082 qua-ssu,
633 2043 711 2082 quid
729 2043 842 2082 agitur
858 2045 870 2073 ?
897 2044 960 2074 mi·

223 2085 258 2115 hi
284 2086 373 2116 enim
397 2087 544 2116 tenebra:
567 2092 657 2116 sunt.
682 2090 700 2108 ᾗ
719 2088 856 2117 tenehrae
880 2094 960 2118 sunt

223 2129 326 2159 etiam
343 2129 517 2159 hominum
536 2130 741 2169 abjectorum
764 2137 799 2161 et
826 2130 961 2161 humili-

220 2182 280 2202 um
305 2177 340 2202 et
363 2183 550 2213 pravorum.
584 2174 660 2203 Sen.
688 2184 720 2214 p.
747 2174 786 2204 R.
810 2177 840 2204 4.
866 2185 959 2205 mens

222 2216 358 2256 oppleta
372 2217 521 2248 sordibus
546 2228 584 2247 ac
611 2219 767 2248 tenebris.-
800 2217 890 2249 unde
907 2219 959 2248 Pi-

222 2269 296 2289 son.
327 2261 379 2291 26.
413 2262 562 2291 tenebras
594 2261 740 2301 appellat
768 2261 956 2300 hujusmodi

221 2303 404 2334 hominem.
429 2305 447 2322 ’ἓ
464 2306 598 2335 tenebrae
614 2310 693 2334 suut
720 2306 822 2335 etiam
851 2305 958 2335 homi-

223 2348 288 2384 nis,
306 2348 353 2377 ita
368 2348 402 2377 in
419 2349 588 2387 angustias
607 2349 745 2385 redacti,
761 2354 800 2377 ut
824 2354 956 2386 aestuet,

221 2391 429 2430 neseiatque,
446 2391 526 2430 quid
538 2396 625 2430 agat.
644 2392 676 2421 in
695 2391 807 2422 (jaecil.
828 2394 875 2422 14.
900 2393 956 2431 qui

218 2434 283 2466 tibi
292 2439 406 2473 aestus,
421 2436 476 2473 qui
487 2445 590 2472 error,
599 2445 671 2474 quae
681 2436 818 2465 tenebre>
829 2437 952 2466 erunt?

221 2477 240 2495 ‘⁵
255 2477 294 2507 de
314 2478 503 2508 vehementi
520 2479 623 2508 animi
640 2479 879 2516 commotione,
895 2480 956 2509 tri-

219 2522 313 2551 stitia
329 2522 388 2551 ἃο.
411 2521 511 2552 Tusc.
530 2523 575 2552 iii.
594 2525 646 2553 34.
670 2523 697 2552 si
715 2523 794 2561 quid
810 2524 955 2553 tenebra-

218 2575 294 2595 rum
313 2565 441 2595 obfudit
458 2565 607 2596 exilium.

264 2609 501 2646 fenebricosus,
548 2610 600 2639 cui
648 2609 797 2639 tenebrae
839 2609 953 2640 ofl'usae

217 2658 311 2688 sunt,
327 2658 367 2682 ut
384 2653 493 2682 videre
510 2662 626 2682 verum
641 2658 707 2682 non
722 2655 835 2693 possit.
851 2653 953 2684 Aead.

215 2696 258 2726 iv.
277 2698 328 2726 523.
353 2706 422 2725 esse
439 2706 554 2726 sensus
579 2695 713 2735 quidem
742 2707 808 2726 non
836 2697 953 2727 obscu-

215 2749 268 2770 ros
286 2739 379 2775 dicit,
397 2750 458 2769 nec
479 2741 694 2776 tenebricosos,
713 2741 760 2770 sie
787 2741 877 2770 enim
896 2750 954 2780 ap-

213 2782 319 2824 pellat
335 2784 539 2814 eos—Chius
557 2784 779 2814 Metrodorus.
805 2784 822 2802 ’ἕ
838 2784 950 2814 Vatin.

214 2830 246 2858 5.
270 2828 588 2858 tenebricosissimwn
616 2827 700 2857 illud
724 2833 859 2867 tempus
883 2828 953 2857 ine-

212 2871 305 2900 untis
337 2872 444 2900 oetatis
476 2877 543 2901 tuae
574 2871 684 2911 patiar
713 2871 832 2901 latere:
858 2871 891 2901 h.
924 2881 954 2901 e.

212 2923 278 2954 quo
295 2914 403 2947 adhuc
429 2915 588 2947 obscurus
612 2922 659 2946 et.
673 2915 839 2954 sordidus,
864 2915 954 2956 abje-

754 122 914 152 ‚lxnnx
946 125 1240 154 LATIMTATIS.

1021 218 1108 251 ctus,
1121 214 1220 244 homo
1237 223 1329 252 eras;
1355 215 1393 244 ut
1416 223 1456 244 ex
1472 213 1687 253 sequentibus
1704 211 1763 249 inf-—

1021 257 1197 296 telligitur.

1065 301 1265 330 Tenebricus.
1276 299 1378 330 Tuse.
1387 301 1420 330 ii.
1433 306 1464 335 9.
1477 302 1636 331 τεηεόνὶεα
1645 298 1762 339 plaga.v

1064 343 1178 374 Tener.
1204 344 1243 373 de
1259 344 1412 374 omnibus
1439 345 1535 374 rebus
1562 343 1754 380 dicitur,de

1019 388 1137 425 quibus
1155 387 1262 416 mollis
1278 387 1342 417 dici
1359 388 1453 418 solet.
1485 389 1543 418 Or.
1560 388 1605 417 iii.
1622 390 1675 417 45.
1701 386 1752 415 ni-

1019 429 1063 460 hil
1081 436 1131 460 est
1147 436 1216 460 tam
1242 435 1390 461 tenerum
1415 441 1521 470 neque
1539 437 1608 461 tam
1627 430 1753 459 flexibi-

1018 473 1207 512 le,-quam
1224 475 1341 504 oratio.
1368 485 1487 514 nempe
1509 475 1614 504 oratio
1640 479 1752 504 tenera

1018 523 1080 554 est,
1098 522 1263 555 quatenus
1280 519 1376 548 variis
1400 518 1505 548 modis
1532 518 1752 547 collocatione

1017 565 1051 589 et
1068 570 1206 590 numero
1223 560 1357 591 formari
1384 566 1506 601 potest,
1521 566 1560 591 ut
1583 571 1670 596 cera,
1689 569 1762 589 vox·

1018 604 1078 633 διο.
1097 603 1138 634 cf.
1150 604 1312 635 flexibilis.
1325 605 1382 634 scd
1398 605 1494 635 aliter
1507 605 1628 635 dicitur
1641 609 1754 634 tenera

1016 648 1134 684 oratio,
1165 647 1259 677 Brut.
1289 652 1319 682 9.
1344 648 1522 678 Phalereus
1548 649 1674 688 primus
1701 648 1754 677 in-

1017 690 1109 720 flexit
1123 691 1323 728 orationem,
1345 696 1379 721 et
1403 702 1476 721 eam
1502 691 1638 721 mollem
1665 696 1751 721 tene·

1015 743 1151 774 ramque
1166 734 1309 764 reddidit
1323 746 1330 764 ι
1366 745 1486 775 nempe
1504 736 1543 765 de
1560 745 1599 764 eo
1616 743 1751 773 genere,

1016 778 1103 816 quod
1125 778 1283 815 nitidum,
1302 778 1452 820 γλαφυρὴ
1467 778 1601 814 dicitur,
1628 779 1662 807 in
1686 788 1753 817 quo

1015 821 1099 851 nulli
1130 822 1234 858 nervi,
1266 821 1361 851 nulla
1385 822 1543 861 asperitas
1567 821 1756 860 judicialis„

1015 864 1099 894 nulli
1117 864 1224 894 aculei
1243 877 1253 903 ;
1288 864 1346 894 sed
1362 865 1449 904 quod
1465 870 1576 895 totum
1603 865 1645 894 ad
1661 864 1750 894 dele-

1014 909 1196 938 ctationem
1214 913 1445 948 comparatum
1461 913 1523 938 est.
1538 908 1557 927 *
1572 908 1649 938 Div.
1663 909 1748 939 i.3l.

1013 955 1133 991 poema
1150 957 1296 983 tenerum
1314 956 1349 981 et
1371 956 1538 982 moratum
1561 959 1595 981 et
1622 952 1720 982 molle
1739 963 1747 982 z

1012 994 1049 1025 h.
1066 1006 1095 1026 e.
1121 995 1209 1035 quod
1238 1000 1374 1036 propter
1405 1006 1526 1032 mores,
1555 995 1749 1035 planissime

1011 1048 1195 1078 expressos,
1233 1039 1378 1069 multum
1424 1040 1598 1069 suavitatis
1635 1039 1748 1070 habet.

1011 1082 1029 1100 ἕ
1046 1083 1102 1121 qui
1119 1082 1216 1113 facile
1232 1093 1331 1113 sensu
1344 1082 1484 1121 alicujus
1500 1083 1546 1114 rei
1559 1092 1755 1113 commove«

1010 1131 1077 1156 tur.
1102 1126 1143 1156 ad
1160 1127 1236 1157 Div.
1253 1137 1284 1157 v.
1301 1129 1354 1156 21.
1377 1128 1534 1157 teneriore
1562 1126 1674 1156 animo
1698 1137 1750 1157 es-

1010 1179 1056 1200 se.
1071 1169 1172 1200 Tusc.
1195 1170 1242 1200 iii.
1265 1171 1296 1200 6.
1320 1173 1371 1199 est
1393 1171 1426 1200 in
1449 1170 1568 1200 animis
1596 1175 1744 1201 tenerum

1010 1213 1167 1252 quiddam
1185 1218 1286 1252 atque
1298 1213 1410 1251 molle,
1427 1213 1515 1253 quod
1531 1213 1747 1253 aegritudine,

1009 1257 1101 1295 quasi
1120 1260 1336 1297 tempestate,
1361 1258 1546 1296 quatiatur.
1579 1257 1598 1275 ff
1614 1257 1684 1288 Att.
1700 1258 1745 1288 vi.

1009 1303 1040 1331 2.
1076 1301 1186 1331 insula
1208 1305 1321 1331 tenera
1344 1301 1467 1331 dicitur
1500 1301 1641 1342 Cyprus,
1668 1311 1744 1341 pro-

1009 1349 1085 1385 pter
1097 1344 1268 1374 mollitiem
1286 1345 1484 1375 incolarum.

1053 1388 1186 1425 Tenere,
1202 1392 1351 1427 tangere.
1377 1388 1457 1418 Har.
1474 1389 1514 1419 R.
1538 1391 1585 1418 ll.
1617 1393 1743 1418 terram

1007 1435 1114 1462 tenere
1126 1441 1191 1462 non
1204 1433 1322 1471 potuit.
1339 1432 1386 1462 sie
1402 1437 1491 1462 recte
1501 1432 1744 1472 interpretatur

1007 1475 1169 1513 Graevius,
1185 1485 1283 1514 quem
1300 1475 1385 1506 vide.
1407 1479 1426 1496 ’κ
1443 1476 1621 1513 sustinere,
1639 1486 1680 1506 ne
1696 1476 1744 1506 la-

1006 1518 1106 1549 batur
1122 1529 1172 1549 res
1193 1526 1229 1549 et
1259 1520 1412 1550 intereat.
1435 1520 1492 1550 Or.
1513 1520 1558 1549 iii.
1575 1522 1628 1550 45.
1651 1525 1741 1550 terra

1006 1567 1133 1594 tenetur
1149 1567 1235 1593 nutu
1252 1572 1323 1593 suo.
1357 1564 1436 1594 Nat.
1464 1564 1507 1594 D.
1539 1564 1573 1593 ii.
1597 1566 1650 1594 53.
1673 1564 1744 1594 vita

1005 1608 1110 1637 tribus
1128 1606 1224 1637 rebus
1240 1611 1378 1637 tenebar.
1412 1606 1431 1625 ’ἢ
1448 1607 1482 1636 iu
1499 1610 1664 1647 potestate
1680 1616 1743 1637 sua.

1005 1649 1138 1687 habere,
1166 1660 1291 1689 regere.
1316 1651 1407 1681 Sext.
1436 1653 1483 1685 19.
1507 1654 1616 1681 tenere
1631 1660 1738 1691 remp.

1003 1693 1094 1724 unde
1111 1695 1167 1733 qui
1177 1698 1298 1731 tenent,
1311 1694 1447 1730 dicitur,
1461 1695 1583 1724 omisso
1600 1694 1744 1734 reipubl.

1004 1738 1102 1768 verbo
1124 1739 1195 1769 Att.
1222 1738 1257 1768 ii.
1279 1741 1328 1768 18.
1351 1738 1406 1767 vii.
1427 1740 1474 1768 12.
1499 1738 1588 1768 Mur.
1614 1741 1666 1772 39.
1689 1741 1742 1768 to-

1003 1785 1073 1812 tam
1093 1792 1200 1821 remp.
1214 1781 1249 1811 in
1267 1782 1328 1812 hac
1339 1791 1439 1811 causa
1454 1783 1566 1812 tenetis
1575 1785 1609 1811 et
1620 1782 1742 1821 guber-

1004 1826 1103 1855 natis.
1128 1825 1169 1855 ad
1186 1825 1261 1856 Div.
1281 1826 1325 1855 xi.
1344 1825 1392 1855 16.
1407 1835 1483 1855 cum
1498 1826 1648 1864 equitum
1663 1834 1744 1855 cen-

1003 1869 1107 1899 turias
1125 1873 1244 1906 teneas,
1269 1869 1303 1898 in
1328 1869 1447 1907 quibus
1465 1878 1594 1908 regnas.
1618 1869 1690 1899 Att.
1705 1879 1756 1900 x.-

1007 1914 1055 1943 11.
1080 1923 1140 1952 ego
1157 1922 1271 1943 meum
1294 1912 1390 1942 facile
1406 1918 1503 1943 teneo.
1520 1913 1539 1931 ’ἓ
1552 1913 1742 1951 continere,

1002 1957 1194 1997 reprimere.
1218 1955 1288 1986 Fin.
1305 1956 1338 1986 ii.
1364 1960 1395 1990 7.
1419 1961 1525 1987 tenere
1547 1966 1581 1986 se
1599 1965 1665 1986 non
1681 1966 1740 1996 po-

1001 2001 1080 2030 tuit.
1098 2000 1140 2030 cf.
1157 2000 1258 2030 Acad.
1285 2000 1327 2029 iv.
1343 2002 1375 2030 4.
1398 1999 1491 2030 Verr.
1507 2000 1552 2030 iii.
1575 2004 1601 2030 Ι.
1631 2005 1738 2030 tenere

1003 2044 1214 2083 cupiditates.
1232 2043 1250 2061 '¹‘
1262 2044 1432 2082 consequi,
1449 2043 1538 2083 quod
1553 2043 1645 2080 velis,
1659 2053 1739 2073 con·

1002 2088 1100 2117 ficere
1121 2097 1203 2118 rem.
1219 2086 1261 2117 ad
1277 2088 1354 2117 Div.
1371 2087 1392 2117 i.
1421 2091 1448 2117 1.
1471 2097 1522 2117 res
1540 2088 1637 2117 aliter
1652 2091 1740 2117 tene-

1002 2133 1032 2161 ri
1049 2140 1115 2160 non
1139 2135 1260 2171 potest.
1283 2131 1375 2161 Sext.
1401 2133 1455 2162 32.
1479 2141 1529 2162 res
1542 2131 1614 2169 jam
1631 2130 1741 2160 mani-

1001 2174 1062 2205 bus
1079 2179 1217 2205 tenetur.
1236 2173 1315 2214 Agr.
1333 2174 1368 2204 ii.
1388 2178 1436 2208 17.
1454 2175 1510 2214 qui
1526 2185 1586 2214 per
1601 2184 1736 2204 cursum

1002 2223 1131 2248 rectum
1149 2227 1290 2257 reguum
1309 2222 1414 2249 tenere
1440 2228 1508 2248 non
1532 2222 1741 2258 potuerunt:v

1000 2266 1114 2292 sumta
1138 2271 1158 2292 a
1179 2262 1392 2300 navigatione
1420 2261 1577 2298 formula,
1605 2262 1639 2291 in
1669 2271 1737 2300 qua

1001 2311 1114 2336 nautae
1141 2304 1301 2335 dicuntur
1325 2310 1457 2345 portum
1481 2310 1601 2342 tenere,
1627 2310 1667 2335 ut
1692 2304 1738 2334 ad

1000 2349 1077 2379 Div.
1109 2349 1130 2378 i.
1157 2352 1188 2382 9.
1211 2348 1230 2366 ’κ
1246 2350 1389 2387 assequi,
1420 2349 1619 2388 intelligere.
1645 2349 1734 2379 Sext.

1004 2396 1052 2423 10.
1087 2391 1274 2423 reconditos
1303 2401 1418 2423 sensus
1445 2393 1587 2431 alicujus
1617 2396 1736 2423 tenere.

1000 2439 1019 2457 ξ
1036 2437 1098 2466 uti.
1122 2435 1223 2466 Tuse.
1239 2437 1282 2466 iv.
1300 2439 1331 2466 3.
1366 2437 1444 2475 quia
1464 2436 1547 2466 nihil
1564 2436 1735 2476 prolatum

999 2485 1071 2510 erat
1103 2479 1236 2517 melius,
1268 2478 1314 2517 id,
1341 2480 1429 2519 quod
1456 2484 1540 2518 erat,
1573 2480 1736 2510 tenebant.

999 2523 1105 2553 Flacc.
1120 2525 1170 2553 93.
1181 2523 1254 2562 jam
1267 2522 1300 2552 id
1313 2523 1446 2562 videro3
1463 2523 1521 2553 sed
1535 2523 1679 2563 primum
1695 2522 1734 2553 il-

996 2566 1055 2597 lud
1065 2568 1179 2597 tenebo.
1189 2566 1366 2604 *retinere,
1377 2567 1542 2604 obtinere,
1550 2567 1649 2597 tueri.
1658 2567 1750 2601 Mun

996 2620 1066 2640 ren.
1080 2612 1130 2641 ΞΒ.
1148 2611 1316 2640 tenebatur
1329 2620 1430 2650 opera
1442 2610 1532 2640 illius
1542 2611 1737 2650 imperium.

995 2653 1066 2684 Att.
1085 2654 1153 2684 xiii.
1169 2657 1222 2685 48.
1248 2659 1355 2684 tenere
1379 2654 1613 2684 hereditatem.
1639 2653 1735 2685 Verr.

996 2698 1042 2727 iii.
1059 2699 1111 2731 75.
1137 2701 1242 2728 tenere
1266 2698 1443 2737 pecuniam
1471 2697 1563 2737 publ.
1581 2696 1661 2728 ibid.
1676 2699 1732 2731 73.

996 2741 1085 2780 quod
1099 2742 1245 2780 pretium
1272 2741 1514 2778 constituisset,
1531 2740 1563 2771 id
1590 2740 1735 2770 civitati-

994 2784 1055 2814 bus
1083 2783 1212 2814 auferre
1231 2796 1237 2813 :
1263 2784 1351 2823 quod
1378 2794 1397 2814 a
1413 2784 1536 2824 populo
1557 2784 1654 2814 Rom.
1677 2793 1736 2813 ac·

995 2828 1150 2867 cepisset,
1168 2832 1285 2858 !enere.
1308 2826 1381 2858 Act.
1394 2828 1415 2857 i.
1430 2828 1525 2858 Verr.
1542 2830 1572 2859 8.
1596 2827 1654 2857 sed
1671 2835 1745 2857 nos.

995 2881 1060 2901 non
1078 2872 1255 2902 tenebimus
1273 2871 1547 2910 udiciajdiutius.
1563 2870 1604 2900 ad
1620 2870 1661 2909 Ω.
1677 2870 1729 2900 Fr.

994 2915 1030 2948 ii.
1044 2915 1076 2949 6.
1107 2916 1161 2947 vix
1176 2916 1314 2955 tenebat,
1331 2925 1377 2947 sc.
1392 2914 1555 2947 familiam
1571 2913 1748 2955 gladiato„

1601 2975 1609 2987 ἱ
