1920 3196
214 94 300 141 474
734 95 879 126 1N1>Ex
910 97 1206 128 tumim-ris·

219 201 347 228 sorum,
375 188 544 221 Ciceronis
570 186 858 226 suffragationem,
884 182 956 214 haec

222 235 396 277 petitionis
413 232 560 263 subsidia
575 234 681 261 ventos
696 229 844 269 appellat
859 240 865 257 :
891 226 958 257 dux

222 283 259 310 et
273 283 390 309 auctor
414 277 506 306 nobis
522 284 604 316 opus
621 279 685 311 est,
701 278 736 303 et
751 280 867 302 eorum
882 279 960 300 ven-

221 328 344 359 torum,
357 331 439 361 quos
448 318 616 360 proposui,
626 316 817 347 moderator
824 313 960 353 quidam

224 372 260 397 et
276 366 490 405 gubernator.
514 362 533 381 *²
549 360 670 392 deinde
685 363 800 390 ventus
825 357 961 394 dicitur,

225 410 265 440 tle
297 410 394 439 rebus
423 407 463 437 ad
499 403 753 436 commovendas
785 401 961 431 conciones

226 453 341 494 populi
358 456 392 482 et
408 451 587 481 seditiones
614 446 754 483 idoneis,
771 445 810 475 de
838 443 962 474 invidia

224 497 325 527 alicui
355 495 443 535 apud
472 492 632 534 populum
662 490 762 520 facta.
792 487 876 518 Sull.
914 489 962 517 14.

224 544 341 571 ventus
356 540 391 569 in
406 539 572 578 optimum
599 542 765 573 quemque
783 532 962 562 excitatus.

226 585 280 614 Sic
297 583 392 622 capio
408 582 519 611 locum
549 578 684 609 Cluent.
714 578 767 607 28.
789 574 961 615 Quintius,

228 629 329 659 homo
345 625 489 656 maxime
504 621 687 664 popularis,
704 620 761 658 qui
776 627 893 648 omnes
910 627 964 646 ru-

228 680 363 702 morum
390 675 423 698 et
449 668 648 697 concionum
675 667 782 693 ventos
807 661 962 699 colligere

227 717 419 746 consuesset
434 724 440 741 :
472 721 539 740 non
556 719 602 739 sc.
619 708 659 737 de
674 707 807 748 plausu,
834 709 873 735 ut
892 703 963 743 syl-

227 760 314 796 vius,
330 767 391 787 nec
406 756 446 786 de
474 755 583 791 rebus,
600 761 672 791 quae
699 751 734 780 in
750 748 964 779 concionibus

230 803 390 833 dicuntur
413 804 447 829 et
465 804 613 837 aguntur
628 795 718 832 solis,
736 800 775 823 ut
792 792 940 822 Graevius
957 803 962 819 :

229 853 434 886 quamquam
451 852 518 872 non
542 843 622 871 sunt
638 840 678 868 ab
697 838 758 867 hoc
781 840 882 866 vento
909 845 963 864 ex-

230 888 426 925 cludendae3
452 886 490 915 iis
521 885 610 914 enim
639 886 783 911 utuntur
812 879 964 909 homines

228 932 405 973 populares
433 930 474 959 ad
498 928 674 957 conciones
705 922 904 959 incitandas,
931 924 965 951 et.

229 978 308 1007 hinc
335 975 436 1005 Gron.
463 973 547 1002 Scst.
574 972 615 1001 iv.
632 975 664 1003 9.
689 978 747 1008 per
769 967 840 997 haec
869 965 967 995 verba

229 1022 473 1059 interpretatur
485 1015 656 1046 hominen]
671 1009 899 1042 concionalem
913 1018 967 1048 ap.

230 1064 303 1095 Liv.
319 1063 366 1093 iii.
383 1061 443 1091 ult.
460 1060 518 1090 sed
530 1059 569 1088 de
585 1057 682 1088 rebus
699 1056 967 1094 quibuscunque,

230 1108 274 1137 ad
289 1105 477 1137 incitandos
494 1102 659 1138 homines,
676 1099 834 1139 plebeios,
852 1097 886 1126 in
902 1096 969 1136 pri-

230 1152 360 1189 misque
377 1148 566 1184 conciones,
583 1145 721 1175 idoneis.
765 1139 967 1180 Hujusmodi

232 1205 312 1234 ergo
330 1203 379 1223 res
396 1192 542 1222 studiose
555 1188 713 1228 captabat
725 1184 893 1226 popularis
911 1183 969 1212 ho·

232 1249 300 1276 mo,
317 1237 436 1276 quibus
448 1235 625 1264 conciones
641 1238 863 1264 commovere,
875 1231 909 1257 et
922 1227 970 1256 ita

232 1283 305 1312 aliis
340 1279 499 1310 invidiam
536 1275 688 1307 faciendo
721 1275 790 1314 ipse
822 1280 968 1301 crescere

233 1332 356 1366 posset.
379 1323 497 1361 Neque
514 1330 591 1350 vero
604 1324 728 1354 ventus,
747 1325 845 1356 quem
863 1314 969 1354 Quin-

230 1370 300 1399 tius
323 1378 362 1398 eo
389 1374 538 1406 tempore
563 1363 756 1401 collegerat,
773 1365 819 1397 ct,
837 1368 901 1397 quo
929 1359 968 1387 dc

231 1415 355 1453 agitur,
373 1414 446 1440 erat
462 1419 512 1439 res
528 1409 563 1438 in
579 1406 739 1436 concione
755 1408 844 1440 acta,
856 1401 913 1432 sed
936 1402 970 1430 in

225 1457 369 1497 judicio,
386 1463 502 1484 xerum
518 1451 612 1481 valde
637 1447 903 1483 accommodata,
929 1445 971 1474 ad

233 1499 397 1541 populum
419 1500 535 1527 contra
546 1494 675 1534 judicia
699 1490 873 1521 senatoria
888 1489 971 1519 inci-

231 1544 387 1574 tandum.
425 1543 535 1579 Atque
552 1539 638 1568 hanc
655 1534 969 1575 interpretationem

234 1589 338 1627 ipsius
369 1582 629 1624 comparationis
665 1580 750 1610 ratio
781 1578 969 1607 confirmat.

232 1631 299 1661 vid.
316 1630 450 1661 Cluent.
468 1631 521 1658 40.
547 1632 632 1656 extr.
663 1624 681 1642 ᾗ
698 1623 758 1653 Est
783 1622 885 1651 etiam
912 1629 971 1660 pro

233 1676 337 1712 fama,
353 1677 518 1713 quatenus
545 1670 692 1708 aliquam
714 1664 971 1697 similitudinem

235 1728 314 1750 cum
329 1723 431 1747 vento
456 1715 568 1744 habet.
591 1712 632 1743 ad
647 1711 725 1742 Div.
754 1710 822 1739 viii.
846 1712 877 1739 8.
903 1717 972 1737 ma-

236 1772 304 1804 gna
317 1761 406 1791 illico
422 1760 513 1790 fama
524 1756 682 1793 surrexit,
699 1757 733 1784 et
749 1753 789 1783 (le
806 1751 973 1782 damnati-

235 1816 300 1837 one
325 1805 496 1835 ferventer
524 1801 614 1839 loqni
638 1803 690 1829 est
719 1801 878 1837 coeptum.
907 1804 973 1834 quo

235 1855 328 1882 vento
345 1847 518 1889 projicitur
538 1844 665 1884 Appius
687 1842 810 1878 minor,
828 1847 865 1869 ut
890 1838 974 1868 indi-

237 1898 292 1925 cet
307 1893 367 1923 &e.
390 1892 409 1910 ²*
426 1891 573 1920 fortuna.
602 1888 674 1917 Att.
690 1886 724 1917 ii.
741 1888 768 1914 l.
795 1885 975 1919 Caesarem,

237 1937 333 1977 cujus
360 1944 451 1966 nunc
475 1933 562 1963 venti
588 1930 682 1961 valde
712 1932 793 1959 sunt
823 1925 974 1963 secundi,

235 1982 409 2013 meliorem
426 1977 538 2008 reddo.
554 1975 596 2005 ad
607 1973 749 2005 Div.icii.
766 1974 818 2002 25.
836 1971 975 2009 quicun-

237 2036 302 2067 que
323 2023 411 2054 venti
442 2022 555 2057 erunt,
573 2029 624 2049 ars
650 2020 739 2047 certe
766 2020 879 2045 nostra
906 2023 972 2043 non

236 2069 354 2102 aberit.

283 2113 454 2146 Venustus,
496 2108 607 2147 jocus,
644 2104 788 2140 facetiae,
826 2101 974 2132 dicteria.

239 2158 348 2189 Flacc.
363 2158 416 2185 31.
441 2163 482 2182 ne
499 2158 573 2182 tum
584 2148 720 2189 quidem
732 2146 907 2177 hominum
925 2155 976 2175 ve-

237 2204 402 2233 nustatem
418 2201 450 2226 et
467 2195 605 2226 facetias
623 2192 808 2233 perspicere
825 2189 976 2229 potuisti.

238 2247 291 2275 Sic
315 2244 416 2275 Dom.
444 2242 496 2270 34.
522 2247 630 2268 sermo
653 2237 799 2265 urbanus
820 2239 856 2263 et
876 2243 976 2262 venu-

236 2295 316 2319 stus.
340 2285 431 2316 *Offi
449 2284 470 2312 i.
488 2283 540 2313 36.
563 2284 762 2312 venustatem
777 2276 975 2307 muliebrem

236 2334 345 2363 dicere
358 2329 530 2363 debemus,
543 2325 744 2364 dignitatem
757 2321 885 2351 virilem
902 2319 977 2360 pul-

238 2374 478 2407 chritudinem.

284 2419 439 2449 Verbena.
463 2413 556 2443 Verr.
573 2413 613 2442 iv.
627 2415 677 2442 50.
695 2409 881 2440 sacerdotes
899 2417 976 2438 cum

239 2462 355 2496 infulis
372 2467 407 2490 et
423 2458 565 2489 verbenis
579 2461 701 2496 praesto
718 2453 801 2484 mihi
827 2452 978 2482 fuerunt.

239 2510 292 2541 De
309 2505 406 2536 variis
434 2498 734 2540 significationibus
763 2496 861 2535 hujus
887 2495 976 2524 verbi

237 2549 413 2584 videndus,
429 2554 528 2584 quem
545 2543 600 2573 alii
610 2543 683 2582 jam
693 2540 887 2577 laudarunt,
904 2540 978 2568 Ser-

239 2597 312 2626 vius
339 2592 381 2622 ad
405 2591 496 2627 Virg.
520 2586 635 2628 EcJog.
663 2586 727 2615 viii.
752 2584 805 2614 65.
829 2582 904 2612 AEn.
920 2583 977 2612 xii.

243 2642 315 2671 120.
338 2636 403 2666 Hic
419 2631 628 2670 intelligendi
652 2634 733 2659 sunt
756 2626 840 2657 rami
868 2626 977 2663 olivae,

240 2685 280 2717 de
297 2680 415 2721 quibus
430 2676 495 2706 dici
511 2674 669 2704 verbenas
685 2676 802 2702 auctor
827 2676 879 2700 est
905 2670 979 2699 Ser-

239 2729 313 2758 vius
328 2724 363 2754 ll.
380 2732 428 2752 cc.
451 2719 501 2750 Ad
516 2718 594 2748 AEn.
610 2717 656 2747 iii.
673 2718 727 2746 24.
746 2718 873 2754 myrtus
889 2714 980 2743 inter

240 2771 401 2802 verbenas
420 2764 460 2794 ab
483 2772 521 2793 eo
547 2762 695 2801 ponitur.
718 2757 814 2789 Ovid.
830 2759 870 2788 A.
888 2758 926 2788 A.
943 2757 977 2786 ii.

240 2819 316 2846 401.
339 2809 470 2842 inducit
494 2805 643 2845 Chrysen
659 2813 736 2833 cum
754 2802 846 2832 lauro
862 2806 898 2831 et
914 2802 978 2830 vit-

239 2860 296 2892 tis,
312 2857 441 2893 Nempe
457 2849 643 2881 sacerdotes
652 2846 769 2877 habitu
786 2845 975 2885 supplicum

1000 191 1120 226 praesto
1137 187 1228 217 fuere
1247 185 1411 223 Ciceroni,
1429 187 1466 216 ut
1481 194 1520 215 ex
1546 183 1659 215 infulis
1676 193 1733 225 ap·

999 236 1103 269 paret.
1149 229 1323 270 Supplices
1351 233 1464 259 autem
1491 228 1644 269 praeferre
1665 228 1732 270 eles-:-

997 272 1108 310 σιώναις,
1127 282 1235 304 ramos
1249 273 1357 311 olivae,
1372 272 1572 303 tralatitium
1590 275 1651 302 est.

1046 317 1235 347 Verberare.
1259 316 1344 347 Phil.
1360 316 1426 346 viii.
1442 319 1473 351 7.
1489 315 1660 346 verberare
1675 323 1734 354 op-

999 360 1116 400 pidum
1132 361 1320 390 tormentis.
1336 359 1355 379 *
1367 359 1409 390 ad
1424 359 1500 390 Div.
1514 359 1578 389 xvi.
1595 359 1647 389 26.
1663 367 1735 387 ver-

1001 405 1110 434 beravi
1126 408 1159 433 te
1187 403 1399 443 cogitationis
1425 402 1585 433 convicio.
1630 401 1683 431 Sic
1699 404 1736 429 et

1000 448 1134 477 verbera
1150 447 1256 487 poetis
1269 446 1369 477 dicta.
1386 456 1416 475 v.
1432 445 1582 477 Broukh.
1599 444 1642 474 ad
1658 444 1736 474 Pro-

1001 495 1086 530 pert.
1104 491 1123 520 i.
1141 494 1172 521 3.
1192 493 1240 521 18.
1263 490 1283 509 *
1299 500 1428 527 vexare,
1444 489 1616 529 negotium
1632 487 1739 517 faces-

1001 543 1084 564 sere.
1109 535 1203 564 Orat.
1231 534 1277 564 iii.
1304 537 1355 565 21.
1391 532 1534 572 vulgaris
1560 536 1684 568 orator,
1709 530 1737 560 si

1003 578 1113 607 minus
1129 577 1192 607 erit
1212 577 1342 615 doctus,
1364 580 1514 607 attamen
1543 576 1577 605 in
1595 573 1734 605 dicendo

1002 622 1218 658 exercitatus,
1233 621 1294 651 hac
1311 621 1383 661 ipsa
1395 620 1633 651 exercitatione
1646 627 1737 647 com-

1004 666 1097 695 muni
1121 665 1199 695 istos
1228 665 1361 703 quidem
1388 668 1517 693 nostros
1543 662 1737 697 verberabit,

1004 718 1111 757 neque
1139 718 1173 738 se
1201 708 1241 737 ab
1267 708 1306 738 iis
1337 707 1518 737 comtemui
1547 715 1585 735 ac
1614 704 1737 744 despici

1002 756 1101 782 sinet.

1049 796 1244 826 lbrberatio.
1260 794 1301 824 ad
1317 794 1393 825 Div.
1408 794 1470 824 xvi.
1487 795 1539 826 27.
1564 791 1738 822 mirificam

1004 840 1254 870 verberationem
1271 838 1462 868 cessationis
1475 835 1556 867 mihi
1574 835 1705 865 dedisti.

1051 882 1202 913 Verbum.
1233 882 1333 911 verba
1360 881 1468 911 facere
1498 880 1603 910 tribus
1635 877 1739 908 modis

1006 931 1056 957 est
1082 926 1171 966 apud
1198 926 1405 956 Ciceronem.
1430 924 1560 954 Primus
1582 926 1645 959 est,
1661 931 1740 951 cum

1007 971 1047 1000 de
1062 974 1192 1000 oratore
1223 969 1369 1006 dicitur3
1394 969 1450 1007 qui
1477 972 1528 997 est
1551 964 1742 1006 vulgatissi-

1008 1023 1093 1044 mus.
1138 1013 1233 1043 Alter
1249 1013 1287 1042 de
1309 1012 1509 1051 magistratu
1526 1010 1687 1041 referente
1701 1007 1742 1037 ad

1005 1063 1182 1094 senatum3
1223 1061 1339 1094 estque
1372 1055 1509 1085 verbum
1539 1053 1676 1083 solenne
1708 1052 1743 1081 in

1008 1100 1114 1138 SCtis,
1138 1110 1198 1140 pro
1218 1110 1283 1139 quo
1306 1099 1414 1129 Graeci
1440 1099 1557 1128 dicunt
1583 1097 1678 1127 εἰπεῖν.
1702 1095 1745 1125 ad

1010 1145 1139 1175 Divers.
1154 1144 1221 1173 viii.
1239 1148 1270 1173 8.
1294 1142 1381 1182 quod
1399 1142 1447 1173 M.
1465 1140 1643 1172 Marcellus
1658 1140 1744 1170 Con-

1009 1188 1061 1219 sul
1074 1187 1112 1217 V.
1126 1187 1159 1217 F.
1176 1185 1388 1227 (verbafecrlt)
1406 1186 1445 1216 de
1463 1184 1640 1226 provinciis
1657 1184 1745 1214 Con·

1008 1231 1183 1262 sularibus.
1199 1230 1264 1260 vid.
1277 1226 1424 1261 Brisson.
1445 1229 1484 1259 de
1505 1228 1640 1258 formul.
1664 1228 1685 1257 l.
1711 1227 1745 1257 ii.

1010 1287 1042 1316 p.
1074 1278 1145 1310 193.
1168 1274 1323 1304 Graecum
1343 1273 1428 1304 εἷπεῖν
1459 1273 1499 1302 de
1516 1272 1677 1302 relatione
1703 1269 1746 1300 ad

1009 1319 1170 1360 populum
1184 1322 1235 1348 est
1251 1319 1284 1347 in
1312 1316 1605 1357 psephismatibus.
1630 1315 1695 1345 vid.
1715 1325 1746 1344 v.

1010 1375 1039 1393 c.
1068 1361 1246 1393 Deniosth.
1276 1361 1316 1391 de
1333 1361 1455 1391 Coron.
1486 1370 1516 1390 c.
1545 1364 1576 1393 9.
1611 1359 1746 1389 Tertius

1011 1411 1063 1436 est
1079 1405 1119 1435 de
1135 1406 1298 1435 recitante
1320 1403 1500 1434 formulam
1528 1402 1747 1433 dedicationis

1013 1451 1112 1481 Dom.
1130 1449 1182 1480 46.
1206 1449 1234 1479 si
1248 1449 1274 1478 is
1288 1449 1328 1488 Ω.
1346 1447 1524 1487 Caepionis,
1542 1447 1668 1476 inimici
1682 1447 1749 1483 sui,

1011 1498 1141 1534 postem
1160 1491 1282 1523 aedium
1296 1492 1473 1528 tenuisset,
1489 1498 1523 1520 et
1548 1499 1656 1530 pauca
1675 1499 1750 1519 ver-

1013 1539 1053 1568 ba
1069 1537 1215 1573 fecisset,
1232 1535 1319 1566 aedes
1336 1535 1500 1575 Caepionis
1524 1537 1636 1564 essent
1656 1533 1748 1563 dedi-

1012 1581 1118 1612 catae?
1143 1580 1162 1599 ⁸
1175 1580 1274 1610 Dom.
1292 1581 1344 1611 52.
1366 1579 1465 1609 verba
1487 1577 1624 1614 cadunt,
1640 1577 1679 1607 de
1696 1587 1750 1614 eo,

1014 1625 1070 1665 qui
1101 1624 1236 1654 verbum
1269 1633 1337 1663 prae
1367 1622 1617 1662 perturbatione
1645 1621 1749 1652 animi

1014 1668 1164 1709 proloqui
1178 1666 1309 1698 nullum
1327 1669 1451 1706 potest,
1464 1670 1523 1696 aut
1534 1665 1748 1695 obmutescit.

1016 1715 1035 1735 ’ἒ
1052 1713 1152 1743 Tusc.
1171 1712 1204 1741 ii.
1226 1713 1273 1741 12.
1297 1711 1389 1741 verbo
1409 1710 1450 1740 de
1466 1708 1636 1739 sententia
1651 1708 1752 1738 desti-

1015 1757 1078 1787 tit:
1103 1755 1137 1786 h.
1153 1765 1182 1784 e.
1210 1755 1324 1796 paucis
1349 1753 1510 1790 monitus,
1526 1751 1623 1782 facile
1640 1751 1752 1782 cessit.

1016 1800 1034 1819 ’κ’
1051 1799 1122 1830 Att.
1137 1799 1202 1829 xvi.
1224 1802 1272 1828 11.
1296 1797 1448 1827 suavium
1467 1797 1548 1826 meis
1565 1796 1666 1826 verbis
1682 1795 1751 1825 des.

1015 1844 1034 1863 ⁴¹³
1050 1844 1149 1874 verba
1174 1845 1271 1872 vocat
1296 1841 1399 1871 etiam
1429 1839 1621 1877 formulam,
1649 1848 1750 1879 quam

1017 1892 1139 1928 praetor
1155 1884 1530 1927 praescribitjudieibus,
1543 1887 1581 1913 ut
1590 1893 1628 1912 ex
1647 1885 1753 1922 eaju·

1017 1932 1142 1961 dicent.
1164 1930 1282 1970 Quint.
1299 1931 1352 1960 20.
1368 1927 1536 1967 judicium
1561 1927 1690 1967 accepit
1715 1927 1750 1956 in

1017 1976 1113 2006 verba
1128 1975 1189 2004 δίο.
1211 1979 1247 2003 et
1262 1973 1308 2002 sic
1325 1981 1424 2012 saepe.

1063 2019 1156 2055 Vere,
1173 2018 1245 2047 sine
1269 2014 1546 2046 dissimulatione.
1570 2014 1628 2044 Or.
1648 2013 1682 2043 ii.
1699 2014 1751 2044 36.

1017 2064 1043 2093 si
1060 2072 1134 2092 vere
1148 2070 1245 2100 agere
1260 2059 1417 2097 volueris,
1433 2059 1546 2089 omnia
1564 2058 1626 2088 tibi
1651 2056 1754 2087 relin-

1017 2117 1082 2146 quo
1096 2116 1105 2135 ε
1130 2105 1182 2135 sin
1197 2103 1405 2135 dissimulare
1422 2102 1481 2132 &c.

1063 2149 1190 2180 Vereor.
1206 2157 1282 2178 cum
1300 2146 1457 2186 genitivo.
1481 2146 1552 2175 Att.
1563 2144 1631 2174 viii.
1647 2146 1680 2174 4.
1701 2154 1753 2174 ve-

1017 2195 1102 2224 ritus
1116 2191 1301 2222 testimonii
1323 2190 1384 2221 tui.
1403 2189 1457 2220 ubi
1473 2193 1589 2219 tamen
1604 2187 1677 2218 edd.
1705 2197 1753 2228 pr.

1016 2238 1142 2268 habent
1157 2235 1400 2266 testimonium.
1417 2241 1448 2263 v.
1467 2236 1537 2263 not.

1063 2281 1217 2319 Vergere,
1234 2279 1311 2315 niti,
1326 2277 1475 2308 tendere.
1499 2276 1579 2306 Nat.
1592 2276 1635 2306 D.
1650 2274 1683 2304 ii.
1700 2277 1755 2305 45.

1017 2324 1173 2355 omnibus
1189 2322 1338 2364 partibus
1350 2326 1448 2351 terrae
1465 2320 1499 2349 in
1516 2319 1663 2349 medium
1683 2327 1754 2349 ver-

1016 2369 1177 2407 gentibus.
1202 2366 1220 2385 ⁷³¹²
1236 2370 1398 2406 spectare.
1422 2363 1562 2393 Phil.xi.
1584 2365 1633 2392 11.
1656 2362 1754 2392 Bruti

1019 2411 1183 2442 auxilium
1198 2410 1239 2440 ad
1266 2409 1398 2439 ltaliam
1416 2416 1561 2446 vergere,
1587 2415 1688 2445 quam
1713 2405 1754 2439 ad

1019 2456 1132 2486 Asiam
1149 2454 1392 2484 maluissemus.
1739 2466 1742 2472 ·

1064 2498 1244 2533 Vendit-us,
1260 2506 1366 2527 verus.
1401 2494 1507 2525 Flacc.
1534 2494 1587 2524 32.
1609 2492 1758 2523 veridicoe

1019 2552 1127 2572 cansae
1144 2541 1410 2571 inimicitiarum.
1434 2537 1545 2568 Div.i.
1560 2539 1613 2567 45.
1636 2535 1757 2566 veridi-

1019 2595 1064 2616 coe
1085 2595 1181 2615 voces
1203 2594 1243 2614 ex
1273 2582 1406 2614 occulto
1432 2581 1552 2611 missae.
1575 2580 1652 2610 Non
1678 2588 1757 2619 ergo

1020 2630 1126 2670 postis
1144 2629 1315 2668 proprium
1327 2627 1389 2657 boc
1403 2623 1612 2656 vocabulum.

1066 2672 1272 2709 Verisimilz's,
1297 2674 1458 2709 sequente
1475 2671 1524 2698 ut.
1556 2667 1650 2697 Verr.
1666 2665 1709 2695 iv.
1725 2665 1758 2695 6.

1020 2717 1195 2746 verisimile
1212 2724 1279 2745 non
1295 2718 1360 2751 est,
1377 2716 1415 2743 ut
1431 2712 1486 2744 ille
1502 2710 1602 2741 homo
1620 2710 1679 2740 διε.
1704 2708 1758 2739 Sic

1021 2765 1055 2790 et
1071 2764 1122 2789 est
1137 2759 1234 2790 Rosc.
1258 2759 1337 2790 Am.
1351 2759 1405 2787 41.
1429 2754 1512 2785 Sull.
1528 2756 1582 2786 20.
1603 2753 1698 2783 Verr.
1714 2752 1757 2782 iv.

1021 2805 1051 2834 6.
1075 2804 1166 2832 Sext.
1182 2803 1236 2833 36.
1261 2812 1290 2832 v.
1307 2805 1376 2831 not.
1394 2799 1435 2829 ad
1453 2798 1562 2828 locum
1578 2797 1736 2837 primum.

1065 2846 1204 2878 Veritas.
1221 2850 1313 2884 ante,
1337 2853 1451 2884 quam,
1468 2851 1541 2881 quae
1557 2840 1597 2872 de
1614 2840 1676 2870 hoc
1687 2848 1758 2872 ver-
