1920 3196
722 109 868 138 INDEX
900 109 1198 137 LATINJTATIS.

202 209 255 232 res
278 202 314 230 et
336 197 498 236 seditiosi,
515 198 572 238 qui
588 198 622 228 in
639 197 856 228 concionibus
880 196 937 227 do-

204 245 390 280 minantur,
414 252 549 280 03511110,
573 251 639 281 quo
662 241 793 277 volunt,
818 240 937 281 impel-

206 288 271 317 lere
294 290 446 326 possunt.
476 285 588 316 Vatin.
616 288 665 316 13.
697 295 774 315 eum
798 284 867 324 ipse
884 284 937 314 do-

203 331 312 360 minus
327 329 416 369 epuli
431 330 472 369 Q.
489 328 603 359 Arrius
620 329 750 359 albatus
766 333 870 358 esset:
898 328 931 358 h.

201 385 231 403 e.
244 374 300 412 qui
316 373 454 413 epulum
466 373 646 413 praebebat.
663 373 702 402 de
719 372 844 402 editore
859 381 933 404 mu-

202 418 290 447 neris
312 421 363 446 est
379 416 420 446 ad
443 416 515 446 Att.
532 417 566 446 ii.
586 420 635 451 19.
659 416 742 447 Orat
757 416 791 446 ii.
811 419 861 450 17.
879 415 933 445 (Ιο-

201 457 310 490 ηιίἰιιις
326 461 384 497 rei,
395 460 499 498 judex
515 459 649 490 dicitur.

245 504 381 535 Domo-e
404 513 462 544 pro
479 503 680 534 condonare.
700 503 742 534 ad
758 503 836 534 Div.
852 512 883 534 v.
900 506 933 534 4.

203 548 259 578 ubi
278 558 307 577 v.
324 547 431 578 Graev.

243 592 449 623 Dormitare.
484 592 577 623 Orat.
609 591 643 620 ii.
675 593 728 621 33.
767 590 933 630 sapientia

198 635 398 665 dormitans:
420 635 452 665 11.
464 646 494 665 c.
506 645 580 674 qua·
592 634 678 664 nihil
690 634 810 665 laboris
822 635 932 673 affert,

198 680 318 716 otiosa,
336 679 375 708 de
391 679 670 719 jurisprudentia.

243 723 322 753 Dos.
353 724 411 753 Or.
429 723 449 753 i.
469 726 519 754 55.
551 723 644 762 cujus
662 726 770 751 artem
785 731 863 752 cum
880 722 932 751 in-

198 766 351 796 dotatam
376 772 475 805 atque
500 767 683 796 inconitam
702 766 843 803 videres,
860 776 932 795 ver-

199 811 318 840 borum
336 820 409 840 03111
426 811 495 840 dote
512 809 722 850 locupletasti
739 810 799 839 &a

244 853 435 891 Drachma,
464 864 586 884 numus
618 862 759 892 graecus,
790 854 847 892 qui
880 863 929 883 re-

199 897 342 938 spondet
366 898 592 928 Romanorum
617 897 763 927 denario.
789 898 831 927 ad
853 897 930 928 Div.

200 942 235 972 ii.
256 945 303 976 17.
332 941 391 971 &C-
408 942 472 973 vid.
493 942 595 972 Gron.
617 941 701 971 Sest.
717 941 750 971 ii.
769 941 799 971 6.
827 951 859 981 p.
876 944 929 975 91.

244 985 329 1016 Dmc
343 995 402 1026 pro
415 985 480 1016 duo
491 996 530 1015 ex
547 985 648 1016 Accio
664 985 820 1015 laudatur
835 984 928 1017 Orat.

197 1029 251 1059 46.

245 1073 420 1111 Dubitare,
435 1073 599 1113 ignorare.
622 1072 663 1102 ad
680 1072 755 1102 Div.
768 1083 798 1102 x.
813 1075 842 1103 8.
861 1082 928 1102 non

198 1117 321 1154 (lunico,
335 1117 413 1156 qnid
431 1118 660 1157 przesentiant.
680 1116 750 1146 Att.
766 1127 796 1146 x.
819 1119 844 1146 l.
859 1126 927 1146 non

197 1161 318 1197 (lahela,
330 1161 512 1200 quidnobis
523 1161 687 1200 agendum
702 1165 810 1200 putes.
822 1160 928 1190 *con-

194 1204 352 1234 siderare.
377 1206 472 1235 Rosc.
496 1205 571 1235 Ain.
595 1208 647 1235 31.
672 1209 789 1242 restat,
807 1208 845 1234 ut
865 1204 926 1234 1100

195 1248 392 1284 dubitemus,
416 1255 493 1278 uter
515 1249 626 1288 potius
649 1249 681 1278 S.
698 1248 855 1278 Roscium
872 1258 927 1278 oc-

198 1291 328 1322 ciderit.
352 1293 405 1321 Sic
419 1303 506 1332 saepe
524 1298 575 1322 est
587 1293 621 1322 111
637 1292 727 1322 libris
743 1292 783 1321 de
799 1292 927 1322 officiis.

197 1335 290 1366 Verr.
307 1336 341 1366 ii.
359 1337 410 1367 (ΣΞ.
443 1346 543 1366 causa
558 1335 642 1366 1111111
666 1335 820 1372 habebat,
838 1335 927 1374 quod

196 1380 344 1409 dubitari
361 1386 482 1419 posset.
505 1380 524 1398 ᾗ
539 1379 621 1410 Sull.
645 1383 676 1410 ἐζ.
701 1389 767 1409 non
784 1380 927 1410 dubitas-

195 1433 229 1453 se
243 1424 323 1461 quin
341 1423 543 1461 defenderet,
559 1434 619 1464 pro
636 1422 824 1454 defendere.

242 1467 386 1505 Ducere,
404 1469 528 1498 dicitur
543 1468 708 1504 absolute,
719 1477 791 1507 pro,
804 1467 839 1497 in
856 1477 929 1498 car-

196 1521 319 1547 cerem,
333 1512 398 1541 5110
413 1512 648 1549 domesticum,
661 1512 728 1541 sive
739 1510 926 1550 publicum,

194 1554 323 1585 elucere.
346 1554 424 1593 Agr.
442 1555 475 1585 ii.
490 1558 542 1590 37.
571 1565 613 1585 ne
638 1554 719 1585 mihi
744 1555 779 1584 in
795 1565 926 1585 carcere

195 1597 417 1628 habitandum
441 1600 495 1636 sit,
513 1601 539 1630 si
553 1600 630 1630 trib.
654 1599 700 1639 pl.
718 1599 792 1628 duci
808 1600 927 1638 jussis-

194 1649 257 1671 set.
282 1642 388 1672 Hace.
406 1646 455 1677 19.
473 1645 525 1674 21.
551 1653 648 1682 quem
658 1642 852 1682 judicatum
865 1644 926 1673 dn-

193 1687 243 1716 ,τῖε
266 1686 491 1727 Hermippus:
524 1687 557 1717 11.
581 1698 609 1717 e.
635 1696 713 1716 cum
730 1686 922 1724 judicatum

194 1734 293 1766 esset,
307 1740 384 1759 eum
402 1731 527 1760 solvere
540 1736 710 1771 oportere,
727 1740 835 1769 neque
851 1741 925 1770 pos-

192 1778 257 1811 set,
275 1775 314 1804 ab
338 1774 523 1815 Hermippo
539 1775 702 1804 abductus
718 1779 770 1804 est
785 1774 922 1804 domuin

194 1817 228 1846 in
241 1828 421 1855 carcerem,
432 1819 520 1857 qnod
533 1828 637 1857 genus
648 1818 823 1850 hominum
835 1819 923 1857 apud

193 1860 324 1891 Livium
338 1863 413 1891 nexi
428 1863 597 1892 dicuntur.
610 1862 674 1892 vid.
693 1862 855 1892 addictus.
868 1863 922 1892 Sic

192 1904 285 1935 Verr.
302 1906 336 1935 ii.
358 1907 406 1935 12.
430 1906 457 1935 si
473 1916 540 1936 non
557 1906 693 1946 accipit,
712 1906 799 1945 quod
815 1911 848 1936 te
867 1906 922 1935 de-

191 1948 268 1978 bere
292 1950 387 1986 dicis,
404 1959 556 1980 accuses:
582 1951 609 1980 si
634 1950 732 1990 petit,
748 1951 865 1979 ducas..
884 1951 921 1980 C.

192 1992 356 2023 Fuficium
369 1994 444 2022 daci
454 1995 557 2033 jussit
572 1995 750 2034 petitorem
764 1994 823 2023 δίο.
840 1993 920 2024 ibid.

190 2036 244 2067 26.
270 2037 417 2076 quisquis
429 2043 501 2067 erat
512 2037 654 2068 eductus
671 2038 811 2067 Senator
826 2037 922 2077 Syra-

192 2089 336 2110 cusanus
354 2082 393 2110 ab
410 2081 579 2118 Heraclio,
593 2081 829 2120 dzceijubebat.
852 2081 921 2111 Ita-

190 2133 255 2162 que
270 2124 428 2163 permulti
441 2125 531 2155 ducti
546 2129 635 2155 sunt.
659 2125 677 2142 ³³*
690 2126 723 2155 in
736 2125 920 2156 rationibus

190 2167 391 2207 pecuniariis
415 2169 531 2199 ducere
554 2174 603 2198 est
627 2168 666 2199 de
683 2179 828 2206 summa,
845 2179 918 2208 quae

189 2211 335 2241 efficitur
349 2212 487 2251 singulis
506 2213 696 2242 nominibus
714 2211 918 2251 colligendis.

188 2254 320 2285 Verrin.
345 2255 390 2286 iii.
407 2258 459 2290 49.
489 2257 647 2295 quoniam
664 2264 708 2286 xc
727 2256 834 2286 millia
849 2266 919 2287 me-

188 2299 343 2329 dimnum
369 2300 525 2330 duximus
552 2302 612 2330 &cu
644 2300 716 2330 Att.
741 2301 784 2330 vi.
813 2302 844 2331 2,
878 2304 919 2331 ut

186 2343 294 2373 faenus
318 2345 490 2382 quaternis
515 2344 704 2374 centesimis
729 2344 862 2374 ducant.
885 2354 916 2375 v.

187 2387 290 2427 Gron.
307 2386 385 2417 ObS.
404 2387 438 2417 ii.
459 2391 508 2418 10.
534 2398 566 2427 p.
584 2390 658 2419 ⁶284.
691 2388 782 2418 Hinc
795 2388 836 2418 ad
853 2387 918 2418 alia

185 2430 406 2461 transfertur:
432 2432 619 2471 cujusmodi
632 2438 682 2461 est
694 2431 774 2461 hoc:
799 2431 917 2471 Quint.

189 2475 238 2505 16.
271 2475 370 2504 officii
403 2479 438 2505 et
464 2475 722 2506 existimationis
749 2476 915 2506 rationem

185 2519 314 2556 ducere,
342 2528 401 2558 pro
428 2519 559 2549 habere.
584 2519 672 2549 conf.
700 2518 794 2549 Verr.
817 2519 840 2549 i.
863 2522 917 2551 48.

183 2562 204 2581 ¹*
215 2563 316 2593 Tusc.
329 2563 364 2592 ii.
381 2565 429 2593 18.
453 2564 560 2593 oratio
577 2567 637 2593 tua
654 2562 695 2592 ad
711 2563 914 2593 credendum

142 2603 146 2606 ’
183 2606 284 2636 ducit.
313 2605 332 2624 ²*
345 2605 417 2636 lnv.
435 2607 469 2637 ii.
483 2608 514 2638 2².
544 2606 586 2636 ad
601 2607 682 2636 vitia
698 2616 828 2646 quoque
843 2607 915 2645 ejus

184 2649 356 2687 accedere,
381 2651 475 2689 cujus
505 2649 617 2690 aliquo
641 2650 724 2680 bene
749 2655 917 2691 praecepto

183 2693 398 2724 duceremur.-
422 2693 456 2724 h.
473 2704 503 2724 e.
518 2696 614 2733 cujus
631 2701 838 2734 praeceptum
856 2694 916 2725 ali-

184 2738 273 2777 quod
299 2737 392 2768 nobis
418 2737 627 2777 probaretur.
656 2738 749 2768 Orat.
778 2742 809 2772 9.
841 2740 916 2778 quis

183 2791 281 2820 porro
305 2791 454 2821 unquam
482 2781 675 2811 Graecorum
701 2781 872 2812 rhetorum
897 2792 918 2813 a

181 2824 378 2864 Thucydide
402 2824 583 2864 quidquam
600 2825 694 2855 duxit
705 2837 714 2853 .·
738 2825 760 2855 i.
776 2835 805 2856 e.
822 2835 916 2866 repe-

181 2869 250 2906 tiit,
269 2868 357 2907 quod
381 2868 526 2909 exempli
550 2878 651 2899 causa
674 2878 916 2901 commemora-

181 2916 242 2943 ret.
267 2913 286 2931 *
299 2912 341 2944 ad
364 2912 443 2947 Div.
460 2923 492 2945 x.
507 2913 561 2945 32.
583 2911 708 2946 Balbus
723 2916 914 2954 questor-

1636 98 1719 136 ‘288

981 197 1077 227 duxit
1101 206 1134 227 se
1151 205 1170 225 a
1195 195 1361 226 Gadibus:
1389 196 1410 226 i.
1425 205 1455 226 e.
1473 196 1554 226 abiit
1580 196 1716 228 clancu-

982 240 1064 271 lum.
1099 241 1204 271 *Dua
1223 240 1244 269 i.
1267 244 1314 271 llil.
1345 239 1492 277 oracula,
1509 250 1582 279 quae
1606 252 1718 280 (equa-

980 285 1024 315 tis
1048 284 1193 314 sortibus
1217 284 1394 314 ducuntur.
1419 292 1476 323 np.
1496 293 1564 314 sors
1583 286 1713 324 proprie

977 328 1124 364 ducitur,
1151 337 1228 357 011111
1260 338 1299 358 ex
1327 337 1412 358 urna
1440 334 1544 357 manu
1568 328 1713 360 tollitur.

979 372 997 390 *
1007 372 1093 401 diem
1108 372 1224 401 ducere
1236 372 1307 402 Att.
1322 383 1352 402 v.
1362 373 1414 401 2⁷1.
1432 381 1491 415 pro
1505 381 1714 404 consumere.

979 416 1045 445 vid.
1063 415 1106 445 ibi
1128 415 1235 445 Grzrv.
1433 418 1436 421 '

1022 459 1162 496 Ductor,
1185 459 1378 498 imperator.
1408 458 1509 489 Tusc.
1528 459 1550 489 i.
1566 462 1619 493 37.
1650 460 1711 490 du-

979 508 1080 534 cim-es
1095 503 1210 532 nostri.

1023 548 1197 578 Daemon.
1228 546 1307 585 Leg.
1326 546 1358 575 ii.
1377 548 1408 577 8.
1441 555 1491 577 res
1507 546 1628 577 duelli.-
1653 556 1713 577 an-

978 591 1070 630 tique
1087 601 1147 630 pro
1164 590 1288 620 belluni
1308 594 1367 619 occ.

1020 634 1227 665 Dulcia-utus.
1256 633 1357 664 Tusc.
1390 634 1438 664 iii.
1467 637 1516 669 19.
1546 634 1710 666 dulcicula

976 678 1079 718 potio.

1019 722 1150 753 Dulcis.
1182 721 1240 752 Or.
1265 721 1311 751 iii.
1335 721 1388 751 26.
1418 721 1522 753 dulcis
1549 723 1708 761 suavitas,

978 765 1018 795 de
1034 776 1085 802 ea,
1099 775 1172 805 qua!
1189 770 1240 795 cst
1253 764 1384 794 seminis
1401 769 1507 803 grata,
1521 776 1538 795 e
1552 766 1710 797 saccharo

978 815 1013 839 et
1036 809 1109 839 aliis
1129 809 1364 839 condimentis.
1387 808 1631 849 *indulgentes
1647 811 1710 840 eti-

980 863 1033 883 am
1048 853 1207 883 dicuntur
1217 853 1335 883 dulces.
1359 851 1440 882 Lael.
1453 856 1505 883 24.
1530 858 1613 884 extr.
1627 856 1711 884 ami-

974 897 1004 927 ci
1027 897 1146 934 dulces,
1164 897 1220 935 qui
1244 897 1280 926 in
1296 897 1451 926 omnibus
1475 898 1708 936 obsequuntur

975 941 1070 971 nobis
1086 940 1270 979 studiisque
1286 941 1422 979 nostris,
1435 950 1496 971 nec
1509 951 1625 972 verum
1642 952 1705 973 un-

977 995 1079 1024 quam
1096 985 1189 1015 nobis
1206 985 1335 1015 dicunt.

1015 1029 1210 1061 Dulcitudo.
1243 1029 1301 1059 Or.
1316 1028 1364 1058 iii.
1380 1030 1432 1059 25.

1017 1072 1219 1111 Dumetam,
1235 1072 1276 1103 de
1292 1072 1433 1112 spinosis
1451 1075 1485 1102 et
1495 1072 1623 1112 jejunis
1640 1074 1706 1105 dis-

972 1117 1217 1156 putationibus,
1241 1116 1513 1146 distinctionibus
1538 1120 1598 1147 dcc.
1631 1118 1705 1158 phi-

974 1161 1199 1201 losophorum.
1232 1160 1334 1191 Acad.
1366 1159 1408 1190 iv.
1433 1163 1486 1192 35.
1516 1162 1703 1193 orationem

972 1205 1007 1235 in
1036 1205 1227 1236 Stoicorum
1252 1204 1387 1235 dumeta
1412 1205 1625 1245 compellitis.
1657 1207 1702 1238 cf.

973 1249 1052 1280 Nat.
1068 1250 1112 1281 D.
1128 1250 1149 1279 i.
1166 1251 1219 1280 24.

1015 1294 1163 1334 Duplum.
1192 1292 1343 1331 mistum,
1368 1296 1574 1323 concretum.
1600 1292 1702 1325 Tusc.

970 1337 992 1369 i.
1011 1339 1064 1372 5⁷9.
1096 1336 1180 1367 nihil
1196 1342 1247 1367 est
1263 1337 1297 1366 in
1313 1337 1434 1367 animis
1449 1337 1570 1377 dzzplea:
1587 1337 1647 1367 810.

1015 1380 1222 1422 Βαῃοηᾱὶιιε,
1251 1388 1375 1410 numus
1404 1380 1546 1412 duarum
1574 1381 1703 1412 libella-

972 1435 1064 1456 rum:
1091 1426 1123 1455 h.
1140 1435 1169 1455 e.
1195 1425 1338 1455 duorum
1362 1425 1497 1455 assium.
1520 1425 1608 1455 Nam
1633 1426 1702 1456 5111-

972 1469 1043 1508 guli
1068 1478 1154 1499 asses
1175 1469 1268 1505 olim,
1285 1478 1362 1499 cuin
1378 1469 1469 1507 gravi
1487 1479 1551 1499 aere
1566 1476 1703 1499 uteren-

971 1519 1028 1543 tur
1058 1513 1155 1543 Rom.
1185 1512 1340 1542 valebant
1369 1512 1488 1542 libram
1519 1523 1545 1543 5.
1578 1513 1700 1552 pondo.

971 1557 1089 1597 Quint.
1110 1557 1157 1587 16.
1174 1557 1201 1587 51
1216 1559 1294 1586 tuus
1311 1557 1492 1596 dupondius
1505 1563 1671 1595 ageretur.

1014 1601 1162 1632 Duritczs
1184 1601 1366 1641 opponitur
1388 1601 1540 1630 comitati
1564 1605 1598 1630 et
1619 1600 1702 1631 11113-

972 1646 1064 1675 ritati
1080 1645 1115 1674 in
1130 1654 1281 1674 sermone
1295 1649 1328 1674 et
1339 1644 1594 1674 consuetudine.
1606 1645 1700 1676 Orat.

974 1690 1023 1719 16.
1054 1689 1186 1719 duritas
1208 1696 1242 1718 et
1265 1689 1435 1726 severitas,
1452 1694 1487 1718 et
1510 1689 1603 1727 quasi
1620 1699 1702 1719 moe-

968 1733 1062 1763 stitia
1093 1733 1266 1762 orationis.
1299 1732 1393 1762 Cato.
1428 1735 1476 1762 123.
1506 1738 1635 1771 quanta
1664 1734 1700 1764 in

967 1777 1072 1807 altero
1087 1777 1214 1807 claritas
1224 1777 1241 1806 .?
1264 1778 1299 1806 in
1316 1776 1421 1806 altero
1437 1776 1577 1807 comitas
1591 1778 1603 1806 ?

1012 1820 1166 1851 Duritia.
1189 1821 1246 1851 Or.
1264 1821 1310 1850 iii.
1331 1823 1378 1854 17.
1404 1820 1564 1850 clm-itiam
1581 1820 1615 1850 in
1632 1830 1700 1851 ser-

967 1874 1065 1894 mone
1097 1865 1266 1894 Socratico
1295 1864 1487 1902 adamarat3
1518 1864 1550 1894 11.
1575 1874 1603 1894 e.
1628 1864 1700 1905 pla-

967 1914 1108 1939 cuerant
1132 1909 1193 1948 ipsi
1217 1908 1368 1948 inprimis
1389 1907 1533 1938 Socratis
1551 1907 1701 1949 disputa-

964 1953 1074 1982 tiones
1097 1953 1137 1983 de
1161 1952 1273 1982 dolore
1295 1951 1434 1992 aliisque
1451 1951 1549 1992 hujus
1566 1954 1698 1992 generis

970 1995 1067 2026 malis
1083 1995 1300 2036 perferendis.

1008 2040 1140 2070 Durus.
1165 2041 1266 2071 Dom.
1291 2040 1321 2071 6.
1347 2039 1460 2070 durior
1475 2049 1621 2078 annona,
1637 2049 1698 2081 pro

965 2084 1082 2114 carior.
1113 2084 1212 2114 Arch.
1227 2088 1259 2118 9.
1287 2084 1402 2113 (lm-ior
1425 2084 1467 2113 ad
1489 2083 1561 2114 haec
1585 2083 1699 2116 studia

964 2127 1160 2165 videbatur;
1184 2128 1218 2158 h.
1242 2138 1270 2157 e.
1288 2137 1355 2158 non
1372 2128 1398 2158 is
1415 2137 1486 2158 esse
1509 2127 1697 2165 videbatur,

965 2172 1022 2211 qui
1047 2182 1086 2201 ex
1110 2172 1160 2201 his
1184 2172 1302 2202 studiis
1325 2171 1464 2212 poeticis
1489 2171 1696 2212 voluptatem

962 2215 1146 2256 percipere,
1164 2220 1264 2255 atque
1289 2215 1370 2245 adeo
1393 2215 1432 2245 iis
1456 2215 1605 2255 pretium
1628 2220 1698 2246 sta-

961 2265 1057 2289 tuere
1075 2263 1196 2299 posset.
1219 2260 1316 2290 Brut.
1338 2262 1386 2290 18.
1410 2259 1507 2298 signa
1520 2259 1621 2297 dura,
1636 2270 1697 2300 op-

963 2309 1137 2342 ponuntur
1160 2303 1335 2333 mollibus:
1361 2303 1394 2334 h.
1414 2313 1443 2333 e.
1469 2302 1605 2343 politius
1628 2303 1696 2333 ele-

962 2347 1164 2386 gantiusque
1187 2347 1375 2377 elaboratis.
1421 2347 1530 2377 Notus
1555 2350 1605 2377 est
1623 2357 1698 2378 ver·

961 2390 1085 2421 siculus
1109 2390 1331 2430 Virgilianus:
1358 2391 1537 2421 Excudent
1555 2390 1611 2420 alii
1626 2391 1696 2430 spi-

961 2434 1071 2464 rantia
1095 2434 1227 2464 mollius
1251 2444 1336 2465 aera:
1362 2434 1394 2464 h.
1412 2444 1439 2464 e.
1457 2444 1531 2474 quae
1555 2435 1605 2465 ita
1626 2434 1696 2466 ela-

961 2477 1077 2508 borata
1093 2483 1186 2515 sunt,
1201 2482 1239 2508 ut
1256 2478 1509 2518 quamproxime
1525 2478 1568 2509 ad
1582 2479 1696 2510 viven-

958 2522 1001 2552 tis
1017 2522 1199 2552 animantis
1213 2523 1358 2562 speciem
1376 2522 1548 2553 accedant.

1004 2565 1200 2596 Dumnviri.
1230 2566 1341 2596 Rabir.
1366 2566 1460 2596 Perd.
1490 2569 1521 2597 4.
1553 2566 1610 2596 Or.
1637 2567 1692 2597 46.

961 2614 1040 2639 sunt
1065 2610 1100 2645 ii,
1117 2610 1173 2649 qui
1198 2619 1238 2640 ex
1262 2611 1420 2640 instituto
1442 2609 1534 2640 Tulli
1556 2609 1694 2641 Hostilii

960 2652 1197 2693 perduellionis
1206 2653 1383 2692 judicandi
1396 2663 1497 2685 causa
1508 2653 1694 2686 constitue-

959 2697 1094 2728 bantur.
1113 2697 1176 2728 vid.
1193 2697 1264 2728 Liv.
1282 2698 1304 2728 i.
1321 2698 1374 2729 26.

1321 2784 1359 2815 Ε.

1003 2869 1074 2908 Εα,
1092 2871 1165 2902 adv.
1187 2881 1246 2912 pro
1262 2875 1450 2912 propterea.
1473 2871 1515 2902 ad
1529 2871 1604 2902 Div.
1621 2871 1692 2903 xiii.

958 2913 1013 2950 26.
1048 2914 1233 2950 Mescinius
1261 2925 1302 2948 em
1333 2914 1416 2947 mihi
1444 2914 1692 2948 necessitudine
