1920 3196
246 81 329 120 368

248 183 269 201 ³
284 180 323 210 de
347 180 477 211 ancillis
493 185 527 212 et
551 181 702 213 delicatis
720 185 842 224 pueris.
869 185 985 215 Milon.

247 226 300 255 21.
325 233 497 263 nugarum
515 226 598 256 nihil
614 227 648 256 in
665 228 839 257 comitatu.

293 267 433 305 Nullus,
450 279 509 308 pro
533 279 610 300 non.
641 270 711 300 Att.
733 272 775 301 xi.
794 273 846 301 24.
877 269 1001 301 Philo-‘

247 311 352 340 timus
381 320 446 341 non
474 313 574 343 modo
601 315 713 344 nullus
737 315 842 351 venit,
865 314 923 344 sed
946 325 987 344 ne

249 364 308 394 per
330 353 443 384 literas
467 356 601 394 quidem
627 358 686 386 &c.
719 357 762 387 ib.
780 358 843 387 xiV.
865 361 895 388 3.
925 358 988 387 Co-

250 397 386 427 rumbus
411 398 503 429 Balbi
529 400 638 430 adhuc
661 403 791 431 nullus:
823 411 867 431 sc.
885 402 987 431 venit.

246 440 383 471 Tusa-ul.
397 442 417 471 i.
434 445 485 472 38.
518 445 642 473 mortui
658 446 743 473 nulli
758 448 850 474 sunt.
875 444 952 475 Div.
966 444 987 474 i.

218 495 220 497 ’
247 487 301 518 37.
332 484 537 522 objiciuntur
552 496 638 527 saepe
658 487 784 525 formae,
802 498 876 527 quae
895 498 987 527 reap-

248 537 282 557 se
299 530 399 558 nulloe
415 535 504 559 sunt.
524 530 541 548 ἢ
553 530 649 560 Rose.
668 531 761 561 Com.
787 532 834 561 16.
865 533 989 561 nullius

249 571 390 601 consilii.
414 572 548 604 Muren.
570 576 618 603 1⁶2.
635 576 725 605 nullo
740 585 814 605 usn.

293 615 497 646 Numerare.
529 617 622 647 Verr.
647 618 693 647 iii.
721 622 773 651 73.
805 628 843 647 ex
868 619 987 657 quibus

248 659 455 689 numeranda
471 665 521 689 est
539 659 664 691 civitas.
690 661 774 691 Phil.
788 662 841 690 vii.
859 664 885 691 l.
907 671 987 700 quos

250 712 269 731 a
286 711 319 731 se
340 702 485 741 primum
510 714 687 734 numerare
710 709 865 744 possunt:
900 705 932 735 h.
957 715 986 734 e.

248 744 282 775 in
313 745 432 784 quibus
462 749 675 778 numerandis
712 759 731 777 a
769 758 803 777 se
841 749 986 788 incipere

248 794 399 829 possunt.
431 799 490 829 pro
512 801 709 821 enumerare
733 796 784 822 est
805 792 848 822 N.
872 793 915 823 D.
939 792 985 821 iii.

248 834 303 864 32.
329 832 392 862 nisi
408 833 525 864 vitiosa
541 834 641 865 lectio
657 839 717 865 est.

292 876 487 908 Asaraei-ato.
517 888 556 907 ex
580 888 668 916 arca,
697 881 860 918 praesente
884 888 985 918 pecu-

249 921 317 950 nia.
342 920 412 949 Att.
430 921 485 950 xii.
504 923 556 952 25.

294 964 476 994 qumerus.
516 965 556 1004 Q.
581 964 632 995 Fr.
658 965 691 995 ii.
721 967 770 995 13.
802 964 843 994 ad
873 974 986 995 nume-

249 1016 325 1036 rum
337 1007 467 1046 judices
480 1008 620 1038 habere:
647 1009 667 1039 i.
685 1009 857 1046 e.justum
870 1018 985 1038 eorum

248 1060 435 1081 numerum.
466 1054 483 1072 *Ρ
500 1051 687 1091 rhythmu5‚
712 1053 769 1082 Or.
794 1053 846 1083 64.
876 1061 986 1091 paeon,

249 1094 337 1133 quod
355 1094 464 1134 plures
482 1095 601 1125 habeat
616 1095 756 1136 syllabas
782 1106 880 1134 quam
905 1100 985 1132 tres,

248 1148 406 1168 numerus
422 1148 441 1167 a
457 1139 652 1177 quibusdam
679 1149 744 1169 non
763 1149 819 1178 pes
835 1139 986 1168 habetur.

249 1181 422 1212 Numerus
444 1188 478 1211 et
502 1192 558 1222 pes
579 1182 697 1224 (ῥυθμὸς
716 1187 749 1212 et
770 1181 886 1224 μίτραν)
907 1192 987 1221 quo-

250 1225 348 1255 modo
373 1225 540 1263 differant,
556 1236 585 1256 ν.
601 1226 744 1266 Quintil.
762 1227 804 1255 ix.
822 1230 854 1256 4.
884 1226 987 1256 Nem-

250 1278 291 1308 pe
308 1268 455 1308 rhythmi
479 1269 588 1309 spatio
611 1275 801 1309 temporum
818 1273 987 1306 constant,

250 1311 350 1352 pedes
368 1313 469 1342 etiam
486 1312 612 1343 ordine.
642 1323 671 1343 v.
689 1324 717 1343 c.
750 1323 805 1352 pes
824 1313 987 1352 dactylus,

249 1365 381 1395 semper
396 1355 497 1386 habet
513 1357 654 1396 primam
673 1356 821 1395 longam,
834 1366 989 1386 numerus

250 1403 364 1429 autem
394 1401 495 1429 etiam
527 1401 675 1430 tertiam.
731 1400 849 1438 ltaque
880 1401 987 1430 omnis

248 1452 307 1483 pes
323 1447 373 1473 est
396 1453 564 1481 numerus,
582 1453 647 1473 non
672 1448 785 1474 autem
802 1444 909 1473 omnis
927 1454 988 1472 wc-

250 1496 360 1516 merus
387 1487 487 1516 etiam
512 1497 588 1527 pes:
622 1488 709 1526 quod
731 1487 914 1517 tenendum
939 1491 989 1516 est

249 1534 440 1570 propterea,
453 1531 531 1569 quia
546 1531 716 1560 interdum
733 1532 866 1560 numeri.
882 1531 989 1560 mani-

249 1573 335 1603 feste
352 1584 409 1613 pro
426 1574 563 1613 pedibus
580 1575 750 1604 dicuntur.
781 1574 837 1604 Or.
855 1578 906 1608 57.
933 1574 989 1604 da-

250 1616 390 1657 ctylicus
404 1627 561 1648 numerus
571 1617 842 1648 hexametrorum
861 1618 989 1656 magni-

251 1659 431 1699 loquentiae
450 1667 500 1691 est
516 1662 797 1691 accommodatus.
835 1662 936 1700 Atqui
954 1661 989 1690 iu

252 1702 455 1735 hexametris
487 1715 553 1735 non
584 1705 662 1735 licet
693 1709 900 1745 anapa‘stunx
931 1714 989 1744 pro

253 1747 384 1787 dactylo
402 1758 537 1787 ponere,
550 1749 606 1787 qui
618 1754 732 1779 tamen
749 1754 799 1778 est
812 1748 988 1788 rhythmus

254 1791 448 1831 dactylicus.
481 1792 538 1821 Or.
555 1793 600 1822 iii.
617 1796 671 1823 44.
699 1802 855 1822 numerus
871 1792 990 1821 adstri-

255 1838 344 1871 ctus,
360 1841 409 1865 est
428 1836 482 1873 qui
499 1836 648 1875 proxime
673 1836 714 1866 ad
738 1836 907 1876 poeticum
937 1845 990 1865 ac-

253 1878 357 1908 cedit:
375 1878 518 1915 solutus,
529 1880 582 1918 qui
597 1880 727 1918 longius
742 1879 877 1909 recedit.
894 1879 990 1908 *cer—

252 1925 308 1951 tus
324 1926 358 1951 et
374 1923 558 1953 concinnus
575 1924 719 1963 corporis
736 1929 849 1962 gestus
866 1927 900 1952 et
921 1932 990 1952 mo-

251 1970 308 1995 tus
332 1965 367 1994 in
392 1965 619 2003 histrionibus,
643 1966 871 2003 saltatoribus,
891 1965 991 2006 palae-

253 2009 360 2038 stritis
379 2009 437 2038 Sec.
468 2010 546 2048 quia
569 2020 613 2040 sc.
630 2013 669 2040 ut
688 2010 735 2040 illi
759 2011 889 2040 numeri
913 2013 990 2049 poe-

250 2052 324 2089 tici,
341 2053 439 2082 certis
463 2054 612 2083 numeris
637 2054 885 2094 exprimuntur,
912 2062 988 2082 cum

252 2094 437 2126 intervallis
452 2100 644 2136 temporum
662 2098 909 2127 contineantur.
941 2097 990 2126 di-

251 2139 377 2169 viditur
393 2145 506 2170 autem
519 2141 553 2170 in
571 2139 650 2183 ἄξων
661 2146 695 2170 et
711 2139 799 2170 θέσιν.
816 2140 929 2170 Parad.
944 2140 989 2170 iii.

253 2185 284 2215 2.
303 2183 420 2213 histrio
442 2184 469 2213 si
491 2184 604 2223 paullo
622 2194 656 2214 se
671 2189 801 2214 moveat
820 2188 914 2214 extra
929 2194 989 2214 nu-

251 2236 393 2264 merum,
410 2227 617 2258 exsibilatur.
633 2229 713 2266 Leg.
731 2229 752 2257 i.
764 2230 795 2257 4.
810 2229 938 2257 numeri
955 2228 989 2257 in

252 2273 366 2300 cantu.
391 2271 500 2301 *hinc
523 2271 599 2301 duci
623 2275 746 2311 putant
769 2270 841 2301 illas
864 2271 990 2301 formu—

251 2312 314 2350 las,
341 2315 495 2344 omnibus
521 2317 669 2346 numeris
691 2314 881 2345 absolutum
906 2324 990 2352 esse,

251 2367 368 2388 omnes
384 2368 534 2388 numeros
552 2358 692 2388 habere:
724 2357 813 2397 quod
836 2358 917 2388 mihi
940 2368 990 2388 se-

253 2411 311 2431 cus
328 2401 470 2432 videtur.
508 2402 596 2432 Nam
614 2401 829 2432 manifestum
847 2408 910 2439 est,
927 2411 990 2431 ηιι-

251 2453 355 2475 meros
380 2445 444 2475 dici
472 2446 641 2475 interdum
675 2456 733 2485 pro
764 2445 928 2484 partibus,
955 2449 990 2474 et

250 2498 367 2519 earum
384 2499 530 2526 numero,
547 2490 602 2528 qui
622 2489 814 2528 requiritur,
830 2494 868 2518 ut
883 2488 991 2528 perfe—

253 2537 309 2562 cta
325 2542 375 2563 res
392 2534 446 2563 sit.
469 2533 540 2562 Fin.
557 2533 597 2562 iv.
615 2535 667 2564 20.
698 2532 874 2562 Pauciores
895 2532 988 2570 quasi

249 2585 401 2607 numeros
423 2576 522 2606 officii
545 2576 768 2616 praeterirent.
796 2575 873 2605 Div.
895 2575 916 2605 i.
942 2578 989 2605 13.

250 2629 367 2650 omnes
397 2620 498 2650 habet
528 2621 562 2650 in
594 2630 627 2650 se
655 2629 804 2649 numeros
830 2620 989 2648 veritatis.

249 2663 345 2694 verr.
355 2664 451 2698 ii.69.
470 2664 557 2702 quod
568 2673 674 2703 genus
688 2663 876 2699 hominum,
891 2673 991 2701 quem

248 2716 443 2744 numerum,
461 2717 561 2746 quem
585 2707 734 2737 ordinem
752 2708 899 2746 prolerre
916 2716 990 2745 pos-

249 2750 307 2780 sis.
337 2750 400 2780 hoc
416 2751 660 2791 interpretatur
676 2751 745 2789 ipse
762 2749 840 2779 ibid.
859 2750 899 2779 ab
917 2750 991 2778 uni-

250 2803 345 2823 versa
359 2794 541 2833 provincia,
558 2793 809 2834 generatimque
835 2803 854 2822 a
876 2792 991 2831 singu-

249 2836 290 2866 lis
307 2838 377 2876 ejus
401 2838 550 2878 partibus
575 2838 635 2868 διε.
667 2836 762 2867 Ovid.
782 2836 864 2867 Met.
878 2837 898 2866 i.
916 2838 990 2870 427.

250 2881 412 2914 animalia.
434 2881 633 2923 imperfecta
655 2881 789 2921 suisque
806 2884 929 2912 trunca
944 2880 992 2911 vi-

762 97 907 126 INDEX
938 97 1233 125 LATINITATIS·

1031 185 1111 214 dent
1128 185 1283 214 numeris.
1315 184 1395 216 ibid.
1409 185 1463 217 vii.
1483 186 1554 219 126.
1582 190 1687 226 utque
1710 184 1771 216 ho-

1030 229 1129 257 minis
1154 229 1296 268 speciem
1323 234 1475 260 materna
1496 231 1601 261 sumit
1624 231 1658 259 in
1682 228 1769 267 alvo,

1030 281 1153 310 perque
1169 281 1244 301 suos
1270 271 1360 302 intus
1383 283 1531 304 numeros
1554 273 1768 313 componitur

1030 315 1150 344 infans.
1197 314 1357 344 Cohortes
1388 318 1529 347 eandem
1561 318 1603 347 Ol)
1633 325 1768 346 causam

1030 358 1160 387 numeri
1199 357 1371 396 (licuntur,
1402 361 1481 399 quia
1510 364 1589 390 sunt
1628 359 1768 398 legionis

1031 406 1154 441 partes·
1184 400 1226 430 ad
1253 401 1328 431 Div.
1352 402 1395 432 xi.
1426 407 1473 434 10.
1504 409 1682 443 septenum
1708 412 1770 432 mc-

1031 454 1158 474 merum
1187 454 1277 473 nunc
1305 443 1474 484 legionum
1500 447 1564 476 alo.
1598 448 1653 477 ubi
1679 446 1770 475 Grae-

1032 487 1102 516 vius
1120 487 1215 525 legit,
1233 491 1358 527 septem
1385 499 1474 519 nunc
1499 500 1650 520 numeros
1668 490 1771 527 legio-

1032 540 1127 566 num,
1151 534 1183 560 et
1208 530 1358 561 cohortes
1383 534 1635 572 interpretatur.
1668 537 1770 562 recte.

1031 573 1109 603 ibid.
1128 574 1182 603 xii.
1203 577 1251 604 13.
1284 575 1473 606 Graecorum
1497 576 1640 605 militum
1658 586 1770 605 nume-

1031 627 1100 646 ros:
1138 618 1183 646 sic
1216 617 1393 657 legendum
1426 629 1484 659 pro
1516 629 1661 650 numera.
1705 619 1770 648 vid.

1031 659 1137 689 Graev.
1155 660 1195 689 ad
1218 660 1240 690 l.
1265 672 1293 691 c.
1331 668 1431 701 atque
1456 663 1488 692 in
1515 664 1705 692 universum
1729 662 1770 692 de

1030 703 1199 733 ordinibus
1218 703 1416 735 militaribus
1433 706 1567 743 dicitur,
1584 711 1621 736 ut
1645 706 1684 736 de
1699 709 1772 735 tur-

1031 756 1097 783 ma,
1116 746 1155 776 de
1172 747 1265 777 mille
1283 749 1458 785 militibus,
1476 750 1531 788 qui
1548 750 1608 779 sub
1627 759 1693 779 uno
1709 749 1770 779 tri-

1030 790 1119 820 buno
1137 797 1226 819 sunt.
1260 802 1288 821 v.
1308 791 1390 822 Intt.
1411 793 1452 822 ad
1476 794 1613 822 Sueton.
1630 793 1768 832 Vespas.

1030 834 1059 863 6.
1094 833 1176 863 adde
1201 834 1385 865 Burmann.
1410 836 1450 865 ad
1478 836 1572 866 ovid.
1599 836 1678 865 Her.
1702 836 1770 866 viii.

1030 878 1081 906 ⁶24.
1115 877 1267 907 Pertinet
1291 878 1355 908 huc
1378 880 1478 909 etiam
1504 879 1605 909 illud:
1639 879 1769 909 Verrin.

1029 930 1058 949 ν.
1085 923 1136 950 51.
1172 921 1198 950 si
1224 930 1322 951 naves
1347 932 1444 952 suum
1469 933 1641 952 numerum
1671 922 1770 952 habe-

1029 968 1123 993 rent:
1155 963 1188 993 h.
1213 975 1241 994 e.
1267 970 1426 1002 vectores,
1443 967 1598 1005 remiges,
1624 976 1767 1005 quorum

1029 1017 1187 1037 numerus
1213 1012 1323 1038 certus
1355 1010 1547 1048 requiritur.
1593 1010 1645 1038 Sic
1673 1009 1769 1040 Ovid.

1032 1049 1110 1080 Her.
1129 1061 1160 1080 x.
1176 1051 1228 1081 :36.
1254 1052 1352 1082 flecte
1368 1058 1488 1089 retem,
1505 1062 1682 1083 numerum
1700 1062 1766 1083 non

1029 1093 1130 1123 habet
1156 1093 1212 1124 illa
1238 1104 1356 1125 suum:
1390 1097 1445 1126 ubi
1468 1096 1629 1127 Burman.
1655 1096 1767 1126 locum

1031 1137 1200 1167 Ciceronis
1217 1138 1332 1168 afferre
1350 1149 1415 1169 non
1442 1140 1599 1178 neglexit.
1631 1143 1649 1160 ²*
1665 1140 1769 1170 locus.

1030 1181 1063 1210 in
1102 1180 1213 1210 Caecil.
1241 1185 1288 1216 19.
1314 1193 1390 1212 cum
1410 1184 1435 1212 is
1456 1184 1516 1213 tibi
1534 1184 1681 1223 parentis
1707 1193 1770 1214 nu-

1031 1234 1117 1254 mero
1136 1224 1266 1255 fuisset.

1075 1268 1277 1305 qumarius,
1294 1269 1436 1308 pecunia
1458 1276 1643 1309 corruptus.
1674 1270 1767 1300 Verr.

1031 1311 1076 1341 iii.
1091 1314 1142 1345 57.
1167 1314 1357 1342 memorium
1369 1313 1547 1350 judicium.
1573 1313 1769 1347 Cluent.‘.27.

1030 1355 1332 1393 numarz‘c'judices.
1357 1356 1511 1386 adthAtt.
1524 1356 1544 1386 i.
1562 1357 1609 1386 16.
1628 1356 1702 1387 Clu.
1717 1356 1771 1387 36.

1032 1398 1085 1427 ubi
1097 1402 1147 1428 est
1162 1401 1334 1429 numarz'us
1346 1400 1505 1439 interpres
1519 1401 1606 1440 pacis
1619 1412 1625 1429 :
1644 1401 1700 1438 qui
1713 1409 1770 1439 pe—

1032 1442 1131 1471 cunia
1147 1448 1286 1482 accepta
1301 1437 1416 1482 pacem
1430 1443 1627 1473 conciliavit.
1652 1443 1769 1482 Itaque

1030 1495 1168 1514 omnino
1185 1488 1331 1515 nummii
1347 1491 1438 1523 sunt,
1457 1487 1510 1525 qui
1529 1486 1654 1526 aliquid
1668 1497 1769 1527 pecu-

1031 1529 1094 1558 niae
1111 1536 1145 1558 et
1162 1536 1309 1567 quaestus
1327 1540 1426 1559 causa
1441 1530 1579 1560 faciunt.

1076 1573 1251 1609 Namatio,
1268 1583 1293 1603 s.
1311 1573 1521 1603 nundinatio.
1549 1573 1632 1603 Phil.
1650 1573 1684 1602 ii.
1701 1574 1754 1603 45.

1076 1616 1279 1646 Nmnerare.
1310 1616 1403 1646 Verr.
1420 1617 1453 1646 ii.
1474 1620 1521 1647 10.
1555 1617 1649 1654 cujus
1666 1625 1773 1646 manu

1031 1661 1304 1690 numerabantur.
1336 1661 1379 1691 ib.
1405 1670 1506 1690 manu
1531 1666 1592 1690 tua
1614 1669 1770 1690 numera-

1031 1707 1100 1733 tum
1119 1714 1201 1733 esse:
1226 1703 1247 1733 i.
1263 1714 1293 1732 e.
1309 1704 1381 1734 tibi.

1076 1747 1230 1784 Numus,
1242 1757 1317 1776 cum
1331 1747 1529 1787 simpliciter
1542 1747 1688 1787 ponitur,
1701 1746 1769 1776 fere

1032 1791 1204 1820 sestertius
1222 1790 1470 1829 intelligendus.
1494 1791 1590 1820 Rosc.
1609 1790 1721 1820 Aruer.
1737 1791 1770 1820 2.

1033 1833 1092 1863 &tu
1130 1833 1254 1864 *Rosa
1289 1834 1382 1864 Com.
1415 1838 1444 1865 8.
1483 1835 1604 1864 versari
1637 1833 1670 1862 in
1701 1833 1768 1863 suis

1031 1878 1152 1914 mmzis,
1169 1878 1362 1917 opponitur,
1382 1879 1415 1907 in
1440 1888 1504 1908 aere
1525 1878 1645 1907 alieno.
1675 1876 1769 1907 Verr.

1032 1921 1078 1950 iii.
1097 1922 1149 1951 36.
1181 1921 1281 1951 habet
1298 1923 1331 1950 in
1353 1922 1473 1957 nuruis,
1491 1921 1591 1951 habet
1614 1921 1649 1950 in
1672 1920 1769 1950 urba-

1032 1964 1083 1993 nis
1101 1964 1249 2003 praediis:
1275 1965 1390 1995 baares
1408 1964 1493 2003 geld.

1076 2008 1268 2038 Νιιηεὶηιέο.
1299 2007 1383 2038 Phil.
1408 2008 1440 2037 ii.
1471 2010 1522 2038 32.
1561 2017 1620 2037 nos
1651 2007 1770 2047 (augu-

1032 2051 1096 2089 res)
1116 2053 1354 2082 wmciatt'onem
1372 2051 1479 2081 solum
1501 2051 1674 2087 habemus,
1692 2060 1771 2080 con-

1032 2094 1119 2124 sules
1135 2096 1237 2125 etiam
1255 2097 1474 2134 spectionem.
1499 2105 1527 2124 v.
1545 2094 1681 2134 spectio.
1709 2093 1770 2123 Ce-

1031 2142 1141 2168 terum
1161 2138 1194 2168 τὲ
1210 2140 1368 2168 nunciare
1393 2138 1514 2168 diserte
1536 2138 1696 2167 tribuitur
1712 2147 1771 2167 au—

1032 2182 1115 2221 guri.
1142 2182 1224 2212 Phil.
1243 2183 1276 2212 ii.
1294 2185 1346 2213 33.
1370 2181 1450 2220 Leg.
1469 2183 1502 2211 ii.
1523 2184 1571 2212 1⁶2.

1077 2226 1298 2265 Νυηείμειιης,
1326 2235 1396 2265 pro,
1422 2225 1483 2255 hoc
1513 2225 1584 2265 ipso
1608 2228 1769 2264 tempore.

1032 2268 1074 2298 ad
1088 2269 1159 2299 Att.
1178 2270 1231 2299 vii.
1248 2272 1278 2299 3.
1303 2270 1370 2299 viii.
1388 2272 1435 2303 19.
1460 2269 1514 2298 xii.
1537 2270 1585 2298 16.
1604 2268 1663 2298 διο.

1078 2312 1284 2349 Aszdimtri,
1296 2313 1487 2352 frequenter
1497 2312 1681 2341 convenire.
1692 2311 1769 2341 Div.

1033 2354 1066 2385 ii.
1083 2359 1134 2386 31.
1164 2357 1218 2385 ubi
1244 2357 1285 2386 ad
1306 2357 1417 2386 focum
1441 2365 1565 2394 angues
1589 2355 1772 2385 nundinari

1032 2398 1151 2430 solent.
1177 2400 1330 2430 *emera
1360 2400 1453 2430 Verr.
1471 2401 1492 2428 i.
1507 2401 1559 2429 46.
1587 2399 1772 2428 nundinari

1033 2443 1072 2472 ab
1089 2444 1275 2482 aliquojus.

1078 2486 1210 2527 Ampe),
1225 2487 1265 2516 de
1282 2486 1380 2525 longo
1397 2492 1559 2526 tempore.
1582 2485 1663 2515 Nat.
1678 2485 1720 2514 D.
1737 2485 1773 2515 ii.

1035 2535 1085 2562 50.
1117 2531 1173 2570 qui
1199 2540 1249 2567 ca,
1271 2540 1343 2569 quae
1369 2539 1486 2569 nuper,
1512 2529 1545 2559 id
1569 2532 1631 2566 est,
1656 2528 1770 2567 paucis

1034 2578 1109 2605 aute
1128 2574 1260 2610 seculis,
1278 2580 1408 2613 reperta
1432 2579 1522 2603 sunt.
1540 2572 1622 2602 Sull.
1637 2574 1689 2602 352.
1721 2574 1772 2602 est

1034 2628 1149 2657 nuper,
1167 2617 1206 2647 de
1231 2618 1366 2647 triennii
1391 2623 1555 2655 tempore.
1586 2616 1667 2645 item
1691 2615 1770 2645 Div.

1034 2663 1056 2692 i.
1080 2665 1131 2696 39.
1163 2661 1203 2690 de
1227 2665 1375 2700 tempore
1403 2661 1483 2690 satis
1511 2659 1628 2697 longo:
1661 2662 1695 2688 et
1723 2659 1771 2688 sic

1034 2705 1104 2735 aliis
1122 2705 1221 2734 etiam
1240 2704 1331 2734 locis.
1364 2703 1405 2733 cf.
1423 2703 1553 2733 Duker.
1570 2702 1610 2732 ad
1634 2701 1769 2731 Florum

1034 2749 1053 2778 i.
1077 2752 1123 2778 ll.
1155 2757 1188 2777 et
1207 2749 1262 2786 qui
1287 2748 1332 2778 ibi
1355 2747 1548 2784 laudantur,
1565 2752 1599 2776 et
1623 2745 1713 2775 dicta
1735 2746 1772 2775 in

1034 2792 1144 2822 modo.

1080 2837 1226 2872 Nasam-e,
1238 2836 1404 2865 incertum
1417 2844 1500 2870 esse,
1511 2833 1677 2863 fluctuari.
1691 2832 1772 2863 Nat.

1034 2879 1079 2911 D.
1095 2880 1117 2910 i.
1133 2882 1186 2911 43.
1210 2882 1306 2910 nutat
1323 2879 1358 2910 in
1375 2884 1496 2909 natura
1510 2877 1662 2908 deorum.
