1920 3196
675 95 823 124 INDEX
853 93 1112 123 LATINITATI
1119 93 1136 122 S
1143 111 1152 122 .

155 192 246 221 nunt.
276 188 374 219 Rosc
390 185 430 217 A.
446 187 498 219 96.
519 184 700 234 jactantur
721 183 889 214 fluctibus.

157 234 235 264 hinc
267 236 332 269 est,
363 240 567 280 quacunque
606 229 736 260 ratione
766 226 890 258 vexari.

157 277 350 307 P1a11c.<23.
375 276 488 313 inique
516 284 551 304 se
578 283 597 303 a
620 272 688 302 tuis
709 270 891 313 ,μα-Μέμνη-

155 320 271 359 Quint.
289 321 320 349 9.
340 316 474 361 jactata
491 322 525 347 et
543 318 669 356 agitata
684 316 836 355 aequitas.
858 315 893 344 in

155 362 267 394 Caecil.
289 364 337 393 14.
360 367 394 391 te
412 371 487 391 vero
502 370 602 400 quain
619 361 663 390 sit
680 359 772 389 omni
790 369 815 388 ι’·
816 359 890 388 ttio-

154 416 195 436 ne
209 405 416 447 J'actatunw.
445 404 559 434 I'l·1nc.
582 407 613 434 4.
650 409 801 433 nostrum
827 406 889 439 est,

153 450 209 489 qui
233 450 267 479 in
291 449 352 479 hac
375 453 577 488 tempestate
593 446 706 497 populi
721 447 893 488 jactemur

154 503 193 523 ac
211 493 378 523 fluctibus.
412 493 482 523 Att.
501 493 544 522 xi.
566 492 614 522 16.
648 491 673 520 si
692 491 834 530 recipio}
850 490 890 519 ab

155 535 432 578 liis—sinjactor.
456 536 602 566 *Offie
596 535 642 564 iii.
661 536 713 564 90.
735 532 891 575 jactaba-

155 585 212 611 tur
236 590 372 617 numus,
395 581 441 610 sic
469 585 507 609 ut
533 588 632 609 nemo
657 582 769 618 posset
793 578 892 613 scire,

156 624 237 664 quid
265 624 424 654 haberet:
452 623 486 653 h.
512 633 540 652 e.
567 623 712 662 pretium
740 622 811 660 ejus
837 631 891 651 va-

154 669 242 698 rium
268 674 353 704 erat,
377 667 476 697 modo
501 666 621 705 majus,
646 665 744 695 modo
769 665 893 694 minus.

156 712 314 751 *agitare
338 711 476 750 aliquid,
501 720 588 750 saepe
616 718 891 739 commemorare.

156 755 292 786 Cluent.
323 758 375 790 47.
401 754 537 796 ,Ῐαε-ἰαιε
563 763 633 784 rem
658 754 694 783 in
720 753 892 782 concione.

156 799 227 829 *de
244 799 452 829 sermonibus
470 797 707 828 disseminatis.
732 795 831 826 Catil.
851 796 893 825 iv.

155 846 187 878 7.
202 841 381 885 jactantur
403 852 510 872 voces.
532 842 664 881 *saepe‚
687 840 832 870 multum
859 841 893 870 in

157 897 190 917 re
213 888 323 926 aliqui
346 886 479 917 versaii.
503 886 560 916 Or.
587 887 607 915 i.
632 887 685 916 38.
699 882 836 926 jactam
858 893 893 913 se

155 932 191 961 in
229 932 336 961 causis
375 929 684 960 centumviralibus.
723 928 891 965 *minari,

157 974 362 1005 denunciare
391 974 610 1004 sermonibus.
651 971 691 1002 ad
725 972 802 1002 Div.
825 972 895 1001 viii.

156 1019 187 1049 6.
228 1019 353 1057 Legem
389 1018 537 1048 viariam
569 1015 893 1054 Alimentariamque

147 1059 304 1109 Jactrnit.
341 1063 432 1091 Sext.
451 1063 503 1091 93.
536 1065 699 1090 terrorem
715 1069 814 1089 suum
831 1058 893 1088 fal-

155 1115 191 1135 ιι)
215 1110 361 1147 ,μυῖαι-,θ
401 1105 519 1144 Quint.
555 1106 603 1135 14.
637 1104 738 1134 minae
761 1101 893 1144 jacten-

157 1153 226 1179 tur.

199 1193 367 1224 Jactatus.
402 1191 495 1222 Verr.
524 1191 570 1221 iii.
587 1192 640 1222 61.
667 1194 702 1220 te
720 1191 793 1229 jam
811 1199 894 1230 prae-

158 1242 232 1266 tore
242 1235 413 1283 jactatunf.
433 1238 491 1276 (sc
509 1235 732 1284 sermonibus)
753 1234 894 1265 crimen.

156 1280 292 1310 Cluent.
311 1283 363 1311 39.
383 1284 521 1320 Jaclata
544 1289 594 1309 res
615 1280 690 1319 (int.
708 1279 742 1308 in
760 1278 893 1307 concio-

156 1323 223 1362 ne.)
253 1325 371 1364 Quint.
390 1325 421 1354 9.
441 1324 570 1362 agitata
593 1326 627 1352 et
640 1321 775 1364 jactata
791 1322 894 1361 aequi-

158 1372 221 1398 taS.
252 1369 308 1398 Or.
329 1368 350 1398 i.
371 1368 420 1397 16.
446 1371 599 1407 ματαίας
615 1367 650 1396 111
667 1376 765 1406 opere
782 1365 892 1396 decla-

158 1413 310 1442 matorio.
329 1412 419 1442 Mur.
441 1413 490 1442 19.
509 1410 647 1450 vulgata
663 1413 761 1450 atque
774 1410 808 1440 in
824 1419 894 1440 ma-

157 1454 408 1497 nibusjactata.
425 1465 454 1485 v.
467 1456 608 1494 jactare.

199 1499 358 1537 «Iac-eura,
381 1499 536 1539 pecunia,
562 1498 715 1538 inprimis
744 1507 891 1536 magna;

155 1542 345 1582 largitione,
377 1542 543 1581 mercede,
576 1547 635 1572 aut
665 1541 731 1571 alia
763 1542 893 1572 ratione

157 1593 345 1618 consumta.
371 1586 451 1617 Coel.
473 1586 520 1616 16.
546 1586 630 1616 nulli
654 1592 799 1622 sumtus,
818 1584 895 1615 nul-

155 1631 188 1662 la
207 1629 362 1672 jactura,
387 1630 481 1660 nulla
509 1640 655 1660 xersura.
691 1629 764 1660 Att.
792 1630 835 1658 vi.
866 1632 894 1660 l.

155 1674 319 1705 exhausta
329 1675 496 1705 sumtibus
510 1678 543 1704 et
551 1672 699 1715 Jucturz's
713 1673 895 1713 provincia

156 1719 276 1750 Manil.
301 1721 352 1750 93.
378 1718 497 1758 quibus
511 1714 660 1758 jacturis
683 1717 835 1747 homines
860 1717 893 1747 in

156 1763 345 1803 provincias
384 1762 651 1803 proficiscantur.
692 1760 827 1791 Cluent.
864 1764 895 1792 8.

145 1807 265 1846 jpsum
288 1806 444 1845 Aurium,
462 1814 529 1836 non
546 1815 670 1845 magna
682 1803 825 1846 ,βαθέην-α
847 1805 896 1834 fa-

155 1857 223 1890 cta,
239 1850 428 1881 tollendum
442 1850 780 1888 interficiendumque
799 1859 894 1879 cura-

159 1895 218 1925 vit.
243 1894 285 1924 cf.
310 1894 383 1925 Mil.
407 1896 460 1928 97.
486 1894 557 1924 Fin.
583 1894 618 1923 ii.
644 1895 696 1924 94.
727 1893 829 1923 Gron.
853 1892 894 1923 de

156 1939 243 1969 Sest.
260 1948 293 1978 p.
312 1940 386 1969 984.
409 1938 511 1968 *Ate
527 1938 592 1968 xvi.
608 1939 640 1968 9.
671 1947 748 1966 cum
761 1941 858 1966 tanta
874 1946 894 1967 a

155 1983 250 2013 nobis
266 1982 357 2012 facta
370 1979 563 2022 sstjactura
581 1981 679 2020 juris.
697 1980 735 2010 ad
753 1980 829 2011 Div.
846 1981 889 2011 iv.

157 2030 187 2058 5.
220 2026 254 2056 in
271 2026 371 2056 unius
387 2025 596 2056 mulierculae
611 2024 763 2055 animula
776 2022 893 2065 jactu-

155 2081 197 2101 ra
214 2070 305 2100 faeta
320 2073 381 2100 est.

199 2114 297 2152 Jam,
328 2114 363 2143 in
392 2113 648 2143 transitionibus
679 2111 802 2142 dicitur
831 2122 891 2153 pro

156 2157 288 2191 deinde.
326 2157 383 2188 sed
416 2160 468 2187 est
504 2156 675 2187 interdum
706 2157 822 2186 statim
854 2157 889 2187 in

158 2201 333 2242 principio.
364 2199 406 2231 ad
428 2201 505 2232 Div.
529 2201 571 2230 iv.
590 2203 620 2231 5.
643 2210 672 2230 v.
690 2201 721 2231 9.
744 2201 828 2231 dam
852 2200 892 2230 il-

156 2243 216 2276 lud
246 2246 306 2276 &c.
338 2245 457 2275 Manil.
488 2247 538 2275 11.
552 2241 632 2285 jam
662 2254 740 2274 vero
773 2245 891 2274 virtuti

159 2289 221 2320 Cn.
250 2289 400 2329 Pompeii
427 2298 501 2328 quae
526 2298 586 2329 par
609 2288 751 2318 inveniri
779 2292 892 2329 potest

155 2333 273 2365 oratio.
314 2332 548 2373 *pleonastice
575 2342 654 2362 cum
683 2341 784 2362 nunc.
817 2332 888 2362 Att.

156 2378 178 2408 i.
196 2380 227 2409 8.
252 2376 387 2407 Hermae
402 2374 572 2418 tui—jam
594 2385 684 2406 nunc
708 2375 890 2406 admodum

156 2430 210 2451 me
236 2420 417 2451 delectant.
459 2420 714 2460 *distinguitur
743 2420 846 2450 etiam
872 2430 892 2451 a

156 2474 260 2503 nunc,
278 2469 313 2495 et
340 2469 392 2494 est
418 2463 532 2504 paullo
562 2465 687 2500 minus,
716 2464 736 2494 i.
754 2474 783 2494 e.
801 2474 890 2494 mox.

157 2508 216 2539 Or.
240 2509 292 2539 63.
307 2505 387 2549 jam
410 2508 615 2538 videbimus:
642 2507 892 2538 nune—dicen·-

157 2552 237 2583 dum
255 2557 318 2582 est.

199 2596 296 2634 dani,
313 2596 530 2626 transitiones
555 2595 676 2636 perviae
695 2595 778 2626 Nat.
795 2594 837 2625 D.
854 2595 889 2626 ii.

156 2642 210 2674 27.
235 2639 274 2670 de
298 2640 419 2679 quibus
443 2640 508 2670 vid.
526 2639 672 2679 Interpr.
688 2638 731 2669 ad
751 2638 888 2670 Sueton.

154 2683 242 2723 Aug.
260 2686 313 2715 31.
352 2683 447 2713 *Est
469 2683 574 2714 etiam
601 2684 694 2713 vicus
721 2682 806 2714 dani
833 2692 891 2713 no-

156 2728 248 2758 mine
272 2727 394 2758 dictus.
425 2727 490 2759 Off.
509 2728 542 2758 ii.
558 2730 610 2757 95.
635 2727 713 2756 boni
738 2726 811 2764 viri,
833 2728 890 2766 qui

154 2771 196 2801 ad
217 2771 351 2803 ..Ianum
375 2771 524 2802 medium
552 2771 692 2801 sedent:
728 2771 785 2810 qui
811 2775 891 2802 sunt

156 2815 384 2846 foeneratores.
414 2824 445 2845 v.
464 2814 598 2845 Manut.

196 2859 317 2891 Janua
347 2858 471 2890 dieitur
503 2859 542 2890 de
574 2857 701 2890 foribus
731 2857 890 2899 profanis.

153 2901 234 2934 Nat.
250 2903 294 2934 D.
311 2902 345 2933 ii.
361 2904 414 2937 97.

1593 88 1680 127 319

981 182 1080 212 lvere.
1113 182 1223 212 Pison.
1244 183 1293 212 19.
1316 180 1424 212 foedus
1448 183 1536 222 quod
1556 186 1674 216 iceras.

936 225 1030 257 Balb.
1054 228 1103 256 16.
1127 227 1217 256 icisse
1232 226 1350 256 foedus.

982 269 1191 299 lchneumaem.
1227 269 1307 300 Nat.
1335 270 1378 300 D.
1405 270 1425 300 i.

939 313 1164 343 consulendus
1182 312 1267 343 Plin.
1284 314 1352 343 viii.
1371 316 1423 344 94.

982 358 1079 387 Iesus.
1109 357 1179 386 Fin.
1204 357 1237 386 ii.
1265 360 1314 388 10.
1349 358 1500 398 voluptas
1525 369 1592 389 non
1616 359 1674 389 do-

937 400 1027 430 lendi
1058 410 1125 430 non
1159 411 1291 431 movere¹
1332 407 1441 441 potest
1480 404 1671 443 appetitum

937 445 1062 474 animi:
1103 454 1165 474 nec
1196 444 1304 475 ullum
1332 445 1433 476 habet
1464 448 1577 486 ictum,
1605 458 1672 486 quo

938 488 1042 528 pellat
1059 488 1223 518 animum.

981 531 1072 562 Idea.
1102 533 1159 562 Or.
1177 536 1208 563 3.
1234 531 1293 562 has
1317 541 1429 563 rerum
1457 532 1581 564 formas
1612 535 1672 575 (sc.

938 575 1050 605 animo
1067 575 1339 616 comprehensas)
1356 576 1502 615 appellat
1515 578 1604 608 ideas
1616 578 1672 611 ille

938 629 1005 649 non
1033 619 1244 659 intelligendi
1269 619 1391 658 solum,
1408 621 1466 650 sed
1494 622 1597 651 etiam
1623 622 1673 652 di-

938 662 1034 693 cendi
1063 670 1181 693 auctor
1208 664 1422 702 gravissimus
1446 670 1481 695 et
1512 666 1674 706 magister

937 706 1043 737 Plato.
1067 716 1098 736 v.
1116 706 1190 737 Iud.
1208 707 1264 737 Gr.

980 750 1083 781 Idem.
1116 751 1215 781 Catil.
1247 751 1267 781 i.
1294 754 1323 782 8.
1359 761 1413 782 me
1445 751 1539 782 nullo
1572 753 1671 785 modo

935 803 1031 834 posse
1062 795 1173 825 iisdem
1204 795 1387 834 parietibus
1417 800 1492 826 tuto
1524 807 1594 827 csse
1622 804 1674 828 te-

938 848 1014 868 cum
1031 851 1045 868 t.
1063 839 1084 869 i.
1102 849 1130 868 e.
1147 839 1266 877 quibus
1283 843 1321 869 tu
1337 852 1343 868 :
1369 840 1415 869 sic
1440 841 1530 870 enim
1547 841 1676 872 intelli—

937 885 1036 921 gunt,
1055 883 1110 921 qui
1130 882 1163 912 ‘ro‘
1179 887 1294 912 tecum
1315 883 1356 913 ad
1373 884 1485 914 iisdem
1503 884 1672 916 referunt:

937 926 977 955 de
1002 936 1068 964 qua
1090 927 1198 957 forma
1221 927 1286 956 vid.
1311 927 1461 958 Perizon.
1486 928 1528 958 ad
1544 930 1675 961 Sanetii

937 969 1080 1001 MinerV.
1104 971 1147 1000 iv.
1171 971 1201 1000 6.
1233 970 1407 1001 Drakenb.
1433 971 1475 1001 ad
1498 973 1571 1003 Liv.
1595 984 1674 1006 xxx-

941 1016 989 1045 19.
1020 1014 1085 1044 Sed
1111 1018 1221 1055 potest
1254 1015 1356 1045 etiam
1384 1015 1500 1046 referri
1527 1017 1569 1046 ad
1597 1021 1674 1049 tuto

937 1067 1020 1088 esse.

986 1101 1100 1138 Idiota,
1125 1102 1315 1142 imperitus,
1339 1103 1523 1143 opponitur
1549 1105 1676 1135 intelli·

935 1146 1029 1184 genti
1055 1145 1196 1185 alicujus
1221 1146 1279 1183 rei,
1304 1145 1452 1186 eleganti
1469 1147 1562 1178 Verr.
1582 1150 1623 1179 iv.
1641 1151 1677 1181 9.

936 1193 970 1218 et
988 1189 1184 1230 philosopho
1208 1190 1299 1220 Sext.
1315 1193 1366 1220 51.
1392 1190 1501 1222 Pison.
1519 1193 1571 1223 ⁰6.
1595 1193 1677 1224 idio-

935 1236 1049 1263 tarum
1075 1233 1223 1264 divitiae·
1215 1257 1225 1272 ,
1250 1244 1331 1273 quas
1355 1234 1494 1273 indocti,
1511 1245 1579 1267 non
1600 1237 1676 1277 phi·

934 1276 1063 1317 losophi
1078 1277 1299 1309 admirantur.

981 1321 1083 1352 Idola.
1116 1320 1188 1351 Fin.
1213 1322 1234 1352 i
1260 1322 1291 1352 6.
1324 1326 1405 1353 sunt
1429 1322 1567 1364 Epicuri
1593 1335 1675 1356 exu-

937 1365 998 1395 viae
1016 1360 1205 1405 corporum.
1222 1375 1251 1395 v.
1269 1365 1342 1396 Ind.
1359 1366 1416 1397 Gr.

979 1409 1129 1447 Idoneus,
1155 1409 1289 1449 dignus,
1317 1410 1436 1440 Manil.
1464 1413 1512 1445 19.
1544 1411 1674 1443 idoneus

936 1462 1003 1482 non
1031 1458 1095 1489 est,
1124 1454 1180 1492 qui
1209 1454 1379 1493 impetret.
1423 1454 1495 1485 Att.
1524 1456 1592 1487 viii.
1623 1459 1673 1487 14.

938 1506 1004 1526 non
1029 1498 1110 1528 satis
1134 1497 1238 1528 idonei
1260 1502 1352 1536 sunt,
1370 1499 1426 1538 qui
1446 1509 1466 1529 a
1480 1503 1517 1529 te
1531 1500 1675 1540 proben-

936 1544 1005 1571 tur.

978 1584 1206 1617 Jecusculum.
1236 1585 1349 1617 Divin.
1375 1586 1410 1616 ii.
1431 1589 1480 1618 14.
1500 1585 1675 1629 jecuscula

936 1628 1174 1659 masculorum.

980 1673 1065 1710 lens,
1084 1673 1148 1702 ab
1141 1683 1202 1711 ire,
1219 1677 1270 1703 est
1291 1673 1362 1704 Att.
1378 1673 1443 1704 xvi.
1459 1676 1512 1706 91.
1538 1676 1580 1706 iv.
1597 1681 1629 1711 9.

977 1716 1110 1758 delum.
1143 1717 1213 1747 Att.
1246 1718 1302 1748 xii.
1333 1721 1386 1750 91.
1422 1719 1494 1757 quis
1517 1716 1675 1761 Jermiue

936 1759 1205 1791 dixitinimieus:
1228 1762 1249 1792 i.
1261 1772 1289 1792 e.
1303 1762 1409 1801 magis
1427 1762 1550 1800 invide,
1561 1763 1675 1795 minus

935 1804 1075 1834 honorii
1069 1815 1132 1841 nce,
1156 1810 1195 1835 ut
1221 1805 1352 1836 faciunt
1375 1815 1420 1836 se.
1445 1806 1559 1838 imidi.
1585 1805 1675 1839 conf.

929 1848 1080 1887 jeiunuS.
1111 1848 1131 1867 ¹*
1147 1849 1248 1880 nimis
1272 1849 1453 1880 subtiliter.
1486 1851 1544 1881 Or.
1573 1851 1594 1882 i.
1624 1855 1674 1882 ll.

936 1892 1087 1923 videmus
1114 1892 1231 1923 iisdem
1257 1893 1297 1924 de
1321 1894 1418 1924 rebus
1433 1891 1552 1936 jejune
1575 1905 1674 1934 quos-

935 1935 1025 1973 dam,
1043 1940 1077 1966 et
1100 1936 1233 1967 exiliter
1249 1937 1479 1977 disputavisse.
1509 1938 1611 1969 Acad.
1628 1940 1674 1971 iv.

935 1983 989 2028 35.
1029 1980 1142 2011 videor
1179 1981 1279 2012 nimis
1309 1982 1413 2012 etiam
1446 1991 1536 2012 nunc
1575 1993 1674 2022 agere

924 2034 1053 2065 Jesze.
1082 2035 1160 2055 cum
1186 2026 1278 2056 enim
1303 2026 1349 2056 sit
1371 2035 1523 2066 campus,
1548 2026 1584 2057 in
1607 2037 1674 2066 quo

935 2069 1040 2107 possit
1058 2069 1225 2099 exsultare
1242 2070 1360 2107 oratio,
1379 2080 1439 2100 cur
1455 2080 1529 2100 eam
1546 2071 1582 2100 in
1597 2075 1675 2101 tan-

934 2119 986 2141 tas
1010 2113 1197 2152 angustias,
1215 2118 1250 2144 et
1273 2114 1309 2144 in
1326 2114 1516 2145 Stoicorum
1534 2114 1674 2146 dumeta

934 2156 1192 2196 compellimus?

977 2198 1157 2242 Jejum'tas,
1172 2204 1224 2231 est
1239 2201 1360 2231 vitium
1377 2201 1410 2231 in
1429 2210 1550 2241 genere
1561 2202 1673 2240 tenui,

933 2253 1011 2274 cum
1041 2245 1141 2275 nimis
1172 2244 1266 2275 exilis
1293 2250 1328 2275 et
1354 2245 1447 2275 arida
1474 2250 1526 2276 est
1554 2246 1674 2278 oratio.

933 2286 1030 2319 Brut.
1054 2291 1106 2319 55.
1133 2293 1185 2319 est
1200 2293 1317 2319 tamen
1333 2289 1390 2319 ubi
1407 2289 1554 2320 ubertati
1570 2300 1675 2331 oppo-

934 2331 1040 2370 nitur,
1063 2336 1099 2362 et
1125 2332 1165 2362 de
1195 2333 1291 2363 tenui
1316 2342 1452 2372 genere,
1476 2335 1580 2364 etiam
1604 2343 1674 2365 non

935 2376 1068 2413 vitioso,
1085 2376 1218 2407 dicitur.
1242 2377 1301 2407 Or.
1318 2378 1348 2407 6.
1373 2377 1477 2407 aliiin
1493 2376 1675 2420 eademJe-

924 2416 1076 2460 jzmitate
1102 2420 1149 2461 (h.
1175 2430 1205 2451 e
1220 2425 1259 2451 ut
1275 2425 1354 2450 ante
1378 2420 1522 2459 dixerat,
1537 2421 1572 2452 in
1596 2423 1675 2453 sub-

932 2463 985 2493 tili
1009 2468 1045 2493 et
1060 2473 1173 2504 pressa
1187 2464 1354 2502 oratione)
1374 2466 1619 2503 concinnior-es,
1637 2466 1671 2497 id

934 2510 998 2545 est,
1023 2507 1139 2546 faceti,
1167 2508 1324 2538 florentes
1351 2509 1468 2545 etiam,
1496 2513 1529 2539 et
1556 2489 1676 2541 leviter

933 2552 1053 2582 ornati.
1077 2551 1120 2584 cf.
1137 2551 1232 2583 Brut.
1252 2553 1303 2583 89.
1326 2551 1426 2582 'lusc.
1440 2553 1474 2583 ii.
1495 2556 1522 2584 1.
1546 2553 1675 2585 *insci-

932 2595 991 2625 tia.
1014 2595 1070 2625 Or.
1087 2596 1121 2626 ii.
1134 2598 1164 2627 3.
1179 2593 1521 2644 Jejunitasbonamm
1534 2598 1672 2630 artium.

977 2637 1136 2680 Jejunus,
1150 2640 1298 2679 ignarus.
1322 2641 1381 2671 01.
1395 2643 1447 2671 30.
1455 2651 1597 2682 Jermas
1612 2641 1676 2672 hu-

931 2682 985 2723 jus
1000 2683 1196 2723 multiplicis
1209 2684 1340 2724 generis
1351 2694 1448 2714 aures
1461 2685 1673 2725 accepimus-

932 2726 965 2756 h.
993 2737 1022 2757 e.
1048 2727 1112 2757 hoc
1141 2737 1248 2767 genus
1274 2731 1350 2758 tum
1377 2732 1450 2758 erat
1480 2728 1675 2761 inauditum

933 2771 1055 2801 nostris
1079 2770 1284 2802 hominibus.
1312 2771 1478 2802 *sterilis
1508 2771 1601 2803 verr.
1626 2774 1675 2804 iii.

932 2817 986 2848 37.
1002 2812 1144 2856 jejunus
1155 2824 1245 2855 ager.
1269 2815 1434 2856 *parvus,
1451 2819 1674 2848 contemnen-

934 2857 1006 2888 dus.
1037 2858 1080 2888 ad
1106 2859 1183 2890 Div.
1211 2869 1265 2889 xv.
1290 2861 1322 2890 4.
1353 2859 1380 2889 si
1413 2869 1481 2889 non
1499 2857 1674 2901 jejunum,

932 2901 1023 2941 quod
1038 2911 1099 2942 ego
1116 2903 1214 2942 gessi.
1236 2902 1388 2941 *inania
1401 2903 1526 2935 tenuis.
1548 2904 1606 2935 Or.
1624 2905 1671 2936 iii.

1453 272 1506 302 36.
1541 271 1581 302 de
1609 272 1673 303 hoe
