<?xml version="1.0" encoding="UTF-8"?>
<!DOCTYPE html PUBLIC "-//W3C//DTD XHTML 1.0 Transitional//EN"
    "http://www.w3.org/TR/xhtml1/DTD/xhtml1-transitional.dtd">
<html xmlns="http://www.w3.org/1999/xhtml" xml:lang="en" lang="en">
 <head>
  <title>
</title>
<meta http-equiv="Content-Type" content="text/html;charset=utf-8" />
  <meta name='ocr-system' content='tesseract 3.04.00' />
  <meta name='ocr-capabilities' content='ocr_page ocr_carea ocr_par ocr_line ocrx_word'/>
</head>
<body>
  <div class='ocr_page' id='page_1' title='image "./clavisciceronian00erneuoft/clavisciceronian00erneuoft_0463.png"; bbox 0 0 1920 3196; ppageno 0'>
   <div class='ocr_carea' id='block_1_1' title="bbox 0 1708 28 3196">
    <p class='ocr_par' dir='ltr' id='par_1_1' title="bbox 0 1708 28 3196">
     <span class='ocr_line' id='line_1_1' title="bbox 0 1708 28 3196; baseline 0 0"><span class='ocrx_word' id='word_1_1' title='bbox 0 1708 28 3196; x_wconf 95' lang='lat' dir='ltr'> </span> 
     </span>
    </p>
   </div>
   <div class='ocr_carea' id='block_1_2' title="bbox 694 97 1166 129">
    <p class='ocr_par' dir='ltr' id='par_1_2' title="bbox 694 97 1166 129">
     <span class='ocr_line' id='line_1_2' title="bbox 694 97 1166 129; baseline 0.004 -2"><span class='ocrx_word' id='word_1_2' title='bbox 694 97 840 127; x_wconf 67' lang='lat' dir='ltr'>tunm:</span> <span class='ocrx_word' id='word_1_3' title='bbox 868 97 1004 127; x_wconf 74' lang='lat' dir='ltr'>LA‘rlN</span> <span class='ocrx_word' id='word_1_4' title='bbox 1011 99 1166 129; x_wconf 74' lang='lat' dir='ltr'>ITA&#39;rIs.</span> 
     </span>
    </p>
   </div>
   <div class='ocr_carea' id='block_1_3' title="bbox 155 184 914 2934">
    <p class='ocr_par' dir='ltr' id='par_1_3' title="bbox 168 184 901 265">
     <span class='ocr_line' id='line_1_3' title="bbox 168 184 901 227; baseline 0 -9"><span class='ocrx_word' id='word_1_5' title='bbox 168 192 222 220; x_wconf 75' lang='lat' dir='ltr'>tes</span> <span class='ocrx_word' id='word_1_6' title='bbox 247 186 343 219; x_wconf 85' lang='lat' dir='ltr'>divisi</span> <span class='ocrx_word' id='word_1_7' title='bbox 356 184 378 225; x_wconf 73' lang='grc' dir='ltr'>τ)</span> <span class='ocrx_word' id='word_1_8' title='bbox 405 190 444 218; x_wconf 81' lang='lat' dir='ltr'>ut</span> <span class='ocrx_word' id='word_1_9' title='bbox 473 196 568 227; x_wconf 83' lang='lat' dir='ltr'>reges</span> <span class='ocrx_word' id='word_1_10' title='bbox 596 186 749 225; x_wconf 67' lang='lat' dir='ltr'>Galatiae,</span> <span class='ocrx_word' id='word_1_11' title='bbox 774 186 901 218; x_wconf 77' lang='lat' dir='ltr'>Judaeoe</span> 
     </span>
     <span class='ocr_line' id='line_1_4' title="bbox 174 231 504 265; baseline -0.009 -2"><span class='ocrx_word' id='word_1_12' title='bbox 174 233 233 263; x_wconf 64' lang='lat' dir='ltr'>Bne.</span> <span class='ocrx_word' id='word_1_13' title='bbox 250 232 321 262; x_wconf 81' lang='lat' dir='ltr'>Att.</span> <span class='ocrx_word' id='word_1_14' title='bbox 338 233 371 262; x_wconf 87' lang='lat' dir='ltr'>ii.</span> <span class='ocrx_word' id='word_1_15' title='bbox 388 235 419 265; x_wconf 89' lang='grc'>9.</span> <span class='ocrx_word' id='word_1_16' title='bbox 445 231 504 261; x_wconf 71' lang='grc' dir='ltr'>ἃς.</span> 
     </span>
    </p>

    <p class='ocr_par' dir='ltr' id='par_1_4' title="bbox 175 273 905 437">
     <span class='ocr_line' id='line_1_5' title="bbox 216 273 905 312; baseline -0.006 -5"><span class='ocrx_word' id='word_1_17' title='bbox 216 275 422 312; x_wconf 61' lang='lat' dir='ltr'>Tarum-hia,</span> <span class='ocrx_word' id='word_1_18' title='bbox 451 279 503 304; x_wconf 81' lang='lat' dir='ltr'>est</span> <span class='ocrx_word' id='word_1_19' title='bbox 530 279 620 304; x_wconf 85' lang='lat' dir='ltr'>terra</span> <span class='ocrx_word' id='word_1_20' title='bbox 650 274 703 303; x_wconf 86' lang='lat' dir='ltr'>cui</span> <span class='ocrx_word' id='word_1_21' title='bbox 733 273 905 304; x_wconf 83' lang='lat' dir='ltr'>tetrarcha</span> 
     </span>
     <span class='ocr_line' id='line_1_6' title="bbox 175 318 905 358; baseline -0.003 -9"><span class='ocrx_word' id='word_1_22' title='bbox 175 319 329 358; x_wconf 82' lang='lat' dir='ltr'>imperat.</span> <span class='ocrx_word' id='word_1_23' title='bbox 355 318 429 349; x_wconf 85' lang='lat' dir='ltr'>Div.</span> <span class='ocrx_word' id='word_1_24' title='bbox 448 319 468 348; x_wconf 95' lang='lat' dir='ltr'>i.</span> <span class='ocrx_word' id='word_1_25' title='bbox 486 321 533 348; x_wconf 86' lang='lat'><strong>15.</strong></span> <span class='ocrx_word' id='word_1_26' title='bbox 551 318 728 348; x_wconf 75' lang='lat' dir='ltr'>Deiotarus</span> <span class='ocrx_word' id='word_1_27' title='bbox 741 327 759 347; x_wconf 87' lang='lat' dir='ltr'>a</span> <span class='ocrx_word' id='word_1_28' title='bbox 776 318 905 347; x_wconf 87' lang='lat' dir='ltr'>Caesare</span> 
     </span>
     <span class='ocr_line' id='line_1_7' title="bbox 177 361 905 400; baseline 0 -8"><span class='ocrx_word' id='word_1_29' title='bbox 177 363 364 393; x_wconf 77' lang='lat' dir='ltr'>tetrarchioe</span> <span class='ocrx_word' id='word_1_30' title='bbox 390 370 492 400; x_wconf 86' lang='lat' dir='ltr'>reguo</span> <span class='ocrx_word' id='word_1_31' title='bbox 519 361 680 391; x_wconf 81' lang='lat' dir='ltr'>multatus</span> <span class='ocrx_word' id='word_1_32' title='bbox 697 367 758 391; x_wconf 81' lang='lat' dir='ltr'>est.</span> <span class='ocrx_word' id='word_1_33' title='bbox 792 361 905 392; x_wconf 85' lang='lat' dir='ltr'>Deiot.</span> 
     </span>
     <span class='ocr_line' id='line_1_8' title="bbox 181 406 666 437; baseline -0.004 -1"><span class='ocrx_word' id='word_1_34' title='bbox 181 407 230 437; x_wconf 82' lang='lat'><strong>15.</strong></span> <span class='ocrx_word' id='word_1_35' title='bbox 256 407 289 435; x_wconf 88' lang='lat' dir='ltr'>in</span> <span class='ocrx_word' id='word_1_36' title='bbox 306 406 456 436; x_wconf 76' lang='lat' dir='ltr'>Deiotari</span> <span class='ocrx_word' id='word_1_37' title='bbox 474 406 666 435; x_wconf 75' lang='lat' dir='ltr'><em>tetrarchia.</em></span> 
     </span>
    </p>

    <p class='ocr_par' dir='ltr' id='par_1_5' title="bbox 172 447 906 531">
     <span class='ocr_line' id='line_1_9' title="bbox 217 447 906 486; baseline -0.003 -7"><span class='ocrx_word' id='word_1_38' title='bbox 217 449 350 486; x_wconf 67' lang='lat' dir='ltr'>Tesere,</span> <span class='ocrx_word' id='word_1_39' title='bbox 363 449 536 479; x_wconf 84' lang='lat' dir='ltr'>aedificare.</span> <span class='ocrx_word' id='word_1_40' title='bbox 557 450 626 478; x_wconf 83' lang='lat' dir='ltr'>Att.</span> <span class='ocrx_word' id='word_1_41' title='bbox 639 449 680 478; x_wconf 83' lang='lat' dir='ltr'>iv.</span> <span class='ocrx_word' id='word_1_42' title='bbox 699 449 747 478; x_wconf 84' lang='lat'><strong>16.</strong></span> <span class='ocrx_word' id='word_1_43' title='bbox 773 447 906 478; x_wconf 83' lang='lat' dir='ltr'>Paullus</span> 
     </span>
     <span class='ocr_line' id='line_1_10' title="bbox 172 491 906 531; baseline -0.001 -9"><span class='ocrx_word' id='word_1_44' title='bbox 172 492 343 522; x_wconf 81' lang='lat' dir='ltr'>basilicam</span> <span class='ocrx_word' id='word_1_45' title='bbox 363 494 465 523; x_wconf 65' lang='lat' dir='ltr'>texuit</span> <span class='ocrx_word' id='word_1_46' title='bbox 481 492 598 522; x_wconf 74' lang='lat' dir='ltr'>iisdem</span> <span class='ocrx_word' id='word_1_47' title='bbox 614 493 760 531; x_wconf 77' lang='lat' dir='ltr'>antiquis</span> <span class='ocrx_word' id='word_1_48' title='bbox 778 491 906 521; x_wconf 87' lang='lat' dir='ltr'>colum-</span> 
     </span>
    </p>

    <p class='ocr_par' dir='ltr' id='par_1_6' title="bbox 155 535 907 619">
     <span class='ocr_line' id='line_1_11' title="bbox 155 535 907 576; baseline -0.001 -11"><span class='ocrx_word' id='word_1_49' title='bbox 155 537 233 575; x_wconf 68' lang='lat' dir='ltr'>nis.</span> <span class='ocrx_word' id='word_1_50' title='bbox 263 536 303 566; x_wconf 86' lang='lat' dir='ltr'>ad</span> <span class='ocrx_word' id='word_1_51' title='bbox 332 537 374 576; x_wconf 73' lang='grc' dir='ltr'>Ω.</span> <span class='ocrx_word' id='word_1_52' title='bbox 409 535 458 566; x_wconf 86' lang='lat' dir='ltr'>Fr.</span> <span class='ocrx_word' id='word_1_53' title='bbox 491 536 537 565; x_wconf 87' lang='lat' dir='ltr'>iii.</span> <span class='ocrx_word' id='word_1_54' title='bbox 567 539 596 566; x_wconf 89' lang='lat'>5.</span> <span class='ocrx_word' id='word_1_55' title='bbox 625 545 704 565; x_wconf 87' lang='lat' dir='ltr'>sane</span> <span class='ocrx_word' id='word_1_56' title='bbox 736 536 907 565; x_wconf 67' lang='lat' dir='ltr'>texebatur</span> 
     </span>
     <span class='ocr_line' id='line_1_12' title="bbox 168 579 467 619; baseline 0.003 -10"><span class='ocrx_word' id='word_1_57' title='bbox 168 589 251 619; x_wconf 84' lang='lat' dir='ltr'>opus</span> <span class='ocrx_word' id='word_1_58' title='bbox 268 579 467 610; x_wconf 69' lang='lat' dir='ltr'>luculenter.</span> 
     </span>
    </p>

    <p class='ocr_par' dir='ltr' id='par_1_7' title="bbox 169 622 908 793">
     <span class='ocr_line' id='line_1_13' title="bbox 215 622 906 662; baseline -0.001 -9"><span class='ocrx_word' id='word_1_59' title='bbox 215 622 361 653; x_wconf 59' lang='lat' dir='ltr'>Tea-cilis.</span> <span class='ocrx_word' id='word_1_60' title='bbox 391 623 491 654; x_wconf 87' lang='lat' dir='ltr'>Tusc.</span> <span class='ocrx_word' id='word_1_61' title='bbox 520 623 554 653; x_wconf 92' lang='lat' dir='ltr'>ii.</span> <span class='ocrx_word' id='word_1_62' title='bbox 580 626 610 653; x_wconf 79' lang='lat'>8.</span> <span class='ocrx_word' id='word_1_63' title='bbox 643 623 746 662; x_wconf 84' lang='lat' dir='ltr'>pestis</span> <span class='ocrx_word' id='word_1_64' title='bbox 772 623 906 659; x_wconf 66' lang='lat' dir='ltr'>textilis,</span> 
     </span>
     <span class='ocr_line' id='line_1_14' title="bbox 170 666 908 705; baseline 0.001 -10"><span class='ocrx_word' id='word_1_65' title='bbox 170 671 223 696; x_wconf 81' lang='lat' dir='ltr'>est</span> <span class='ocrx_word' id='word_1_66' title='bbox 239 668 339 697; x_wconf 77' lang='lat' dir='ltr'>vestis</span> <span class='ocrx_word' id='word_1_67' title='bbox 355 675 530 696; x_wconf 81' lang='lat' dir='ltr'>venenata.</span> <span class='ocrx_word' id='word_1_68' title='bbox 560 666 653 696; x_wconf 87' lang='lat' dir='ltr'>Verr.</span> <span class='ocrx_word' id='word_1_69' title='bbox 671 667 712 696; x_wconf 86' lang='lat' dir='ltr'>iv.</span> <span class='ocrx_word' id='word_1_70' title='bbox 733 669 760 696; x_wconf 91' lang='lat' dir='ltr'><strong>l.</strong></span> <span class='ocrx_word' id='word_1_71' title='bbox 776 667 908 705; x_wconf 86' lang='lat' dir='ltr'>pictura</span> 
     </span>
     <span class='ocr_line' id='line_1_15' title="bbox 169 710 905 750; baseline 0 -10"><span class='ocrx_word' id='word_1_72' title='bbox 169 712 303 746; x_wconf 56' lang='lat' dir='ltr'>tea-mles,</span> <span class='ocrx_word' id='word_1_73' title='bbox 321 715 371 740; x_wconf 78' lang='lat' dir='ltr'>est</span> <span class='ocrx_word' id='word_1_74' title='bbox 385 711 485 740; x_wconf 75' lang='lat' dir='ltr'>vestis</span> <span class='ocrx_word' id='word_1_75' title='bbox 509 710 659 749; x_wconf 83' lang='lat' dir='ltr'>stragula</span> <span class='ocrx_word' id='word_1_76' title='bbox 681 719 742 740; x_wconf 84' lang='lat' dir='ltr'>acu</span> <span class='ocrx_word' id='word_1_77' title='bbox 761 711 862 750; x_wconf 78' lang='lat' dir='ltr'>pieta,</span> <span class='ocrx_word' id='word_1_78' title='bbox 878 718 905 740; x_wconf 82' lang='lat' dir='ltr'>s.</span> 
     </span>
     <span class='ocr_line' id='line_1_16' title="bbox 170 754 832 793; baseline 0 -10"><span class='ocrx_word' id='word_1_79' title='bbox 170 754 224 784; x_wconf 83' lang='lat' dir='ltr'>cui</span> <span class='ocrx_word' id='word_1_80' title='bbox 240 755 402 793; x_wconf 79' lang='lat' dir='ltr'>imagines</span> <span class='ocrx_word' id='word_1_81' title='bbox 419 754 666 784; x_wconf 85' lang='lat' dir='ltr'>diversicolores</span> <span class='ocrx_word' id='word_1_82' title='bbox 682 754 832 783; x_wconf 62' lang='lat' dir='ltr'>intextae.</span> 
     </span>
    </p>

    <p class='ocr_par' dir='ltr' id='par_1_8' title="bbox 165 797 908 1832">
     <span class='ocr_line' id='line_1_17' title="bbox 214 797 908 837; baseline -0.003 -9"><span class='ocrx_word' id='word_1_83' title='bbox 214 797 412 836; x_wconf 67' lang='lat' dir='ltr'>Theatrum,</span> <span class='ocrx_word' id='word_1_84' title='bbox 424 797 615 836; x_wconf 84' lang='lat' dir='ltr'>frequentia</span> <span class='ocrx_word' id='word_1_85' title='bbox 629 802 855 837; x_wconf 87' lang='lat' dir='ltr'>spectatorum</span> <span class='ocrx_word' id='word_1_86' title='bbox 873 802 908 827; x_wconf 88' lang='lat' dir='ltr'>et</span> 
     </span>
     <span class='ocr_line' id='line_1_18' title="bbox 170 841 907 873; baseline -0.001 -2"><span class='ocrx_word' id='word_1_87' title='bbox 170 841 377 872; x_wconf 74' lang='lat' dir='ltr'>auditorum.</span> <span class='ocrx_word' id='word_1_88' title='bbox 408 841 469 872; x_wconf 83' lang='lat' dir='ltr'>Or.</span> <span class='ocrx_word' id='word_1_89' title='bbox 501 842 548 871; x_wconf 90' lang='lat' dir='ltr'>iii.</span> <span class='ocrx_word' id='word_1_90' title='bbox 581 845 632 873; x_wconf 87' lang='lat'><strong>50.</strong></span> <span class='ocrx_word' id='word_1_91' title='bbox 671 846 744 871; x_wconf 85' lang='lat' dir='ltr'>tota</span> <span class='ocrx_word' id='word_1_92' title='bbox 776 842 907 871; x_wconf 79' lang='lat' dir='ltr'>theatra</span> 
     </span>
     <span class='ocr_line' id='line_1_19' title="bbox 169 884 908 915; baseline 0 -1"><span class='ocrx_word' id='word_1_93' title='bbox 169 885 365 915; x_wconf 80' lang='lat' dir='ltr'><strong>reclamant.</strong></span> <span class='ocrx_word' id='word_1_94' title='bbox 396 886 471 915; x_wconf 91' lang='lat' dir='ltr'>Div.</span> <span class='ocrx_word' id='word_1_95' title='bbox 496 886 517 915; x_wconf 89' lang='lat' dir='ltr'>i.</span> <span class='ocrx_word' id='word_1_96' title='bbox 535 887 586 915; x_wconf 65' lang='grc'>98.</span> <span class='ocrx_word' id='word_1_97' title='bbox 617 884 743 914; x_wconf 86' lang='lat' dir='ltr'>SCtum</span> <span class='ocrx_word' id='word_1_98' title='bbox 767 894 837 914; x_wconf 88' lang='lat' dir='ltr'>esse</span> <span class='ocrx_word' id='word_1_99' title='bbox 858 884 908 914; x_wconf 83' lang='lat' dir='ltr'>fa-</span> 
     </span>
     <span class='ocr_line' id='line_1_20' title="bbox 169 928 907 969; baseline 0.001 -12"><span class='ocrx_word' id='word_1_100' title='bbox 169 933 276 965; x_wconf 80' lang='lat' dir='ltr'>ctum,</span> <span class='ocrx_word' id='word_1_101' title='bbox 293 928 456 959; x_wconf 74' lang='lat' dir='ltr'>referente</span> <span class='ocrx_word' id='word_1_102' title='bbox 472 930 600 969; x_wconf 85' lang='lat' dir='ltr'>optimo</span> <span class='ocrx_word' id='word_1_103' title='bbox 616 933 650 958; x_wconf 87' lang='lat' dir='ltr'>et</span> <span class='ocrx_word' id='word_1_104' title='bbox 665 928 845 958; x_wconf 84' lang='lat' dir='ltr'>clarissimo</span> <span class='ocrx_word' id='word_1_105' title='bbox 861 928 907 957; x_wconf 86' lang='lat' dir='ltr'>vi-</span> 
     </span>
     <span class='ocr_line' id='line_1_21' title="bbox 168 972 907 1011; baseline 0 -10"><span class='ocrx_word' id='word_1_106' title='bbox 168 982 206 1002; x_wconf 86' lang='lat' dir='ltr'>ro</span> <span class='ocrx_word' id='word_1_107' title='bbox 230 972 387 1005; x_wconf 79' lang='lat' dir='ltr'>Consule,</span> <span class='ocrx_word' id='word_1_108' title='bbox 406 972 504 1011; x_wconf 89' lang='lat' dir='ltr'>idque</span> <span class='ocrx_word' id='word_1_109' title='bbox 526 972 797 1011; x_wconf 82' lang='lat' dir='ltr'>frequentissimo</span> <span class='ocrx_word' id='word_1_110' title='bbox 817 973 907 1002; x_wconf 78' lang='lat' dir='ltr'>thea-</span> 
     </span>
     <span class='ocr_line' id='line_1_22' title="bbox 167 1015 907 1055; baseline 0 -10"><span class='ocrx_word' id='word_1_111' title='bbox 167 1019 230 1052; x_wconf 83' lang='lat' dir='ltr'>tro,</span> <span class='ocrx_word' id='word_1_112' title='bbox 250 1015 435 1046; x_wconf 83' lang='lat' dir='ltr'>incredibili</span> <span class='ocrx_word' id='word_1_113' title='bbox 459 1015 603 1045; x_wconf 81' lang='lat' dir='ltr'>elamore</span> <span class='ocrx_word' id='word_1_114' title='bbox 624 1022 658 1045; x_wconf 89' lang='lat' dir='ltr'>et</span> <span class='ocrx_word' id='word_1_115' title='bbox 680 1015 800 1055; x_wconf 86' lang='lat' dir='ltr'>plausu</span> <span class='ocrx_word' id='word_1_116' title='bbox 817 1025 907 1045; x_wconf 91' lang='lat' dir='ltr'>com-</span> 
     </span>
     <span class='ocr_line' id='line_1_23' title="bbox 167 1059 907 1099; baseline 0 -11"><span class='ocrx_word' id='word_1_117' title='bbox 167 1059 358 1099; x_wconf 89' lang='lat' dir='ltr'>probatum.</span> <span class='ocrx_word' id='word_1_118' title='bbox 392 1068 512 1099; x_wconf 82' lang='lat' dir='ltr'><strong>nempe</strong></span> <span class='ocrx_word' id='word_1_119' title='bbox 543 1061 712 1089; x_wconf 73' lang='lat' dir='ltr'>theatrum</span> <span class='ocrx_word' id='word_1_120' title='bbox 743 1059 776 1089; x_wconf 91' lang='lat' dir='ltr'>h.</span> <span class='ocrx_word' id='word_1_121' title='bbox 800 1059 824 1090; x_wconf 89' lang='lat' dir='ltr'>l.</span> <span class='ocrx_word' id='word_1_122' title='bbox 856 1064 907 1089; x_wconf 84' lang='lat' dir='ltr'>est</span> 
     </span>
     <span class='ocr_line' id='line_1_24' title="bbox 169 1102 906 1142; baseline 0 -10"><span class='ocrx_word' id='word_1_123' title='bbox 169 1102 286 1132; x_wconf 88' lang='lat' dir='ltr'>concio</span> <span class='ocrx_word' id='word_1_124' title='bbox 309 1103 436 1142; x_wconf 87' lang='lat' dir='ltr'>populi,</span> <span class='ocrx_word' id='word_1_125' title='bbox 452 1112 526 1141; x_wconf 78' lang='lat' dir='ltr'>quae</span> <span class='ocrx_word' id='word_1_126' title='bbox 549 1103 657 1141; x_wconf 72' lang='lat' dir='ltr'>legem</span> <span class='ocrx_word' id='word_1_127' title='bbox 682 1102 721 1132; x_wconf 86' lang='lat' dir='ltr'>de</span> <span class='ocrx_word' id='word_1_128' title='bbox 739 1103 854 1133; x_wconf 85' lang='lat' dir='ltr'>eadem</span> <span class='ocrx_word' id='word_1_129' title='bbox 871 1112 906 1132; x_wconf 88' lang='lat' dir='ltr'>re</span> 
     </span>
     <span class='ocr_line' id='line_1_25' title="bbox 166 1145 907 1186; baseline 0 -10"><span class='ocrx_word' id='word_1_130' title='bbox 166 1145 268 1176; x_wconf 84' lang='lat' dir='ltr'>latam</span> <span class='ocrx_word' id='word_1_131' title='bbox 283 1147 393 1183; x_wconf 88' lang='lat' dir='ltr'>scivit,</span> <span class='ocrx_word' id='word_1_132' title='bbox 407 1146 554 1184; x_wconf 80' lang='lat' dir='ltr'>adeoque</span> <span class='ocrx_word' id='word_1_133' title='bbox 568 1146 693 1176; x_wconf 88' lang='lat' dir='ltr'>SCtum</span> <span class='ocrx_word' id='word_1_134' title='bbox 712 1147 907 1186; x_wconf 85' lang='lat' dir='ltr'>comproba-</span> 
     </span>
     <span class='ocr_line' id='line_1_26' title="bbox 168 1189 906 1221; baseline 0 -2"><span class='ocrx_word' id='word_1_135' title='bbox 168 1190 227 1220; x_wconf 76' lang='lat' dir='ltr'>vit.</span> <span class='ocrx_word' id='word_1_136' title='bbox 257 1189 394 1220; x_wconf 77' lang='lat' dir='ltr'>Tuscul.</span> <span class='ocrx_word' id='word_1_137' title='bbox 423 1190 457 1219; x_wconf 90' lang='lat' dir='ltr'>ii.</span> <span class='ocrx_word' id='word_1_138' title='bbox 483 1191 535 1221; x_wconf 69' lang='lat'><strong>26.</strong></span> <span class='ocrx_word' id='word_1_139' title='bbox 575 1190 708 1220; x_wconf 88' lang='lat' dir='ltr'>nullum</span> <span class='ocrx_word' id='word_1_140' title='bbox 737 1192 906 1220; x_wconf 74' lang='lat' dir='ltr'><em>theatrum</em></span> 
     </span>
     <span class='ocr_line' id='line_1_27' title="bbox 167 1234 907 1273; baseline 0 -10"><span class='ocrx_word' id='word_1_141' title='bbox 167 1234 286 1263; x_wconf 84' lang='lat' dir='ltr'>virtuti</span> <span class='ocrx_word' id='word_1_142' title='bbox 303 1234 509 1263; x_wconf 78' lang='lat' dir='ltr'>conscientia</span> <span class='ocrx_word' id='word_1_143' title='bbox 524 1235 645 1273; x_wconf 81' lang='lat' dir='ltr'>majus.</span> <span class='ocrx_word' id='word_1_144' title='bbox 669 1234 841 1271; x_wconf 54' lang='lat' dir='ltr'>⁵·¹*occasio‚</span> <span class='ocrx_word' id='word_1_145' title='bbox 860 1234 907 1263; x_wconf 90' lang='lat' dir='ltr'>lo-</span> 
     </span>
     <span class='ocr_line' id='line_1_28' title="bbox 167 1277 906 1316; baseline 0.003 -10"><span class='ocrx_word' id='word_1_146' title='bbox 167 1287 226 1308; x_wconf 86' lang='lat' dir='ltr'>cus</span> <span class='ocrx_word' id='word_1_147' title='bbox 251 1277 299 1307; x_wconf 85' lang='lat' dir='ltr'>ita</span> <span class='ocrx_word' id='word_1_148' title='bbox 321 1277 572 1307; x_wconf 87' lang='lat' dir='ltr'>demonstrandi</span> <span class='ocrx_word' id='word_1_149' title='bbox 597 1278 735 1316; x_wconf 84' lang='lat' dir='ltr'>ingenii,</span> <span class='ocrx_word' id='word_1_150' title='bbox 760 1278 906 1316; x_wconf 77' lang='lat' dir='ltr'>virtutis,</span> 
     </span>
     <span class='ocr_line' id='line_1_29' title="bbox 166 1321 906 1361; baseline 0.001 -11"><span class='ocrx_word' id='word_1_151' title='bbox 166 1325 207 1351; x_wconf 89' lang='lat' dir='ltr'>ut</span> <span class='ocrx_word' id='word_1_152' title='bbox 219 1330 238 1350; x_wconf 89' lang='lat' dir='ltr'>a</span> <span class='ocrx_word' id='word_1_153' title='bbox 250 1321 401 1361; x_wconf 86' lang='lat' dir='ltr'>plurimis</span> <span class='ocrx_word' id='word_1_154' title='bbox 414 1322 567 1360; x_wconf 78' lang='lat' dir='ltr'>cognosci</span> <span class='ocrx_word' id='word_1_155' title='bbox 581 1323 696 1361; x_wconf 84' lang='lat' dir='ltr'>possit,</span> <span class='ocrx_word' id='word_1_156' title='bbox 709 1326 743 1351; x_wconf 76' lang='lat' dir='ltr'>et</span> <span class='ocrx_word' id='word_1_157' title='bbox 756 1323 906 1358; x_wconf 82' lang='lat' dir='ltr'>omnino,</span> 
     </span>
     <span class='ocr_line' id='line_1_30' title="bbox 168 1364 906 1404; baseline 0.001 -10"><span class='ocrx_word' id='word_1_158' title='bbox 168 1364 327 1404; x_wconf 88' lang='lat' dir='ltr'>quicquid</span> <span class='ocrx_word' id='word_1_159' title='bbox 350 1366 398 1394; x_wconf 89' lang='lat' dir='ltr'>ita</span> <span class='ocrx_word' id='word_1_160' title='bbox 421 1365 472 1402; x_wconf 85' lang='lat' dir='ltr'>fit,</span> <span class='ocrx_word' id='word_1_161' title='bbox 488 1370 526 1395; x_wconf 88' lang='lat' dir='ltr'>ut</span> <span class='ocrx_word' id='word_1_162' title='bbox 545 1365 579 1394; x_wconf 88' lang='lat' dir='ltr'>in</span> <span class='ocrx_word' id='word_1_163' title='bbox 604 1365 707 1394; x_wconf 81' lang='lat' dir='ltr'>oculis</span> <span class='ocrx_word' id='word_1_164' title='bbox 731 1365 906 1395; x_wconf 86' lang='lat' dir='ltr'>hominum</span> 
     </span>
     <span class='ocr_line' id='line_1_31' title="bbox 167 1408 906 1445; baseline 0 -7"><span class='ocrx_word' id='word_1_165' title='bbox 167 1409 241 1445; x_wconf 73' lang='lat' dir='ltr'>fiat,</span> <span class='ocrx_word' id='word_1_166' title='bbox 259 1408 291 1438; x_wconf 89' lang='lat' dir='ltr'>id</span> <span class='ocrx_word' id='word_1_167' title='bbox 307 1409 341 1438; x_wconf 88' lang='lat' dir='ltr'>in</span> <span class='ocrx_word' id='word_1_168' title='bbox 358 1409 491 1438; x_wconf 89' lang='lat' dir='ltr'>theatro</span> <span class='ocrx_word' id='word_1_169' title='bbox 509 1409 580 1438; x_wconf 80' lang='lat' dir='ltr'>fieri</span> <span class='ocrx_word' id='word_1_170' title='bbox 596 1408 730 1439; x_wconf 77' lang='lat' dir='ltr'>dicitur.</span> <span class='ocrx_word' id='word_1_171' title='bbox 755 1408 850 1439; x_wconf 81' lang='lat' dir='ltr'>Brut.</span> <span class='ocrx_word' id='word_1_172' title='bbox 875 1411 906 1440; x_wconf 69' lang='lat'><strong>2.</strong></span> 
     </span>
     <span class='ocr_line' id='line_1_32' title="bbox 168 1452 907 1491; baseline 0 -9"><span class='ocrx_word' id='word_1_173' title='bbox 168 1454 336 1482; x_wconf 76' lang='lat' dir='ltr'>theatrum</span> <span class='ocrx_word' id='word_1_174' title='bbox 366 1452 504 1491; x_wconf 80' lang='lat' dir='ltr'>ingenii.</span> <span class='ocrx_word' id='word_1_175' title='bbox 531 1453 603 1482; x_wconf 87' lang='lat' dir='ltr'>Att.</span> <span class='ocrx_word' id='word_1_176' title='bbox 633 1453 701 1482; x_wconf 85' lang='lat' dir='ltr'>xiii.</span> <span class='ocrx_word' id='word_1_177' title='bbox 729 1455 782 1483; x_wconf 67' lang='lat'><strong>2⁷0.</strong></span> <span class='ocrx_word' id='word_1_178' title='bbox 817 1455 907 1482; x_wconf 72' lang='grc' dir='ltr'><em>Πιρα-</em></span> 
     </span>
     <span class='ocr_line' id='line_1_33' title="bbox 165 1495 906 1527; baseline 0 -1"><span class='ocrx_word' id='word_1_179' title='bbox 165 1500 259 1526; x_wconf 74' lang='lat' dir='ltr'>trum</span> <span class='ocrx_word' id='word_1_180' title='bbox 272 1505 351 1525; x_wconf 85' lang='lat' dir='ltr'>sane</span> <span class='ocrx_word' id='word_1_181' title='bbox 364 1496 487 1526; x_wconf 88' lang='lat' dir='ltr'>bellum</span> <span class='ocrx_word' id='word_1_182' title='bbox 505 1495 663 1526; x_wconf 75' lang='lat' dir='ltr'>habuisti.</span> <span class='ocrx_word' id='word_1_183' title='bbox 687 1496 800 1527; x_wconf 82' lang='lat' dir='ltr'>Rabir.</span> <span class='ocrx_word' id='word_1_184' title='bbox 820 1497 906 1526; x_wconf 83' lang='lat' dir='ltr'>Post.</span> 
     </span>
     <span class='ocr_line' id='line_1_34' title="bbox 171 1540 908 1580; baseline 0 -10"><span class='ocrx_word' id='word_1_185' title='bbox 171 1542 221 1570; x_wconf 89' lang='lat'>15.</span> <span class='ocrx_word' id='word_1_186' title='bbox 255 1540 435 1577; x_wconf 83' lang='lat' dir='ltr'>majoribus</span> <span class='ocrx_word' id='word_1_187' title='bbox 460 1541 594 1570; x_wconf 73' lang='lat' dir='ltr'>theatris</span> <span class='ocrx_word' id='word_1_188' title='bbox 611 1541 786 1580; x_wconf 81' lang='lat' dir='ltr'>propositae</span> <span class='ocrx_word' id='word_1_189' title='bbox 802 1541 908 1571; x_wconf 87' lang='lat' dir='ltr'>virtu-</span> 
     </span>
     <span class='ocr_line' id='line_1_35' title="bbox 167 1583 906 1623; baseline 0 -10"><span class='ocrx_word' id='word_1_190' title='bbox 167 1587 230 1614; x_wconf 82' lang='lat' dir='ltr'>tes.</span> <span class='ocrx_word' id='word_1_191' title='bbox 255 1583 296 1613; x_wconf 90' lang='lat' dir='ltr'>ad</span> <span class='ocrx_word' id='word_1_192' title='bbox 309 1583 383 1613; x_wconf 90' lang='lat' dir='ltr'>Div.</span> <span class='ocrx_word' id='word_1_193' title='bbox 398 1583 468 1613; x_wconf 78' lang='lat' dir='ltr'>xiii.</span> <span class='ocrx_word' id='word_1_194' title='bbox 482 1584 534 1614; x_wconf 82' lang='lat'><strong>64.</strong></span> <span class='ocrx_word' id='word_1_195' title='bbox 560 1585 726 1614; x_wconf 69' lang='lat' dir='ltr'>theatrum</span> <span class='ocrx_word' id='word_1_196' title='bbox 745 1594 906 1623; x_wconf 79' lang='lat' dir='ltr'>magnum</span> 
     </span>
     <span class='ocr_line' id='line_1_36' title="bbox 166 1626 906 1667; baseline 0.003 -10"><span class='ocrx_word' id='word_1_197' title='bbox 166 1626 269 1657; x_wconf 85' lang='lat' dir='ltr'>habet</span> <span class='ocrx_word' id='word_1_198' title='bbox 296 1627 361 1657; x_wconf 81' lang='lat' dir='ltr'>ista</span> <span class='ocrx_word' id='word_1_199' title='bbox 390 1628 570 1667; x_wconf 86' lang='lat' dir='ltr'>provincia.</span> <span class='ocrx_word' id='word_1_200' title='bbox 602 1628 643 1657; x_wconf 88' lang='lat' dir='ltr'>ad</span> <span class='ocrx_word' id='word_1_201' title='bbox 670 1628 746 1658; x_wconf 85' lang='lat' dir='ltr'>Div.</span> <span class='ocrx_word' id='word_1_202' title='bbox 773 1629 828 1657; x_wconf 87' lang='lat' dir='ltr'>xii.</span> <span class='ocrx_word' id='word_1_203' title='bbox 854 1630 906 1662; x_wconf 73' lang='lat'><strong>⁶29.</strong></span> 
     </span>
     <span class='ocr_line' id='line_1_37' title="bbox 166 1670 906 1711; baseline 0.003 -11"><span class='ocrx_word' id='word_1_204' title='bbox 166 1670 378 1701; x_wconf 84' lang='lat' dir='ltr'>familiaritas</span> <span class='ocrx_word' id='word_1_205' title='bbox 416 1680 538 1710; x_wconf 81' lang='lat' dir='ltr'>magno</span> <span class='ocrx_word' id='word_1_206' title='bbox 575 1673 703 1702; x_wconf 71' lang='lat' dir='ltr'>theatro</span> <span class='ocrx_word' id='word_1_207' title='bbox 745 1676 906 1711; x_wconf 85' lang='lat' dir='ltr'>spectata.</span> 
     </span>
     <span class='ocr_line' id='line_1_38' title="bbox 167 1712 906 1754; baseline 0.003 -10"><span class='ocrx_word' id='word_1_208' title='bbox 167 1712 260 1745; x_wconf 82' lang='lat' dir='ltr'>verr.</span> <span class='ocrx_word' id='word_1_209' title='bbox 275 1724 303 1744; x_wconf 88' lang='lat' dir='ltr'>v.</span> <span class='ocrx_word' id='word_1_210' title='bbox 320 1717 368 1745; x_wconf 87' lang='lat'><strong>14.</strong></span> <span class='ocrx_word' id='word_1_211' title='bbox 394 1720 432 1744; x_wconf 85' lang='lat' dir='ltr'>ut</span> <span class='ocrx_word' id='word_1_212' title='bbox 447 1725 499 1744; x_wconf 87' lang='lat' dir='ltr'>me</span> <span class='ocrx_word' id='word_1_213' title='bbox 513 1720 783 1754; x_wconf 61' lang='lat' dir='ltr'>quaesturamque</span> <span class='ocrx_word' id='word_1_214' title='bbox 798 1725 906 1746; x_wconf 84' lang='lat' dir='ltr'>meam</span> 
     </span>
     <span class='ocr_line' id='line_1_39' title="bbox 168 1758 908 1797; baseline 0.004 -10"><span class='ocrx_word' id='word_1_215' title='bbox 168 1759 263 1797; x_wconf 73' lang='lat' dir='ltr'>quasi</span> <span class='ocrx_word' id='word_1_216' title='bbox 286 1759 321 1788; x_wconf 92' lang='lat' dir='ltr'>in</span> <span class='ocrx_word' id='word_1_217' title='bbox 338 1758 449 1797; x_wconf 88' lang='lat' dir='ltr'>aliquo</span> <span class='ocrx_word' id='word_1_218' title='bbox 472 1759 559 1789; x_wconf 90' lang='lat' dir='ltr'>orbis</span> <span class='ocrx_word' id='word_1_219' title='bbox 581 1763 679 1789; x_wconf 85' lang='lat' dir='ltr'>terrae</span> <span class='ocrx_word' id='word_1_220' title='bbox 696 1760 821 1790; x_wconf 79' lang='lat' dir='ltr'>theatro</span> <span class='ocrx_word' id='word_1_221' title='bbox 838 1769 908 1790; x_wconf 83' lang='lat' dir='ltr'>ver-</span> 
     </span>
     <span class='ocr_line' id='line_1_40' title="bbox 166 1802 488 1832; baseline 0.003 -1"><span class='ocrx_word' id='word_1_222' title='bbox 166 1803 231 1832; x_wconf 68' lang='lat' dir='ltr'>nari</span> <span class='ocrx_word' id='word_1_223' title='bbox 248 1802 488 1832; x_wconf 83' lang='lat' dir='ltr'>existimarem.</span> 
     </span>
    </p>

    <p class='ocr_par' dir='ltr' id='par_1_9' title="bbox 165 1845 909 2410">
     <span class='ocr_line' id='line_1_41' title="bbox 213 1845 909 1886; baseline 0 -10"><span class='ocrx_word' id='word_1_224' title='bbox 213 1845 356 1883; x_wconf 76' lang='lat' dir='ltr'>Thema,</span> <span class='ocrx_word' id='word_1_225' title='bbox 368 1854 418 1876; x_wconf 86' lang='lat' dir='ltr'>est</span> <span class='ocrx_word' id='word_1_226' title='bbox 430 1845 634 1884; x_wconf 86' lang='lat' dir='ltr'>vehiculum,</span> <span class='ocrx_word' id='word_1_227' title='bbox 648 1856 713 1886; x_wconf 82' lang='lat' dir='ltr'>quo</span> <span class='ocrx_word' id='word_1_228' title='bbox 729 1845 909 1877; x_wconf 82' lang='lat' dir='ltr'>simulacra</span> 
     </span>
     <span class='ocr_line' id='line_1_42' title="bbox 167 1888 907 1930; baseline 0 -10"><span class='ocrx_word' id='word_1_229' title='bbox 167 1888 319 1921; x_wconf 87' lang='lat' dir='ltr'>Deorum</span> <span class='ocrx_word' id='word_1_230' title='bbox 343 1890 377 1919; x_wconf 93' lang='lat' dir='ltr'>in</span> <span class='ocrx_word' id='word_1_231' title='bbox 401 1900 524 1930; x_wconf 87' lang='lat' dir='ltr'>pompa</span> <span class='ocrx_word' id='word_1_232' title='bbox 550 1890 699 1920; x_wconf 84' lang='lat' dir='ltr'>Circensi</span> <span class='ocrx_word' id='word_1_233' title='bbox 726 1890 907 1928; x_wconf 81' lang='lat' dir='ltr'>vehuntur,</span> 
     </span>
     <span class='ocr_line' id='line_1_43' title="bbox 167 1933 907 1973; baseline 0.001 -10"><span class='ocrx_word' id='word_1_234' title='bbox 167 1933 258 1963; x_wconf 84' lang='lat' dir='ltr'>unde</span> <span class='ocrx_word' id='word_1_235' title='bbox 286 1935 406 1963; x_wconf 76' lang='lat' dir='ltr'>themoe</span> <span class='ocrx_word' id='word_1_236' title='bbox 433 1934 521 1973; x_wconf 90' lang='lat' dir='ltr'>apud</span> <span class='ocrx_word' id='word_1_237' title='bbox 546 1934 744 1964; x_wconf 78' lang='lat' dir='ltr'>Suetonium</span> <span class='ocrx_word' id='word_1_238' title='bbox 771 1939 804 1963; x_wconf 85' lang='lat' dir='ltr'>et</span> <span class='ocrx_word' id='word_1_239' title='bbox 827 1933 907 1965; x_wconf 82' lang='lat' dir='ltr'>alios</span> 
     </span>
     <span class='ocr_line' id='line_1_44' title="bbox 167 1977 908 2016; baseline 0.003 -10"><span class='ocrx_word' id='word_1_240' title='bbox 167 1977 314 2016; x_wconf 84' lang='lat' dir='ltr'>insignia</span> <span class='ocrx_word' id='word_1_241' title='bbox 325 1977 519 2007; x_wconf 85' lang='lat' dir='ltr'>divinitatis.</span> <span class='ocrx_word' id='word_1_242' title='bbox 537 1978 630 2007; x_wconf 85' lang='lat' dir='ltr'>Verr.</span> <span class='ocrx_word' id='word_1_243' title='bbox 644 1979 664 2007; x_wconf 93' lang='lat' dir='ltr'>i.</span> <span class='ocrx_word' id='word_1_244' title='bbox 678 1981 729 2012; x_wconf 83' lang='lat'>59.</span> <span class='ocrx_word' id='word_1_245' title='bbox 753 1978 806 2008; x_wconf 85' lang='lat' dir='ltr'>via</span> <span class='ocrx_word' id='word_1_246' title='bbox 818 1980 908 2008; x_wconf 80' lang='lat' dir='ltr'>then·</span> 
     </span>
     <span class='ocr_line' id='line_1_45' title="bbox 167 2021 907 2060; baseline 0.003 -10"><span class='ocrx_word' id='word_1_247' title='bbox 167 2029 286 2050; x_wconf 62' lang='lat' dir='ltr'>aarum</span> <span class='ocrx_word' id='word_1_248' title='bbox 310 2025 344 2050; x_wconf 91' lang='lat' dir='ltr'>et</span> <span class='ocrx_word' id='word_1_249' title='bbox 368 2031 509 2060; x_wconf 85' lang='lat' dir='ltr'>pompae.</span> <span class='ocrx_word' id='word_1_250' title='bbox 540 2021 583 2051; x_wconf 85' lang='lat' dir='ltr'>cf.</span> <span class='ocrx_word' id='word_1_251' title='bbox 608 2022 649 2051; x_wconf 88' lang='lat' dir='ltr'>ib.</span> <span class='ocrx_word' id='word_1_252' title='bbox 675 2022 721 2050; x_wconf 89' lang='lat' dir='ltr'>iii.</span> <span class='ocrx_word' id='word_1_253' title='bbox 745 2024 776 2052; x_wconf 75' lang='lat'>3.</span> <span class='ocrx_word' id='word_1_254' title='bbox 808 2032 838 2052; x_wconf 85' lang='lat' dir='ltr'>v.</span> <span class='ocrx_word' id='word_1_255' title='bbox 856 2023 907 2055; x_wconf 69' lang='lat'><strong>72.</strong></span> 
     </span>
     <span class='ocr_line' id='line_1_46' title="bbox 168 2063 906 2096; baseline 0.003 -2"><span class='ocrx_word' id='word_1_256' title='bbox 168 2063 250 2094; x_wconf 83' lang='lat' dir='ltr'>Har.</span> <span class='ocrx_word' id='word_1_257' title='bbox 274 2064 313 2095; x_wconf 85' lang='lat' dir='ltr'><strong>R.</strong></span> <span class='ocrx_word' id='word_1_258' title='bbox 337 2068 384 2094; x_wconf 86' lang='lat'><strong>10.</strong></span> <span class='ocrx_word' id='word_1_259' title='bbox 402 2074 432 2094; x_wconf 90' lang='lat' dir='ltr'>v.</span> <span class='ocrx_word' id='word_1_260' title='bbox 450 2064 570 2094; x_wconf 78' lang='lat' dir='ltr'>Scheff.</span> <span class='ocrx_word' id='word_1_261' title='bbox 583 2065 622 2094; x_wconf 74' lang='lat' dir='ltr'>(le</span> <span class='ocrx_word' id='word_1_262' title='bbox 638 2065 686 2095; x_wconf 84' lang='lat' dir='ltr'>Re</span> <span class='ocrx_word' id='word_1_263' title='bbox 698 2065 780 2095; x_wconf 88' lang='lat' dir='ltr'>Veh.</span> <span class='ocrx_word' id='word_1_264' title='bbox 798 2065 832 2095; x_wconf 90' lang='lat' dir='ltr'>ii.</span> <span class='ocrx_word' id='word_1_265' title='bbox 854 2068 906 2096; x_wconf 68' lang='lat'><strong>⁶24.</strong></span> 
     </span>
     <span class='ocr_line' id='line_1_47' title="bbox 179 2107 908 2148; baseline 0.001 -10"><span class='ocrx_word' id='word_1_266' title='bbox 179 2129 182 2131; x_wconf 23' lang='grc' dir='ltr'><strong>Α</strong></span> <span class='ocrx_word' id='word_1_267' title='bbox 213 2107 401 2147; x_wconf 74' lang='lat' dir='ltr'>Theologus.</span> <span class='ocrx_word' id='word_1_268' title='bbox 427 2108 506 2138; x_wconf 82' lang='lat' dir='ltr'>Nat.</span> <span class='ocrx_word' id='word_1_269' title='bbox 524 2109 692 2139; x_wconf 75' lang='lat' dir='ltr'>D.iii.&lt;21.</span> <span class='ocrx_word' id='word_1_270' title='bbox 719 2109 741 2138; x_wconf 90' lang='lat' dir='ltr'>ii</span> <span class='ocrx_word' id='word_1_271' title='bbox 754 2110 809 2148; x_wconf 84' lang='lat' dir='ltr'>qui</span> <span class='ocrx_word' id='word_1_272' title='bbox 823 2110 908 2139; x_wconf 77' lang='lat' dir='ltr'>theo-</span> 
     </span>
     <span class='ocr_line' id='line_1_48' title="bbox 174 2151 907 2191; baseline 0.003 -10"><span class='ocrx_word' id='word_1_273' title='bbox 174 2151 240 2190; x_wconf 61' lang='lat' dir='ltr'>logi</span> <span class='ocrx_word' id='word_1_274' title='bbox 267 2153 496 2182; x_wconf 81' lang='lat' dir='ltr'>nominantur.</span> <span class='ocrx_word' id='word_1_275' title='bbox 524 2158 643 2191; x_wconf 75' lang='lat' dir='ltr'>nemp‘e</span> <span class='ocrx_word' id='word_1_276' title='bbox 669 2153 802 2190; x_wconf 75' lang='lat' dir='ltr'>theologi</span> <span class='ocrx_word' id='word_1_277' title='bbox 828 2153 907 2183; x_wconf 86' lang='lat' dir='ltr'>dicti</span> 
     </span>
     <span class='ocr_line' id='line_1_49' title="bbox 169 2195 908 2236; baseline 0.001 -11"><span class='ocrx_word' id='word_1_278' title='bbox 169 2200 250 2225; x_wconf 80' lang='lat' dir='ltr'>sunt</span> <span class='ocrx_word' id='word_1_279' title='bbox 268 2205 288 2225; x_wconf 88' lang='lat' dir='ltr'>a</span> <span class='ocrx_word' id='word_1_280' title='bbox 302 2195 425 2225; x_wconf 82' lang='lat' dir='ltr'>Graecis</span> <span class='ocrx_word' id='word_1_281' title='bbox 451 2195 530 2225; x_wconf 90' lang='lat' dir='ltr'>olim</span> <span class='ocrx_word' id='word_1_282' title='bbox 556 2196 692 2236; x_wconf 80' lang='lat' dir='ltr'>mythici</span> <span class='ocrx_word' id='word_1_283' title='bbox 717 2202 751 2226; x_wconf 89' lang='lat' dir='ltr'>et</span> <span class='ocrx_word' id='word_1_284' title='bbox 768 2196 908 2236; x_wconf 81' lang='lat' dir='ltr'>physici,</span> 
     </span>
     <span class='ocr_line' id='line_1_50' title="bbox 168 2238 907 2279; baseline 0.001 -11"><span class='ocrx_word' id='word_1_285' title='bbox 168 2239 224 2278; x_wconf 82' lang='lat' dir='ltr'>qui</span> <span class='ocrx_word' id='word_1_286' title='bbox 241 2239 281 2268; x_wconf 90' lang='lat' dir='ltr'>de</span> <span class='ocrx_word' id='word_1_287' title='bbox 299 2238 502 2278; x_wconf 83' lang='lat' dir='ltr'>genealogiis</span> <span class='ocrx_word' id='word_1_288' title='bbox 527 2240 675 2270; x_wconf 83' lang='lat' dir='ltr'>Deorum</span> <span class='ocrx_word' id='word_1_289' title='bbox 692 2241 907 2279; x_wconf 70' lang='lat' dir='ltr'>scripserant,</span> 
     </span>
     <span class='ocr_line' id='line_1_51' title="bbox 166 2282 909 2323; baseline 0.001 -11"><span class='ocrx_word' id='word_1_290' title='bbox 166 2283 359 2322; x_wconf 84' lang='lat' dir='ltr'>primusque</span> <span class='ocrx_word' id='word_1_291' title='bbox 384 2282 445 2312; x_wconf 90' lang='lat' dir='ltr'>hoc</span> <span class='ocrx_word' id='word_1_292' title='bbox 470 2285 604 2313; x_wconf 86' lang='lat' dir='ltr'>nomine</span> <span class='ocrx_word' id='word_1_293' title='bbox 623 2283 808 2323; x_wconf 80' lang='lat' dir='ltr'>appellatus</span> <span class='ocrx_word' id='word_1_294' title='bbox 826 2284 909 2313; x_wconf 84' lang='lat' dir='ltr'>Phe·</span> 
     </span>
     <span class='ocr_line' id='line_1_52' title="bbox 165 2326 907 2368; baseline 0.003 -13"><span class='ocrx_word' id='word_1_295' title='bbox 165 2326 301 2365; x_wconf 85' lang='lat' dir='ltr'>recydes</span> <span class='ocrx_word' id='word_1_296' title='bbox 324 2327 450 2366; x_wconf 85' lang='lat' dir='ltr'>Syrius,</span> <span class='ocrx_word' id='word_1_297' title='bbox 469 2327 494 2356; x_wconf 86' lang='lat' dir='ltr'>is</span> <span class='ocrx_word' id='word_1_298' title='bbox 518 2328 572 2366; x_wconf 89' lang='lat' dir='ltr'>qui</span> <span class='ocrx_word' id='word_1_299' title='bbox 599 2327 773 2367; x_wconf 78' lang='lat' dir='ltr'>phthiriasi</span> <span class='ocrx_word' id='word_1_300' title='bbox 797 2329 907 2368; x_wconf 84' lang='lat' dir='ltr'>periit.</span> 
     </span>
     <span class='ocr_line' id='line_1_53' title="bbox 167 2368 768 2410; baseline 0.002 -11"><span class='ocrx_word' id='word_1_301' title='bbox 167 2368 255 2400; x_wconf 89' lang='lat' dir='ltr'>Nam</span> <span class='ocrx_word' id='word_1_302' title='bbox 274 2376 309 2399; x_wconf 88' lang='lat' dir='ltr'>et</span> <span class='ocrx_word' id='word_1_303' title='bbox 327 2370 451 2410; x_wconf 84' lang='lat' dir='ltr'>physici</span> <span class='ocrx_word' id='word_1_304' title='bbox 467 2370 507 2400; x_wconf 90' lang='lat' dir='ltr'>de</span> <span class='ocrx_word' id='word_1_305' title='bbox 524 2371 596 2401; x_wconf 88' lang='lat' dir='ltr'>Diis</span> <span class='ocrx_word' id='word_1_306' title='bbox 613 2372 768 2410; x_wconf 81' lang='lat' dir='ltr'>agebant.</span> 
     </span>
    </p>

    <p class='ocr_par' dir='ltr' id='par_1_10' title="bbox 169 2413 908 2487">
     <span class='ocr_line' id='line_1_54' title="bbox 213 2413 908 2454; baseline 0.001 -11"><span class='ocrx_word' id='word_1_307' title='bbox 213 2413 335 2444; x_wconf 63' lang='grc' dir='ltr'><strong><em>ΤΙιεεὶε.</em></strong></span> <span class='ocrx_word' id='word_1_308' title='bbox 367 2415 424 2444; x_wconf 89' lang='lat' dir='ltr'>Or.</span> <span class='ocrx_word' id='word_1_309' title='bbox 459 2417 507 2445; x_wconf 83' lang='lat'>14.</span> <span class='ocrx_word' id='word_1_310' title='bbox 547 2414 626 2454; x_wconf 84' lang='lat' dir='ltr'>quid</span> <span class='ocrx_word' id='word_1_311' title='bbox 657 2415 723 2445; x_wconf 82' lang='lat' dir='ltr'>sit?</span> <span class='ocrx_word' id='word_1_312' title='bbox 761 2413 803 2445; x_wconf 84' lang='lat' dir='ltr'>cf.</span> <span class='ocrx_word' id='word_1_313' title='bbox 835 2413 908 2445; x_wconf 89' lang='lat' dir='ltr'>Ind.</span> 
     </span>
     <span class='ocr_line' id='line_1_55' title="bbox 169 2456 276 2487; baseline -0.009 0"><span class='ocrx_word' id='word_1_314' title='bbox 169 2456 276 2487; x_wconf 84' lang='lat' dir='ltr'>Graec.</span> 
     </span>
    </p>

    <p class='ocr_par' dir='ltr' id='par_1_11' title="bbox 164 2499 911 2709">
     <span class='ocr_line' id='line_1_56' title="bbox 213 2499 909 2532; baseline 0.003 -2"><span class='ocrx_word' id='word_1_315' title='bbox 213 2499 415 2531; x_wconf 73' lang='lat' dir='ltr'>Threcidica.</span> <span class='ocrx_word' id='word_1_316' title='bbox 448 2500 532 2531; x_wconf 87' lang='lat' dir='ltr'>Phil.</span> <span class='ocrx_word' id='word_1_317' title='bbox 561 2501 615 2532; x_wconf 86' lang='lat' dir='ltr'>vii.</span> <span class='ocrx_word' id='word_1_318' title='bbox 640 2502 671 2532; x_wconf 87' lang='lat'>6.</span> <span class='ocrx_word' id='word_1_319' title='bbox 703 2505 784 2531; x_wconf 87' lang='lat' dir='ltr'>sunt</span> <span class='ocrx_word' id='word_1_320' title='bbox 815 2510 909 2532; x_wconf 82' lang='lat' dir='ltr'>arma</span> 
     </span>
     <span class='ocr_line' id='line_1_57' title="bbox 168 2544 908 2584; baseline 0.001 -10"><span class='ocrx_word' id='word_1_321' title='bbox 168 2544 407 2583; x_wconf 78' lang='lat' dir='ltr'>gladiatoribus</span> <span class='ocrx_word' id='word_1_322' title='bbox 417 2544 603 2575; x_wconf 81' lang='lat' dir='ltr'>Thracibus</span> <span class='ocrx_word' id='word_1_323' title='bbox 617 2546 754 2581; x_wconf 81' lang='lat' dir='ltr'>usitata,</span> <span class='ocrx_word' id='word_1_324' title='bbox 765 2546 819 2584; x_wconf 88' lang='lat' dir='ltr'>qui</span> <span class='ocrx_word' id='word_1_325' title='bbox 832 2545 908 2575; x_wconf 90' lang='lat' dir='ltr'>inde</span> 
     </span>
     <span class='ocr_line' id='line_1_58' title="bbox 164 2587 911 2629; baseline -0.001 -10"><span class='ocrx_word' id='word_1_326' title='bbox 164 2587 312 2619; x_wconf 79' lang='lat' dir='ltr'>Threces</span> <span class='ocrx_word' id='word_1_327' title='bbox 324 2588 588 2628; x_wconf 81' lang='lat' dir='ltr'>appellabantur.</span> <span class='ocrx_word' id='word_1_328' title='bbox 605 2589 781 2619; x_wconf 66' lang='lat' dir='ltr'>threcidica</span> <span class='ocrx_word' id='word_1_329' title='bbox 793 2598 911 2629; x_wconf 84' lang='lat' dir='ltr'>parma</span> 
     </span>
     <span class='ocr_line' id='line_1_59' title="bbox 167 2631 908 2673; baseline 0.001 -12"><span class='ocrx_word' id='word_1_330' title='bbox 167 2631 274 2670; x_wconf 87' lang='lat' dir='ltr'>qualis</span> <span class='ocrx_word' id='word_1_331' title='bbox 312 2631 427 2671; x_wconf 81' lang='lat' dir='ltr'>fuerit,</span> <span class='ocrx_word' id='word_1_332' title='bbox 466 2632 578 2672; x_wconf 80' lang='lat' dir='ltr'>colligi</span> <span class='ocrx_word' id='word_1_333' title='bbox 617 2636 728 2673; x_wconf 88' lang='lat' dir='ltr'>potest</span> <span class='ocrx_word' id='word_1_334' title='bbox 765 2642 782 2662; x_wconf 89' lang='lat' dir='ltr'>e</span> <span class='ocrx_word' id='word_1_335' title='bbox 822 2632 908 2663; x_wconf 85' lang='lat' dir='ltr'>Plin.</span> 
     </span>
     <span class='ocr_line' id='line_1_60' title="bbox 169 2675 330 2709; baseline 0.006 -4"><span class='ocrx_word' id='word_1_336' title='bbox 169 2675 282 2705; x_wconf 81' lang='lat' dir='ltr'>xxxiii.</span> <span class='ocrx_word' id='word_1_337' title='bbox 299 2679 330 2709; x_wconf 88' lang='lat'>9.</span> 
     </span>
    </p>

    <p class='ocr_par' dir='ltr' id='par_1_12' title="bbox 162 2718 910 2889">
     <span class='ocr_line' id='line_1_61' title="bbox 214 2718 910 2758; baseline 0.001 -10"><span class='ocrx_word' id='word_1_338' title='bbox 214 2718 335 2749; x_wconf 78' lang='lat' dir='ltr'>lerex.</span> <span class='ocrx_word' id='word_1_339' title='bbox 367 2719 518 2749; x_wconf 84' lang='lat' dir='ltr'>Provinc.</span> <span class='ocrx_word' id='word_1_340' title='bbox 541 2719 640 2750; x_wconf 86' lang='lat' dir='ltr'>Cons.</span> <span class='ocrx_word' id='word_1_341' title='bbox 656 2722 688 2750; x_wconf 90' lang='lat'>4.</span> <span class='ocrx_word' id='word_1_342' title='bbox 720 2728 824 2758; x_wconf 76' lang='lat' dir='ltr'>genus</span> <span class='ocrx_word' id='word_1_343' title='bbox 841 2718 910 2758; x_wconf 75' lang='lat' dir='ltr'>gla-</span> 
     </span>
     <span class='ocr_line' id='line_1_62' title="bbox 162 2761 909 2800; baseline 0.001 -9"><span class='ocrx_word' id='word_1_344' title='bbox 162 2761 317 2799; x_wconf 82' lang='lat' dir='ltr'>diatoris,</span> <span class='ocrx_word' id='word_1_345' title='bbox 337 2762 466 2793; x_wconf 90' lang='lat' dir='ltr'>dictum</span> <span class='ocrx_word' id='word_1_346' title='bbox 491 2763 531 2793; x_wconf 93' lang='lat' dir='ltr'>ab</span> <span class='ocrx_word' id='word_1_347' title='bbox 556 2764 656 2793; x_wconf 88' lang='lat' dir='ltr'>armis</span> <span class='ocrx_word' id='word_1_348' title='bbox 680 2763 851 2800; x_wconf 86' lang='lat' dir='ltr'>thracicis,</span> <span class='ocrx_word' id='word_1_349' title='bbox 869 2763 909 2793; x_wconf 89' lang='lat' dir='ltr'>de</span> 
     </span>
     <span class='ocr_line' id='line_1_63' title="bbox 166 2806 910 2846; baseline 0.003 -11"><span class='ocrx_word' id='word_1_350' title='bbox 166 2806 287 2845; x_wconf 72' lang='lat' dir='ltr'>quibus</span> <span class='ocrx_word' id='word_1_351' title='bbox 310 2807 424 2836; x_wconf 80' lang='lat' dir='ltr'>statim</span> <span class='ocrx_word' id='word_1_352' title='bbox 449 2806 590 2837; x_wconf 84' lang='lat' dir='ltr'>dictum.</span> <span class='ocrx_word' id='word_1_353' title='bbox 607 2817 638 2837; x_wconf 89' lang='lat' dir='ltr'>v.</span> <span class='ocrx_word' id='word_1_354' title='bbox 654 2806 694 2837; x_wconf 83' lang='lat' dir='ltr'>dc</span> <span class='ocrx_word' id='word_1_355' title='bbox 710 2806 772 2837; x_wconf 84' lang='lat' dir='ltr'>hoe</span> <span class='ocrx_word' id='word_1_356' title='bbox 790 2816 910 2846; x_wconf 82' lang='lat' dir='ltr'>genere</span> 
     </span>
     <span class='ocr_line' id='line_1_64' title="bbox 165 2847 544 2889; baseline 0 -9"><span class='ocrx_word' id='word_1_357' title='bbox 165 2847 257 2889; x_wconf 65' lang='lat' dir='ltr'>laps.</span> <span class='ocrx_word' id='word_1_358' title='bbox 274 2850 443 2880; x_wconf 79' lang='lat' dir='ltr'>saturnal.</span> <span class='ocrx_word' id='word_1_359' title='bbox 461 2851 495 2880; x_wconf 89' lang='lat' dir='ltr'>ii.</span> <span class='ocrx_word' id='word_1_360' title='bbox 512 2855 544 2885; x_wconf 87' lang='lat'>9.</span> 
     </span>
    </p>

    <p class='ocr_par' dir='ltr' id='par_1_13' title="bbox 210 2892 914 2934">
     <span class='ocr_line' id='line_1_65' title="bbox 210 2892 914 2934; baseline 0 -7"><span class='ocrx_word' id='word_1_361' title='bbox 210 2893 351 2927; x_wconf 74' lang='lat' dir='ltr'>Tibicen.</span> <span class='ocrx_word' id='word_1_362' title='bbox 382 2894 518 2928; x_wconf 67' lang='grc' dir='ltr'>Μαι-θη.</span> <span class='ocrx_word' id='word_1_363' title='bbox 549 2895 597 2925; x_wconf 75' lang='lat'><strong>12.</strong></span> <span class='ocrx_word' id='word_1_364' title='bbox 629 2892 709 2934; x_wconf 78' lang='lat' dir='ltr'>quid</span> <span class='ocrx_word' id='word_1_365' title='bbox 736 2892 815 2927; x_wconf 84' lang='lat' dir='ltr'>huic</span> <span class='ocrx_word' id='word_1_366' title='bbox 839 2899 914 2927; x_wconf 70' lang='lat' dir='ltr'>tam</span> 
     </span>
    </p>
   </div>
   <div class='ocr_carea' id='block_1_4' title="bbox 1608 89 1693 142">
    <p class='ocr_par' dir='ltr' id='par_1_14' title="bbox 1608 89 1693 142">
     <span class='ocr_line' id='line_1_66' title="bbox 1608 89 1693 142; baseline 0 -12"><span class='ocrx_word' id='word_1_367' title='bbox 1608 89 1693 142; x_wconf 80' lang='lat'>457</span> 
     </span>
    </p>
   </div>
   <div class='ocr_carea' id='block_1_5' title="bbox 946 187 1699 2936">
    <p class='ocr_par' dir='ltr' id='par_1_15' title="bbox 946 187 1699 2841">
     <span class='ocr_line' id='line_1_67' title="bbox 946 187 1692 230; baseline 0.005 -12"><span class='ocrx_word' id='word_1_368' title='bbox 946 187 1130 227; x_wconf 83' lang='lat' dir='ltr'>loquaciter</span> <span class='ocrx_word' id='word_1_369' title='bbox 1140 188 1286 228; x_wconf 84' lang='lat' dir='ltr'>litigioso</span> <span class='ocrx_word' id='word_1_370' title='bbox 1296 188 1512 230; x_wconf 83' lang='lat' dir='ltr'>responderet</span> <span class='ocrx_word' id='word_1_371' title='bbox 1523 187 1692 227; x_wconf 72' lang='lat' dir='ltr'>ille,unde</span> 
     </span>
     <span class='ocr_line' id='line_1_68' title="bbox 948 232 1690 270; baseline 0.005 -10"><span class='ocrx_word' id='word_1_372' title='bbox 948 232 1138 270; x_wconf 84' lang='lat' dir='ltr'>petebatur,</span> <span class='ocrx_word' id='word_1_373' title='bbox 1165 241 1231 262; x_wconf 90' lang='lat' dir='ltr'>non</span> <span class='ocrx_word' id='word_1_374' title='bbox 1258 232 1410 264; x_wconf 87' lang='lat' dir='ltr'>habebat.</span> <span class='ocrx_word' id='word_1_375' title='bbox 1435 234 1573 264; x_wconf 89' lang='lat' dir='ltr'>Transit</span> <span class='ocrx_word' id='word_1_376' title='bbox 1599 234 1690 264; x_wconf 88' lang='lat' dir='ltr'>idem</span> 
     </span>
     <span class='ocr_line' id='line_1_69' title="bbox 947 274 1691 314; baseline 0.004 -10"><span class='ocrx_word' id='word_1_377' title='bbox 947 274 1053 305; x_wconf 73' lang='lat' dir='ltr'>dCtus</span> <span class='ocrx_word' id='word_1_378' title='bbox 1077 277 1215 306; x_wconf 76' lang='lat' dir='ltr'>tibicinis</span> <span class='ocrx_word' id='word_1_379' title='bbox 1239 275 1333 307; x_wconf 87' lang='lat' dir='ltr'>latini</span> <span class='ocrx_word' id='word_1_380' title='bbox 1358 276 1468 314; x_wconf 85' lang='lat' dir='ltr'>modo,</span> <span class='ocrx_word' id='word_1_381' title='bbox 1494 278 1553 306; x_wconf 75' lang='grc' dir='ltr'>διο.</span> <span class='ocrx_word' id='word_1_382' title='bbox 1573 286 1691 308; x_wconf 77' lang='lat' dir='ltr'>sensus</span> 
     </span>
     <span class='ocr_line' id='line_1_70' title="bbox 948 318 1690 359; baseline 0.005 -12"><span class='ocrx_word' id='word_1_383' title='bbox 948 325 1016 348; x_wconf 86' lang='lat' dir='ltr'>est:</span> <span class='ocrx_word' id='word_1_384' title='bbox 1041 318 1147 349; x_wconf 65' lang='lat' dir='ltr'>actus</span> <span class='ocrx_word' id='word_1_385' title='bbox 1170 326 1341 359; x_wconf 78' lang='lat' dir='ltr'>componit</span> <span class='ocrx_word' id='word_1_386' title='bbox 1363 330 1429 351; x_wconf 92' lang='lat' dir='ltr'>non</span> <span class='ocrx_word' id='word_1_387' title='bbox 1447 320 1546 350; x_wconf 88' lang='lat' dir='ltr'>modo</span> <span class='ocrx_word' id='word_1_388' title='bbox 1562 320 1690 351; x_wconf 85' lang='lat' dir='ltr'>formu-</span> 
     </span>
     <span class='ocr_line' id='line_1_71' title="bbox 948 361 1690 404; baseline 0.004 -13"><span class='ocrx_word' id='word_1_389' title='bbox 948 361 1028 399; x_wconf 79' lang='lat' dir='ltr'>lam,</span> <span class='ocrx_word' id='word_1_390' title='bbox 1053 373 1118 401; x_wconf 83' lang='lat' dir='ltr'>qua</span> <span class='ocrx_word' id='word_1_391' title='bbox 1141 363 1266 402; x_wconf 84' lang='lat' dir='ltr'>petitor</span> <span class='ocrx_word' id='word_1_392' title='bbox 1288 368 1417 400; x_wconf 85' lang='lat' dir='ltr'>utatur,</span> <span class='ocrx_word' id='word_1_393' title='bbox 1438 363 1496 394; x_wconf 90' lang='lat' dir='ltr'>sed</span> <span class='ocrx_word' id='word_1_394' title='bbox 1519 364 1620 393; x_wconf 88' lang='lat' dir='ltr'>etiam</span> <span class='ocrx_word' id='word_1_395' title='bbox 1645 365 1690 404; x_wconf 87' lang='lat' dir='ltr'>ei,</span> 
     </span>
     <span class='ocr_line' id='line_1_72' title="bbox 948 407 1690 446; baseline 0.003 -11"><span class='ocrx_word' id='word_1_396' title='bbox 948 415 967 435; x_wconf 88' lang='lat' dir='ltr'>a</span> <span class='ocrx_word' id='word_1_397' title='bbox 983 415 1048 444; x_wconf 90' lang='lat' dir='ltr'>quo</span> <span class='ocrx_word' id='word_1_398' title='bbox 1071 407 1210 446; x_wconf 85' lang='lat' dir='ltr'>petitur.</span> <span class='ocrx_word' id='word_1_399' title='bbox 1235 407 1335 436; x_wconf 89' lang='lat' dir='ltr'>simili</span> <span class='ocrx_word' id='word_1_400' title='bbox 1360 417 1460 437; x_wconf 80' lang='lat' dir='ltr'>sensu</span> <span class='ocrx_word' id='word_1_401' title='bbox 1483 407 1599 436; x_wconf 87' lang='lat' dir='ltr'>eadem</span> <span class='ocrx_word' id='word_1_402' title='bbox 1624 407 1690 438; x_wconf 85' lang='lat' dir='ltr'>for-</span> 
     </span>
     <span class='ocr_line' id='line_1_73' title="bbox 949 448 1692 489; baseline 0.008 -12"><span class='ocrx_word' id='word_1_403' title='bbox 949 448 1042 478; x_wconf 81' lang='lat' dir='ltr'>mula</span> <span class='ocrx_word' id='word_1_404' title='bbox 1065 459 1144 480; x_wconf 84' lang='lat' dir='ltr'>usus</span> <span class='ocrx_word' id='word_1_405' title='bbox 1167 454 1228 480; x_wconf 86' lang='lat' dir='ltr'>est.</span> <span class='ocrx_word' id='word_1_406' title='bbox 1252 450 1396 489; x_wconf 70' lang='lat' dir='ltr'>Quintil.</span> <span class='ocrx_word' id='word_1_407' title='bbox 1416 450 1529 480; x_wconf 87' lang='lat' dir='ltr'>Instit.</span> <span class='ocrx_word' id='word_1_408' title='bbox 1552 451 1610 481; x_wconf 87' lang='lat' dir='ltr'>Or.</span> <span class='ocrx_word' id='word_1_409' title='bbox 1635 451 1692 483; x_wconf 78' lang='lat' dir='ltr'>vii.</span> 
     </span>
     <span class='ocr_line' id='line_1_74' title="bbox 952 492 1690 533; baseline 0.004 -12"><span class='ocrx_word' id='word_1_410' title='bbox 952 494 978 522; x_wconf 94' lang='lat' dir='ltr'>l.</span> <span class='ocrx_word' id='word_1_411' title='bbox 1006 492 1045 522; x_wconf 86' lang='lat' dir='ltr'>de</span> <span class='ocrx_word' id='word_1_412' title='bbox 1063 502 1101 522; x_wconf 90' lang='lat' dir='ltr'>eo</span> <span class='ocrx_word' id='word_1_413' title='bbox 1117 493 1172 532; x_wconf 80' lang='lat' dir='ltr'>qui</span> <span class='ocrx_word' id='word_1_414' title='bbox 1191 494 1343 533; x_wconf 81' lang='lat' dir='ltr'>petitoris</span> <span class='ocrx_word' id='word_1_415' title='bbox 1359 503 1393 524; x_wconf 87' lang='lat' dir='ltr'>et</span> <span class='ocrx_word' id='word_1_416' title='bbox 1411 494 1592 524; x_wconf 75' lang='lat' dir='ltr'>defensoris</span> <span class='ocrx_word' id='word_1_417' title='bbox 1609 504 1690 525; x_wconf 82' lang='lat' dir='ltr'>cau-</span> 
     </span>
     <span class='ocr_line' id='line_1_75' title="bbox 948 537 1690 577; baseline 0.004 -12"><span class='ocrx_word' id='word_1_418' title='bbox 948 545 1019 565; x_wconf 89' lang='lat' dir='ltr'>sam</span> <span class='ocrx_word' id='word_1_419' title='bbox 1043 537 1126 574; x_wconf 80' lang='lat' dir='ltr'>agit,</span> <span class='ocrx_word' id='word_1_420' title='bbox 1144 540 1203 566; x_wconf 83' lang='lat' dir='ltr'>aut.</span> <span class='ocrx_word' id='word_1_421' title='bbox 1224 537 1343 567; x_wconf 79' lang='lat' dir='ltr'>saltem</span> <span class='ocrx_word' id='word_1_422' title='bbox 1361 548 1419 576; x_wconf 88' lang='lat' dir='ltr'>pro</span> <span class='ocrx_word' id='word_1_423' title='bbox 1437 541 1576 577; x_wconf 84' lang='lat' dir='ltr'>utraque</span> <span class='ocrx_word' id='word_1_424' title='bbox 1594 543 1690 577; x_wconf 77' lang='lat' dir='ltr'>parte</span> 
     </span>
     <span class='ocr_line' id='line_1_76' title="bbox 948 579 1691 619; baseline 0.005 -11"><span class='ocrx_word' id='word_1_425' title='bbox 948 579 1159 619; x_wconf 76' lang='lat' dir='ltr'>probationes</span> <span class='ocrx_word' id='word_1_426' title='bbox 1173 581 1314 610; x_wconf 83' lang='lat' dir='ltr'>invenit.</span> <span class='ocrx_word' id='word_1_427' title='bbox 1345 580 1442 611; x_wconf 87' lang='lat' dir='ltr'>Unde</span> <span class='ocrx_word' id='word_1_428' title='bbox 1454 587 1569 611; x_wconf 82' lang='lat' dir='ltr'>autem</span> <span class='ocrx_word' id='word_1_429' title='bbox 1587 582 1691 612; x_wconf 83' lang='lat' dir='ltr'>ducta</span> 
     </span>
     <span class='ocr_line' id='line_1_77' title="bbox 948 622 1690 661; baseline 0.004 -9"><span class='ocrx_word' id='word_1_430' title='bbox 948 623 991 652; x_wconf 85' lang='lat' dir='ltr'>sit</span> <span class='ocrx_word' id='word_1_431' title='bbox 1006 622 1077 653; x_wconf 84' lang='lat' dir='ltr'>hoec</span> <span class='ocrx_word' id='word_1_432' title='bbox 1101 623 1258 661; x_wconf 80' lang='lat' dir='ltr'>formula,</span> <span class='ocrx_word' id='word_1_433' title='bbox 1276 633 1343 654; x_wconf 90' lang='lat' dir='ltr'>non</span> <span class='ocrx_word' id='word_1_434' title='bbox 1360 626 1516 654; x_wconf 87' lang='lat' dir='ltr'>convenit</span> <span class='ocrx_word' id='word_1_435' title='bbox 1533 626 1622 655; x_wconf 87' lang='lat' dir='ltr'>inter</span> <span class='ocrx_word' id='word_1_436' title='bbox 1637 626 1690 655; x_wconf 87' lang='lat' dir='ltr'>in-</span> 
     </span>
     <span class='ocr_line' id='line_1_78' title="bbox 947 667 1692 708; baseline 0.005 -13"><span class='ocrx_word' id='word_1_437' title='bbox 947 670 1123 706; x_wconf 84' lang='lat' dir='ltr'>terpretes.</span> <span class='ocrx_word' id='word_1_438' title='bbox 1147 667 1371 704; x_wconf 78' lang='lat' dir='ltr'>Camerarius,</span> <span class='ocrx_word' id='word_1_439' title='bbox 1395 668 1536 708; x_wconf 73' lang='lat' dir='ltr'>Sylvius,</span> <span class='ocrx_word' id='word_1_440' title='bbox 1559 668 1692 699; x_wconf 83' lang='lat' dir='ltr'>Turne·</span> 
     </span>
     <span class='ocr_line' id='line_1_79' title="bbox 949 710 1691 752; baseline 0.005 -13"><span class='ocrx_word' id='word_1_441' title='bbox 949 710 1022 747; x_wconf 88' lang='lat' dir='ltr'>bus,</span> <span class='ocrx_word' id='word_1_442' title='bbox 1041 710 1163 749; x_wconf 81' lang='lat' dir='ltr'>aliique</span> <span class='ocrx_word' id='word_1_443' title='bbox 1184 712 1323 750; x_wconf 89' lang='lat' dir='ltr'>capiunt</span> <span class='ocrx_word' id='word_1_444' title='bbox 1347 712 1387 741; x_wconf 89' lang='lat' dir='ltr'>de</span> <span class='ocrx_word' id='word_1_445' title='bbox 1410 713 1559 749; x_wconf 88' lang='lat' dir='ltr'>tibicine,</span> <span class='ocrx_word' id='word_1_446' title='bbox 1578 713 1634 752; x_wconf 81' lang='lat' dir='ltr'>qui</span> <span class='ocrx_word' id='word_1_447' title='bbox 1653 713 1691 745; x_wconf 79' lang='lat' dir='ltr'>in</span> 
     </span>
     <span class='ocr_line' id='line_1_80' title="bbox 948 753 1691 795; baseline 0.007 -13"><span class='ocrx_word' id='word_1_448' title='bbox 948 753 1118 783; x_wconf 76' lang='lat' dir='ltr'>sacrificiis</span> <span class='ocrx_word' id='word_1_449' title='bbox 1127 755 1331 794; x_wconf 85' lang='lat' dir='ltr'>praecinebat</span> <span class='ocrx_word' id='word_1_450' title='bbox 1347 757 1468 795; x_wconf 80' lang='lat' dir='ltr'>(neque</span> <span class='ocrx_word' id='word_1_451' title='bbox 1481 757 1571 786; x_wconf 90' lang='lat' dir='ltr'>enim</span> <span class='ocrx_word' id='word_1_452' title='bbox 1581 756 1691 788; x_wconf 89' lang='lat' dir='ltr'>ullum</span> 
     </span>
     <span class='ocr_line' id='line_1_81' title="bbox 948 797 1689 834; baseline 0.007 -8"><span class='ocrx_word' id='word_1_453' title='bbox 948 797 1149 828; x_wconf 85' lang='lat' dir='ltr'>sacrificium</span> <span class='ocrx_word' id='word_1_454' title='bbox 1176 799 1247 828; x_wconf 90' lang='lat' dir='ltr'>sine</span> <span class='ocrx_word' id='word_1_455' title='bbox 1274 799 1424 829; x_wconf 84' lang='lat' dir='ltr'>tibicine.</span> <span class='ocrx_word' id='word_1_456' title='bbox 1454 809 1485 829; x_wconf 95' lang='lat' dir='ltr'>v.</span> <span class='ocrx_word' id='word_1_457' title='bbox 1509 800 1609 830; x_wconf 87' lang='lat' dir='ltr'>Dom.</span> <span class='ocrx_word' id='word_1_458' title='bbox 1633 803 1689 834; x_wconf 84' lang='lat'><strong>47.</strong></span> 
     </span>
     <span class='ocr_line' id='line_1_82' title="bbox 949 840 1690 882; baseline 0.005 -12"><span class='ocrx_word' id='word_1_459' title='bbox 949 840 1019 870; x_wconf 90' lang='lat' dir='ltr'>Liv.</span> <span class='ocrx_word' id='word_1_460' title='bbox 1043 841 1087 871; x_wconf 79' lang='lat' dir='ltr'>ix.</span> <span class='ocrx_word' id='word_1_461' title='bbox 1106 840 1173 879; x_wconf 84' lang='lat'><strong>30.)</strong></span> <span class='ocrx_word' id='word_1_462' title='bbox 1201 852 1344 881; x_wconf 87' lang='lat' dir='ltr'>eumque</span> <span class='ocrx_word' id='word_1_463' title='bbox 1368 846 1491 882; x_wconf 84' lang='lat' dir='ltr'>putant</span> <span class='ocrx_word' id='word_1_464' title='bbox 1512 854 1531 873; x_wconf 87' lang='lat' dir='ltr'>a</span> <span class='ocrx_word' id='word_1_465' title='bbox 1546 843 1690 874; x_wconf 71' lang='lat' dir='ltr'>sinistris</span> 
     </span>
     <span class='ocr_line' id='line_1_83' title="bbox 947 884 1690 918; baseline 0.005 -4"><span class='ocrx_word' id='word_1_466' title='bbox 947 885 1037 914; x_wconf 83' lang='lat' dir='ltr'>tibiis</span> <span class='ocrx_word' id='word_1_467' title='bbox 1064 884 1106 915; x_wconf 83' lang='lat' dir='ltr'>ad</span> <span class='ocrx_word' id='word_1_468' title='bbox 1134 885 1265 916; x_wconf 83' lang='lat' dir='ltr'>dextras</span> <span class='ocrx_word' id='word_1_469' title='bbox 1296 887 1478 917; x_wconf 81' lang='lat' dir='ltr'>transiisse.</span> <span class='ocrx_word' id='word_1_470' title='bbox 1510 887 1574 917; x_wconf 86' lang='lat' dir='ltr'>Sed</span> <span class='ocrx_word' id='word_1_471' title='bbox 1599 890 1690 918; x_wconf 85' lang='lat' dir='ltr'>recte</span> 
     </span>
     <span class='ocr_line' id='line_1_84' title="bbox 949 928 1689 970; baseline 0.005 -13"><span class='ocrx_word' id='word_1_472' title='bbox 949 928 1082 958; x_wconf 89' lang='lat' dir='ltr'>monuit</span> <span class='ocrx_word' id='word_1_473' title='bbox 1097 928 1259 967; x_wconf 86' lang='lat' dir='ltr'>Graevius,</span> <span class='ocrx_word' id='word_1_474' title='bbox 1276 929 1316 959; x_wconf 87' lang='lat' dir='ltr'>de</span> <span class='ocrx_word' id='word_1_475' title='bbox 1333 930 1393 960; x_wconf 90' lang='lat' dir='ltr'>hoc</span> <span class='ocrx_word' id='word_1_476' title='bbox 1410 940 1503 960; x_wconf 84' lang='lat' dir='ltr'>more</span> <span class='ocrx_word' id='word_1_477' title='bbox 1521 940 1689 970; x_wconf 86' lang='lat' dir='ltr'>nusquam</span> 
     </span>
     <span class='ocr_line' id='line_1_85' title="bbox 948 971 1690 1011; baseline 0.005 -10"><span class='ocrx_word' id='word_1_478' title='bbox 948 971 1076 1011; x_wconf 90' lang='lat' dir='ltr'>aliquid</span> <span class='ocrx_word' id='word_1_479' title='bbox 1091 972 1169 1011; x_wconf 80' lang='lat' dir='ltr'>legi.</span> <span class='ocrx_word' id='word_1_480' title='bbox 1195 972 1303 1003; x_wconf 85' lang='lat' dir='ltr'>Immo</span> <span class='ocrx_word' id='word_1_481' title='bbox 1316 983 1392 1003; x_wconf 88' lang='lat' dir='ltr'>vero</span> <span class='ocrx_word' id='word_1_482' title='bbox 1406 984 1444 1004; x_wconf 84' lang='lat' dir='ltr'>ex</span> <span class='ocrx_word' id='word_1_483' title='bbox 1457 975 1690 1006; x_wconf 82' lang='lat' dir='ltr'>monumentis</span> 
     </span>
     <span class='ocr_line' id='line_1_86' title="bbox 947 1016 1691 1055; baseline 0.007 -11"><span class='ocrx_word' id='word_1_484' title='bbox 947 1016 1077 1054; x_wconf 75' lang='lat' dir='ltr'>priscis,</span> <span class='ocrx_word' id='word_1_485' title='bbox 1102 1017 1136 1045; x_wconf 91' lang='lat' dir='ltr'>in</span> <span class='ocrx_word' id='word_1_486' title='bbox 1161 1017 1280 1055; x_wconf 87' lang='lat' dir='ltr'>quibus</span> <span class='ocrx_word' id='word_1_487' title='bbox 1304 1018 1466 1048; x_wconf 82' lang='lat' dir='ltr'>sacrificia</span> <span class='ocrx_word' id='word_1_488' title='bbox 1487 1018 1691 1049; x_wconf 81' lang='lat' dir='ltr'>exhibentur</span> 
     </span>
     <span class='ocr_line' id='line_1_87' title="bbox 948 1060 1692 1099; baseline 0.007 -11"><span class='ocrx_word' id='word_1_489' title='bbox 948 1069 1024 1088; x_wconf 88' lang='lat' dir='ltr'>cum</span> <span class='ocrx_word' id='word_1_490' title='bbox 1048 1060 1199 1097; x_wconf 85' lang='lat' dir='ltr'>tibicine,</span> <span class='ocrx_word' id='word_1_491' title='bbox 1217 1061 1378 1099; x_wconf 89' lang='lat' dir='ltr'>cernitur,</span> <span class='ocrx_word' id='word_1_492' title='bbox 1397 1062 1432 1091; x_wconf 88' lang='lat' dir='ltr'>in</span> <span class='ocrx_word' id='word_1_493' title='bbox 1456 1062 1627 1092; x_wconf 82' lang='lat' dir='ltr'>sacrificiis</span> <span class='ocrx_word' id='word_1_494' title='bbox 1645 1063 1692 1093; x_wconf 89' lang='lat' dir='ltr'>ti-</span> 
     </span>
     <span class='ocr_line' id='line_1_88' title="bbox 949 1103 1690 1137; baseline 0.007 -6"><span class='ocrx_word' id='word_1_495' title='bbox 949 1103 1092 1132; x_wconf 87' lang='lat' dir='ltr'>bicinem</span> <span class='ocrx_word' id='word_1_496' title='bbox 1122 1114 1226 1134; x_wconf 81' lang='lat' dir='ltr'>unam</span> <span class='ocrx_word' id='word_1_497' title='bbox 1253 1108 1387 1135; x_wconf 88' lang='lat' dir='ltr'>tantum</span> <span class='ocrx_word' id='word_1_498' title='bbox 1415 1106 1532 1135; x_wconf 87' lang='lat' dir='ltr'>tibiam</span> <span class='ocrx_word' id='word_1_499' title='bbox 1560 1106 1690 1137; x_wconf 80' lang='lat' dir='ltr'>inflare.</span> 
     </span>
     <span class='ocr_line' id='line_1_89' title="bbox 946 1146 1691 1180; baseline 0.007 -5"><span class='ocrx_word' id='word_1_500' title='bbox 946 1146 1123 1177; x_wconf 71' lang='lat' dir='ltr'>Transitus</span> <span class='ocrx_word' id='word_1_501' title='bbox 1153 1148 1301 1178; x_wconf 84' lang='lat' dir='ltr'>tibicinis</span> <span class='ocrx_word' id='word_1_502' title='bbox 1330 1159 1349 1178; x_wconf 85' lang='lat' dir='ltr'>a</span> <span class='ocrx_word' id='word_1_503' title='bbox 1374 1149 1499 1179; x_wconf 78' lang='lat' dir='ltr'>dextris</span> <span class='ocrx_word' id='word_1_504' title='bbox 1527 1150 1618 1180; x_wconf 89' lang='lat' dir='ltr'>tibiis</span> <span class='ocrx_word' id='word_1_505' title='bbox 1647 1149 1691 1180; x_wconf 87' lang='lat' dir='ltr'>ad</span> 
     </span>
     <span class='ocr_line' id='line_1_90' title="bbox 947 1191 1691 1232; baseline 0.007 -13"><span class='ocrx_word' id='word_1_506' title='bbox 947 1191 1097 1220; x_wconf 87' lang='lat' dir='ltr'>sinistras</span> <span class='ocrx_word' id='word_1_507' title='bbox 1122 1201 1218 1231; x_wconf 87' lang='lat' dir='ltr'>porro</span> <span class='ocrx_word' id='word_1_508' title='bbox 1237 1192 1289 1229; x_wconf 87' lang='lat' dir='ltr'>fit,</span> <span class='ocrx_word' id='word_1_509' title='bbox 1309 1196 1346 1222; x_wconf 89' lang='lat' dir='ltr'>ut</span> <span class='ocrx_word' id='word_1_510' title='bbox 1361 1202 1380 1222; x_wconf 89' lang='lat' dir='ltr'>a</span> <span class='ocrx_word' id='word_1_511' title='bbox 1395 1202 1475 1222; x_wconf 88' lang='lat' dir='ltr'>sono</span> <span class='ocrx_word' id='word_1_512' title='bbox 1490 1194 1630 1232; x_wconf 88' lang='lat' dir='ltr'>graviori</span> <span class='ocrx_word' id='word_1_513' title='bbox 1647 1193 1691 1225; x_wconf 82' lang='lat' dir='ltr'>ad</span> 
     </span>
     <span class='ocr_line' id='line_1_91' title="bbox 949 1235 1691 1268; baseline 0.008 -6"><span class='ocrx_word' id='word_1_514' title='bbox 949 1235 1132 1264; x_wconf 84' lang='lat' dir='ltr'>acutiorem</span> <span class='ocrx_word' id='word_1_515' title='bbox 1160 1241 1280 1266; x_wconf 84' lang='lat' dir='ltr'>cantus</span> <span class='ocrx_word' id='word_1_516' title='bbox 1305 1236 1523 1267; x_wconf 85' lang='lat' dir='ltr'>traducatur:</span> <span class='ocrx_word' id='word_1_517' title='bbox 1556 1237 1691 1268; x_wconf 77' lang='lat' dir='ltr'>dextra-</span> 
     </span>
     <span class='ocr_line' id='line_1_92' title="bbox 948 1279 1692 1319; baseline 0.008 -13"><span class='ocrx_word' id='word_1_518' title='bbox 948 1287 1023 1307; x_wconf 89' lang='lat' dir='ltr'>rum</span> <span class='ocrx_word' id='word_1_519' title='bbox 1047 1279 1138 1308; x_wconf 86' lang='lat' dir='ltr'>enim</span> <span class='ocrx_word' id='word_1_520' title='bbox 1162 1279 1322 1309; x_wconf 87' lang='lat' dir='ltr'>tibiarum</span> <span class='ocrx_word' id='word_1_521' title='bbox 1339 1281 1460 1319; x_wconf 81' lang='lat' dir='ltr'>gravis,</span> <span class='ocrx_word' id='word_1_522' title='bbox 1476 1280 1692 1312; x_wconf 82' lang='lat' dir='ltr'>sinistrarum</span> 
     </span>
     <span class='ocr_line' id='line_1_93' title="bbox 948 1324 1690 1362; baseline 0.007 -12"><span class='ocrx_word' id='word_1_523' title='bbox 948 1328 1067 1351; x_wconf 86' lang='lat' dir='ltr'>acutus</span> <span class='ocrx_word' id='word_1_524' title='bbox 1091 1326 1142 1352; x_wconf 86' lang='lat' dir='ltr'>est</span> <span class='ocrx_word' id='word_1_525' title='bbox 1165 1332 1290 1362; x_wconf 85' lang='lat' dir='ltr'>sonus;</span> <span class='ocrx_word' id='word_1_526' title='bbox 1319 1329 1359 1353; x_wconf 89' lang='lat' dir='ltr'>ut</span> <span class='ocrx_word' id='word_1_527' title='bbox 1379 1324 1526 1354; x_wconf 80' lang='lat' dir='ltr'>ostendit</span> <span class='ocrx_word' id='word_1_528' title='bbox 1549 1324 1690 1356; x_wconf 83' lang='lat' dir='ltr'>Salmas.</span> 
     </span>
     <span class='ocr_line' id='line_1_94' title="bbox 948 1364 1692 1408; baseline 0.007 -14"><span class='ocrx_word' id='word_1_529' title='bbox 948 1364 990 1394; x_wconf 89' lang='lat' dir='ltr'>ad</span> <span class='ocrx_word' id='word_1_530' title='bbox 1013 1365 1143 1405; x_wconf 84' lang='lat' dir='ltr'>Vopisc.</span> <span class='ocrx_word' id='word_1_531' title='bbox 1168 1365 1280 1397; x_wconf 85' lang='lat' dir='ltr'>Carin.</span> <span class='ocrx_word' id='word_1_532' title='bbox 1305 1377 1332 1397; x_wconf 93' lang='lat' dir='ltr'>c.</span> <span class='ocrx_word' id='word_1_533' title='bbox 1355 1370 1402 1401; x_wconf 86' lang='lat'><strong>19.</strong></span> <span class='ocrx_word' id='word_1_534' title='bbox 1434 1378 1466 1408; x_wconf 90' lang='lat' dir='ltr'>p.</span> <span class='ocrx_word' id='word_1_535' title='bbox 1490 1368 1564 1399; x_wconf 65' lang='lat'><strong>326.</strong></span> <span class='ocrx_word' id='word_1_536' title='bbox 1596 1373 1631 1398; x_wconf 91' lang='lat' dir='ltr'>et</span> <span class='ocrx_word' id='word_1_537' title='bbox 1648 1368 1692 1399; x_wconf 86' lang='lat' dir='ltr'>ad</span> 
     </span>
     <span class='ocr_line' id='line_1_95' title="bbox 949 1408 1691 1449; baseline 0.008 -12"><span class='ocrx_word' id='word_1_538' title='bbox 949 1408 1051 1439; x_wconf 86' lang='lat' dir='ltr'>Solin.</span> <span class='ocrx_word' id='word_1_539' title='bbox 1075 1419 1107 1448; x_wconf 94' lang='lat' dir='ltr'><strong>p.</strong></span> <span class='ocrx_word' id='word_1_540' title='bbox 1125 1412 1176 1440; x_wconf 72' lang='lat'><strong>84.</strong></span> <span class='ocrx_word' id='word_1_541' title='bbox 1202 1420 1271 1449; x_wconf 85' lang='lat' dir='ltr'>sqq.</span> <span class='ocrx_word' id='word_1_542' title='bbox 1296 1411 1351 1440; x_wconf 91' lang='lat' dir='ltr'>ubi</span> <span class='ocrx_word' id='word_1_543' title='bbox 1369 1419 1525 1442; x_wconf 86' lang='lat' dir='ltr'>accurate</span> <span class='ocrx_word' id='word_1_544' title='bbox 1543 1412 1582 1442; x_wconf 88' lang='lat' dir='ltr'>de</span> <span class='ocrx_word' id='word_1_545' title='bbox 1598 1412 1691 1444; x_wconf 76' lang='lat' dir='ltr'>tibiis</span> 
     </span>
     <span class='ocr_line' id='line_1_96' title="bbox 949 1452 1693 1496; baseline 0.007 -15"><span class='ocrx_word' id='word_1_546' title='bbox 949 1452 1072 1482; x_wconf 81' lang='lat' dir='ltr'>dextris</span> <span class='ocrx_word' id='word_1_547' title='bbox 1095 1456 1130 1483; x_wconf 89' lang='lat' dir='ltr'>et</span> <span class='ocrx_word' id='word_1_548' title='bbox 1155 1454 1311 1492; x_wconf 84' lang='lat' dir='ltr'>sinistris,</span> <span class='ocrx_word' id='word_1_549' title='bbox 1336 1455 1470 1494; x_wconf 88' lang='lat' dir='ltr'>paribus</span> <span class='ocrx_word' id='word_1_550' title='bbox 1496 1462 1530 1485; x_wconf 88' lang='lat' dir='ltr'>et</span> <span class='ocrx_word' id='word_1_551' title='bbox 1553 1456 1693 1496; x_wconf 87' lang='lat' dir='ltr'>impari-</span> 
     </span>
     <span class='ocr_line' id='line_1_97' title="bbox 948 1496 1692 1535; baseline 0.007 -10"><span class='ocrx_word' id='word_1_552' title='bbox 948 1496 1009 1525; x_wconf 90' lang='lat' dir='ltr'>bus</span> <span class='ocrx_word' id='word_1_553' title='bbox 1033 1497 1112 1535; x_wconf 80' lang='lat' dir='ltr'>egit.</span> <span class='ocrx_word' id='word_1_554' title='bbox 1137 1496 1186 1527; x_wconf 89' lang='lat' dir='ltr'>Ea</span> <span class='ocrx_word' id='word_1_555' title='bbox 1209 1499 1398 1528; x_wconf 83' lang='lat' dir='ltr'>mutatione</span> <span class='ocrx_word' id='word_1_556' title='bbox 1422 1498 1493 1529; x_wconf 87' lang='lat' dir='ltr'>soni</span> <span class='ocrx_word' id='word_1_557' title='bbox 1515 1500 1549 1529; x_wconf 92' lang='lat' dir='ltr'>in</span> <span class='ocrx_word' id='word_1_558' title='bbox 1565 1500 1692 1530; x_wconf 89' lang='lat' dir='ltr'>sacrifi-</span> 
     </span>
     <span class='ocr_line' id='line_1_98' title="bbox 949 1541 1690 1584; baseline 0.007 -15"><span class='ocrx_word' id='word_1_559' title='bbox 949 1541 1007 1569; x_wconf 83' lang='lat' dir='ltr'>ciis</span> <span class='ocrx_word' id='word_1_560' title='bbox 1026 1550 1092 1570; x_wconf 90' lang='lat' dir='ltr'>non</span> <span class='ocrx_word' id='word_1_561' title='bbox 1108 1545 1159 1570; x_wconf 81' lang='lat' dir='ltr'>est</span> <span class='ocrx_word' id='word_1_562' title='bbox 1175 1551 1272 1581; x_wconf 89' lang='lat' dir='ltr'>opus,</span> <span class='ocrx_word' id='word_1_563' title='bbox 1288 1542 1345 1571; x_wconf 89' lang='lat' dir='ltr'>nbi</span> <span class='ocrx_word' id='word_1_564' title='bbox 1358 1543 1539 1573; x_wconf 82' lang='lat' dir='ltr'>maximam</span> <span class='ocrx_word' id='word_1_565' title='bbox 1557 1548 1690 1584; x_wconf 84' lang='lat' dir='ltr'>partem</span> 
     </span>
     <span class='ocr_line' id='line_1_99' title="bbox 948 1585 1693 1624; baseline 0.005 -11"><span class='ocrx_word' id='word_1_566' title='bbox 948 1591 1126 1624; x_wconf 81' lang='lat' dir='ltr'>propterea</span> <span class='ocrx_word' id='word_1_567' title='bbox 1149 1585 1328 1616; x_wconf 88' lang='lat' dir='ltr'>adhibetur</span> <span class='ocrx_word' id='word_1_568' title='bbox 1349 1586 1488 1624; x_wconf 89' lang='lat' dir='ltr'>tibicen,</span> <span class='ocrx_word' id='word_1_569' title='bbox 1510 1592 1549 1617; x_wconf 85' lang='lat' dir='ltr'>ut</span> <span class='ocrx_word' id='word_1_570' title='bbox 1572 1588 1607 1617; x_wconf 90' lang='lat' dir='ltr'>in</span> <span class='ocrx_word' id='word_1_571' title='bbox 1631 1597 1693 1617; x_wconf 90' lang='lat' dir='ltr'>au-</span> 
     </span>
     <span class='ocr_line' id='line_1_100' title="bbox 949 1628 1692 1669; baseline 0.005 -12"><span class='ocrx_word' id='word_1_572' title='bbox 949 1637 1018 1657; x_wconf 86' lang='lat' dir='ltr'>rem</span> <span class='ocrx_word' id='word_1_573' title='bbox 1043 1628 1263 1659; x_wconf 81' lang='lat' dir='ltr'>sacrificantis</span> <span class='ocrx_word' id='word_1_574' title='bbox 1287 1634 1400 1667; x_wconf 87' lang='lat' dir='ltr'>canat,</span> <span class='ocrx_word' id='word_1_575' title='bbox 1416 1639 1458 1660; x_wconf 91' lang='lat' dir='ltr'>ne</span> <span class='ocrx_word' id='word_1_576' title='bbox 1482 1631 1561 1669; x_wconf 88' lang='lat' dir='ltr'>quid</span> <span class='ocrx_word' id='word_1_577' title='bbox 1576 1631 1692 1662; x_wconf 87' lang='lat' dir='ltr'>audire</span> 
     </span>
     <span class='ocr_line' id='line_1_101' title="bbox 949 1671 1692 1714; baseline 0.007 -14"><span class='ocrx_word' id='word_1_578' title='bbox 949 1672 1066 1710; x_wconf 81' lang='lat' dir='ltr'>possit,</span> <span class='ocrx_word' id='word_1_579' title='bbox 1080 1671 1167 1711; x_wconf 86' lang='lat' dir='ltr'>quod</span> <span class='ocrx_word' id='word_1_580' title='bbox 1180 1682 1274 1702; x_wconf 84' lang='lat' dir='ltr'>sacra</span> <span class='ocrx_word' id='word_1_581' title='bbox 1284 1673 1407 1704; x_wconf 86' lang='lat' dir='ltr'>turbet.</span> <span class='ocrx_word' id='word_1_582' title='bbox 1424 1674 1488 1704; x_wconf 90' lang='lat' dir='ltr'>vid.</span> <span class='ocrx_word' id='word_1_583' title='bbox 1504 1674 1692 1714; x_wconf 85' lang='lat' dir='ltr'>spondalia.</span> 
     </span>
     <span class='ocr_line' id='line_1_102' title="bbox 948 1715 1693 1758; baseline 0.007 -14"><span class='ocrx_word' id='word_1_584' title='bbox 948 1715 1053 1745; x_wconf 77' lang='lat' dir='ltr'>Tibiae</span> <span class='ocrx_word' id='word_1_585' title='bbox 1076 1725 1174 1755; x_wconf 88' lang='lat' dir='ltr'>porro</span> <span class='ocrx_word' id='word_1_586' title='bbox 1197 1717 1231 1746; x_wconf 91' lang='lat' dir='ltr'>iu</span> <span class='ocrx_word' id='word_1_587' title='bbox 1248 1717 1348 1747; x_wconf 83' lang='lat' dir='ltr'>sacris</span> <span class='ocrx_word' id='word_1_588' title='bbox 1366 1717 1525 1748; x_wconf 89' lang='lat' dir='ltr'>dicuntur</span> <span class='ocrx_word' id='word_1_589' title='bbox 1541 1727 1693 1758; x_wconf 85' lang='lat' dir='ltr'>praecen-</span> 
     </span>
     <span class='ocr_line' id='line_1_103' title="bbox 949 1760 1694 1797; baseline 0.007 -9"><span class='ocrx_word' id='word_1_590' title='bbox 949 1760 1057 1797; x_wconf 76' lang='lat' dir='ltr'>toriae,</span> <span class='ocrx_word' id='word_1_591' title='bbox 1081 1760 1270 1791; x_wconf 84' lang='lat' dir='ltr'>incentivae.</span> <span class='ocrx_word' id='word_1_592' title='bbox 1301 1761 1404 1791; x_wconf 88' lang='lat' dir='ltr'>Solin.</span> <span class='ocrx_word' id='word_1_593' title='bbox 1439 1765 1488 1792; x_wconf 90' lang='lat'>11.</span> <span class='ocrx_word' id='word_1_594' title='bbox 1523 1762 1581 1792; x_wconf 80' lang='lat' dir='ltr'>Eae</span> <span class='ocrx_word' id='word_1_595' title='bbox 1610 1767 1694 1794; x_wconf 88' lang='lat' dir='ltr'>sunt</span> 
     </span>
     <span class='ocr_line' id='line_1_104' title="bbox 950 1803 1694 1841; baseline 0.007 -9"><span class='ocrx_word' id='word_1_596' title='bbox 950 1803 1089 1841; x_wconf 87' lang='lat' dir='ltr'>dextrae,</span> <span class='ocrx_word' id='word_1_597' title='bbox 1108 1809 1146 1833; x_wconf 84' lang='lat' dir='ltr'>ut</span> <span class='ocrx_word' id='word_1_598' title='bbox 1169 1803 1211 1834; x_wconf 81' lang='lat' dir='ltr'>ad</span> <span class='ocrx_word' id='word_1_599' title='bbox 1234 1814 1311 1834; x_wconf 88' lang='lat' dir='ltr'>eum</span> <span class='ocrx_word' id='word_1_600' title='bbox 1328 1804 1438 1835; x_wconf 87' lang='lat' dir='ltr'>locum</span> <span class='ocrx_word' id='word_1_601' title='bbox 1457 1807 1604 1836; x_wconf 87' lang='lat' dir='ltr'>ostendit</span> <span class='ocrx_word' id='word_1_602' title='bbox 1620 1806 1694 1837; x_wconf 89' lang='lat' dir='ltr'>Sal·</span> 
     </span>
     <span class='ocr_line' id='line_1_105' title="bbox 950 1847 1693 1889; baseline 0.008 -13"><span class='ocrx_word' id='word_1_603' title='bbox 950 1847 1088 1884; x_wconf 82' lang='lat' dir='ltr'>masius,</span> <span class='ocrx_word' id='word_1_604' title='bbox 1105 1851 1139 1877; x_wconf 85' lang='lat' dir='ltr'>et</span> <span class='ocrx_word' id='word_1_605' title='bbox 1163 1848 1204 1878; x_wconf 82' lang='lat' dir='ltr'>ad</span> <span class='ocrx_word' id='word_1_606' title='bbox 1227 1847 1407 1888; x_wconf 82' lang='lat' dir='ltr'>Vopiscum</span> <span class='ocrx_word' id='word_1_607' title='bbox 1428 1849 1448 1878; x_wconf 95' lang='lat' dir='ltr'>l.</span> <span class='ocrx_word' id='word_1_608' title='bbox 1467 1860 1495 1879; x_wconf 88' lang='lat' dir='ltr'>c.</span> <span class='ocrx_word' id='word_1_609' title='bbox 1512 1859 1543 1889; x_wconf 90' lang='lat' dir='ltr'>p.</span> <span class='ocrx_word' id='word_1_610' title='bbox 1561 1852 1635 1884; x_wconf 75' lang='lat'><strong>827.</strong></span> <span class='ocrx_word' id='word_1_611' title='bbox 1660 1860 1693 1882; x_wconf 81' lang='lat' dir='ltr'>a.</span> 
     </span>
     <span class='ocr_line' id='line_1_106' title="bbox 948 1890 1692 1932; baseline 0.004 -11"><span class='ocrx_word' id='word_1_612' title='bbox 948 1890 1062 1921; x_wconf 83' lang='lat' dir='ltr'>Nullae</span> <span class='ocrx_word' id='word_1_613' title='bbox 1086 1891 1191 1930; x_wconf 77' lang='lat' dir='ltr'>igitur</span> <span class='ocrx_word' id='word_1_614' title='bbox 1219 1891 1253 1921; x_wconf 87' lang='lat' dir='ltr'>in</span> <span class='ocrx_word' id='word_1_615' title='bbox 1282 1893 1382 1922; x_wconf 85' lang='lat' dir='ltr'>sacris</span> <span class='ocrx_word' id='word_1_616' title='bbox 1413 1893 1557 1923; x_wconf 84' lang='lat' dir='ltr'>sinistrae</span> <span class='ocrx_word' id='word_1_617' title='bbox 1583 1894 1692 1932; x_wconf 89' lang='lat' dir='ltr'>tibiae,</span> 
     </span>
     <span class='ocr_line' id='line_1_107' title="bbox 951 1933 1693 1968; baseline 0.007 -5"><span class='ocrx_word' id='word_1_618' title='bbox 951 1933 1063 1964; x_wconf 83' lang='lat' dir='ltr'>nullus</span> <span class='ocrx_word' id='word_1_619' title='bbox 1088 1944 1107 1964; x_wconf 84' lang='lat' dir='ltr'>a</span> <span class='ocrx_word' id='word_1_620' title='bbox 1130 1935 1253 1965; x_wconf 82' lang='lat' dir='ltr'>dextris</span> <span class='ocrx_word' id='word_1_621' title='bbox 1278 1935 1319 1965; x_wconf 85' lang='lat' dir='ltr'>ad</span> <span class='ocrx_word' id='word_1_622' title='bbox 1343 1936 1493 1966; x_wconf 87' lang='lat' dir='ltr'>sinistras</span> <span class='ocrx_word' id='word_1_623' title='bbox 1516 1938 1693 1968; x_wconf 88' lang='lat' dir='ltr'>transitus.</span> 
     </span>
     <span class='ocr_line' id='line_1_108' title="bbox 951 1977 1693 2020; baseline 0.007 -13"><span class='ocrx_word' id='word_1_624' title='bbox 951 1977 1118 2008; x_wconf 84' lang='lat' dir='ltr'>Ferratius</span> <span class='ocrx_word' id='word_1_625' title='bbox 1137 1980 1170 2008; x_wconf 89' lang='lat' dir='ltr'>in</span> <span class='ocrx_word' id='word_1_626' title='bbox 1189 1979 1295 2018; x_wconf 84' lang='lat' dir='ltr'>Epist.</span> <span class='ocrx_word' id='word_1_627' title='bbox 1313 1980 1345 2009; x_wconf 94' lang='lat' dir='ltr'>in</span> <span class='ocrx_word' id='word_1_628' title='bbox 1363 1980 1420 2010; x_wconf 84' lang='lat' dir='ltr'>Or.</span> <span class='ocrx_word' id='word_1_629' title='bbox 1445 1980 1550 2010; x_wconf 87' lang='lat' dir='ltr'>Cicer.</span> <span class='ocrx_word' id='word_1_630' title='bbox 1566 1991 1599 2020; x_wconf 89' lang='lat' dir='ltr'>p.</span> <span class='ocrx_word' id='word_1_631' title='bbox 1615 1983 1693 2012; x_wconf 70' lang='lat'><strong>432.</strong></span> 
     </span>
     <span class='ocr_line' id='line_1_109' title="bbox 950 2021 1695 2061; baseline 0.005 -10"><span class='ocrx_word' id='word_1_632' title='bbox 950 2026 1060 2061; x_wconf 85' lang='lat' dir='ltr'>putat,</span> <span class='ocrx_word' id='word_1_633' title='bbox 1079 2021 1181 2052; x_wconf 89' lang='lat' dir='ltr'>alludi</span> <span class='ocrx_word' id='word_1_634' title='bbox 1205 2023 1246 2052; x_wconf 83' lang='lat' dir='ltr'>ad</span> <span class='ocrx_word' id='word_1_635' title='bbox 1269 2024 1432 2054; x_wconf 86' lang='lat' dir='ltr'>sacrificia</span> <span class='ocrx_word' id='word_1_636' title='bbox 1454 2024 1488 2053; x_wconf 91' lang='lat' dir='ltr'>in</span> <span class='ocrx_word' id='word_1_637' title='bbox 1505 2029 1620 2055; x_wconf 82' lang='lat' dir='ltr'>monte</span> <span class='ocrx_word' id='word_1_638' title='bbox 1635 2024 1695 2056; x_wconf 89' lang='lat' dir='ltr'>Al-</span> 
     </span>
     <span class='ocr_line' id='line_1_110' title="bbox 951 2065 1694 2104; baseline 0.007 -10"><span class='ocrx_word' id='word_1_639' title='bbox 951 2065 1050 2102; x_wconf 90' lang='lat' dir='ltr'>bano,</span> <span class='ocrx_word' id='word_1_640' title='bbox 1068 2066 1137 2103; x_wconf 91' lang='lat' dir='ltr'>ubi,</span> <span class='ocrx_word' id='word_1_641' title='bbox 1155 2066 1312 2096; x_wconf 83' lang='lat' dir='ltr'>credibile</span> <span class='ocrx_word' id='word_1_642' title='bbox 1334 2068 1390 2104; x_wconf 84' lang='lat' dir='ltr'>sit,</span> <span class='ocrx_word' id='word_1_643' title='bbox 1406 2077 1512 2098; x_wconf 88' lang='lat' dir='ltr'>unum</span> <span class='ocrx_word' id='word_1_644' title='bbox 1530 2068 1694 2099; x_wconf 85' lang='lat' dir='ltr'>eundem-</span> 
     </span>
     <span class='ocr_line' id='line_1_111' title="bbox 951 2110 1694 2153; baseline 0.007 -15"><span class='ocrx_word' id='word_1_645' title='bbox 951 2119 1014 2148; x_wconf 88' lang='lat' dir='ltr'>que</span> <span class='ocrx_word' id='word_1_646' title='bbox 1024 2110 1197 2139; x_wconf 86' lang='lat' dir='ltr'>tibicinem</span> <span class='ocrx_word' id='word_1_647' title='bbox 1211 2111 1245 2140; x_wconf 90' lang='lat' dir='ltr'>in</span> <span class='ocrx_word' id='word_1_648' title='bbox 1259 2111 1414 2141; x_wconf 87' lang='lat' dir='ltr'>omnibus</span> <span class='ocrx_word' id='word_1_649' title='bbox 1423 2112 1594 2142; x_wconf 81' lang='lat' dir='ltr'>sacrificiis</span> <span class='ocrx_word' id='word_1_650' title='bbox 1606 2122 1694 2153; x_wconf 87' lang='lat' dir='ltr'>prae-</span> 
     </span>
     <span class='ocr_line' id='line_1_112' title="bbox 951 2153 1694 2190; baseline 0.007 -8"><span class='ocrx_word' id='word_1_651' title='bbox 951 2153 1106 2190; x_wconf 79' lang='lat' dir='ltr'>cinuisse,</span> <span class='ocrx_word' id='word_1_652' title='bbox 1120 2158 1154 2183; x_wconf 84' lang='lat' dir='ltr'>et</span> <span class='ocrx_word' id='word_1_653' title='bbox 1167 2154 1207 2183; x_wconf 89' lang='lat' dir='ltr'>ab</span> <span class='ocrx_word' id='word_1_654' title='bbox 1221 2163 1287 2184; x_wconf 88' lang='lat' dir='ltr'>uno</span> <span class='ocrx_word' id='word_1_655' title='bbox 1304 2154 1345 2183; x_wconf 85' lang='lat' dir='ltr'>ad</span> <span class='ocrx_word' id='word_1_656' title='bbox 1362 2154 1505 2186; x_wconf 84' lang='lat' dir='ltr'>alterum</span> <span class='ocrx_word' id='word_1_657' title='bbox 1520 2157 1694 2187; x_wconf 85' lang='lat' dir='ltr'>transisse.</span> 
     </span>
     <span class='ocr_line' id='line_1_113' title="bbox 951 2197 1696 2238; baseline 0.008 -13"><span class='ocrx_word' id='word_1_658' title='bbox 951 2197 1015 2226; x_wconf 83' lang='lat' dir='ltr'>Sed</span> <span class='ocrx_word' id='word_1_659' title='bbox 1027 2207 1170 2227; x_wconf 76' lang='lat' dir='ltr'>camera</span> <span class='ocrx_word' id='word_1_660' title='bbox 1186 2202 1221 2227; x_wconf 80' lang='lat' dir='ltr'>et</span> <span class='ocrx_word' id='word_1_661' title='bbox 1237 2198 1405 2228; x_wconf 72' lang='lat' dir='ltr'>levissima</span> <span class='ocrx_word' id='word_1_662' title='bbox 1422 2199 1616 2238; x_wconf 86' lang='lat' dir='ltr'>conjectura</span> <span class='ocrx_word' id='word_1_663' title='bbox 1630 2204 1696 2232; x_wconf 80' lang='lat' dir='ltr'>est.</span> 
     </span>
     <span class='ocr_line' id='line_1_114' title="bbox 951 2239 1694 2282; baseline 0.007 -13"><span class='ocrx_word' id='word_1_664' title='bbox 951 2239 1023 2270; x_wconf 90' lang='lat' dir='ltr'>Nisi</span> <span class='ocrx_word' id='word_1_665' title='bbox 1037 2241 1140 2279; x_wconf 72' lang='lat' dir='ltr'>igitur</span> <span class='ocrx_word' id='word_1_666' title='bbox 1153 2251 1229 2271; x_wconf 89' lang='lat' dir='ltr'>cum</span> <span class='ocrx_word' id='word_1_667' title='bbox 1245 2241 1401 2271; x_wconf 86' lang='lat' dir='ltr'>Manutio</span> <span class='ocrx_word' id='word_1_668' title='bbox 1414 2242 1555 2273; x_wconf 87' lang='lat' dir='ltr'>velimus</span> <span class='ocrx_word' id='word_1_669' title='bbox 1567 2244 1694 2282; x_wconf 81' lang='lat' dir='ltr'>dicere,</span> 
     </span>
     <span class='ocr_line' id='line_1_115' title="bbox 951 2284 1695 2323; baseline 0.007 -10"><span class='ocrx_word' id='word_1_670' title='bbox 951 2284 1110 2323; x_wconf 70' lang='lat' dir='ltr'>ignorari,</span> <span class='ocrx_word' id='word_1_671' title='bbox 1126 2285 1214 2314; x_wconf 88' lang='lat' dir='ltr'>unde</span> <span class='ocrx_word' id='word_1_672' title='bbox 1239 2285 1310 2315; x_wconf 81' lang='lat' dir='ltr'>haec</span> <span class='ocrx_word' id='word_1_673' title='bbox 1335 2285 1467 2316; x_wconf 87' lang='lat' dir='ltr'>dicendi</span> <span class='ocrx_word' id='word_1_674' title='bbox 1487 2287 1573 2317; x_wconf 87' lang='lat' dir='ltr'>ratio</span> <span class='ocrx_word' id='word_1_675' title='bbox 1591 2287 1695 2318; x_wconf 80' lang='lat' dir='ltr'>ducta</span> 
     </span>
     <span class='ocr_line' id='line_1_116' title="bbox 950 2328 1695 2368; baseline 0.007 -12"><span class='ocrx_word' id='word_1_676' title='bbox 950 2328 1005 2364; x_wconf 87' lang='lat' dir='ltr'>sit,</span> <span class='ocrx_word' id='word_1_677' title='bbox 1022 2328 1192 2368; x_wconf 74' lang='lat' dir='ltr'>probanda</span> <span class='ocrx_word' id='word_1_678' title='bbox 1215 2330 1279 2359; x_wconf 80' lang='lat' dir='ltr'>erit</span> <span class='ocrx_word' id='word_1_679' title='bbox 1295 2339 1373 2359; x_wconf 87' lang='lat' dir='ltr'>cum</span> <span class='ocrx_word' id='word_1_680' title='bbox 1393 2330 1464 2360; x_wconf 88' lang='lat' dir='ltr'>Cel.</span> <span class='ocrx_word' id='word_1_681' title='bbox 1488 2330 1635 2361; x_wconf 87' lang='lat' dir='ltr'>Gesnero</span> <span class='ocrx_word' id='word_1_682' title='bbox 1652 2330 1695 2361; x_wconf 85' lang='lat' dir='ltr'>ad</span> 
     </span>
     <span class='ocr_line' id='line_1_117' title="bbox 952 2371 1692 2413; baseline 0.007 -13"><span class='ocrx_word' id='word_1_683' title='bbox 952 2371 1096 2411; x_wconf 68' lang='lat' dir='ltr'>Quintil.</span> <span class='ocrx_word' id='word_1_684' title='bbox 1108 2371 1129 2402; x_wconf 90' lang='lat' dir='ltr'>l.</span> <span class='ocrx_word' id='word_1_685' title='bbox 1145 2382 1173 2402; x_wconf 91' lang='lat' dir='ltr'>c.</span> <span class='ocrx_word' id='word_1_686' title='bbox 1192 2372 1274 2413; x_wconf 86' lang='lat' dir='ltr'>(Cel.</span> <span class='ocrx_word' id='word_1_687' title='bbox 1286 2373 1501 2404; x_wconf 87' lang='lat' dir='ltr'>Burmannus</span> <span class='ocrx_word' id='word_1_688' title='bbox 1512 2375 1602 2404; x_wconf 82' lang='lat' dir='ltr'>enim</span> <span class='ocrx_word' id='word_1_689' title='bbox 1612 2375 1692 2406; x_wconf 89' lang='lat' dir='ltr'>ibid.</span> 
     </span>
     <span class='ocr_line' id='line_1_118' title="bbox 951 2416 1694 2455; baseline 0.005 -11"><span class='ocrx_word' id='word_1_690' title='bbox 951 2416 1063 2454; x_wconf 82' lang='lat' dir='ltr'>posuit</span> <span class='ocrx_word' id='word_1_691' title='bbox 1087 2422 1237 2453; x_wconf 85' lang='lat' dir='ltr'>tantum,</span> <span class='ocrx_word' id='word_1_692' title='bbox 1254 2417 1334 2455; x_wconf 89' lang='lat' dir='ltr'>quid</span> <span class='ocrx_word' id='word_1_693' title='bbox 1350 2417 1389 2446; x_wconf 86' lang='lat' dir='ltr'>de</span> <span class='ocrx_word' id='word_1_694' title='bbox 1405 2427 1445 2447; x_wconf 85' lang='lat' dir='ltr'>ea</span> <span class='ocrx_word' id='word_1_695' title='bbox 1471 2419 1608 2454; x_wconf 86' lang='lat' dir='ltr'>sentiat,</span> <span class='ocrx_word' id='word_1_696' title='bbox 1626 2427 1694 2449; x_wconf 89' lang='lat' dir='ltr'>non</span> 
     </span>
     <span class='ocr_line' id='line_1_119' title="bbox 951 2458 1697 2497; baseline 0.005 -9"><span class='ocrx_word' id='word_1_697' title='bbox 951 2458 1047 2497; x_wconf 73' lang='lat' dir='ltr'>dixit)</span> <span class='ocrx_word' id='word_1_698' title='bbox 1078 2459 1171 2489; x_wconf 83' lang='lat' dir='ltr'>valde</span> <span class='ocrx_word' id='word_1_699' title='bbox 1191 2460 1386 2490; x_wconf 87' lang='lat' dir='ltr'>verosimilis</span> <span class='ocrx_word' id='word_1_700' title='bbox 1407 2461 1527 2491; x_wconf 82' lang='lat' dir='ltr'>Graevii</span> <span class='ocrx_word' id='word_1_701' title='bbox 1549 2461 1602 2491; x_wconf 71' lang='grc' dir='ltr'>τοῦ</span> <span class='ocrx_word' id='word_1_702' title='bbox 1617 2461 1697 2493; x_wconf 72' lang='lat' dir='ltr'>min</span> 
     </span>
     <span class='ocr_line' id='line_1_120' title="bbox 951 2503 1695 2542; baseline 0.005 -11"><span class='ocrx_word' id='word_1_703' title='bbox 951 2503 1134 2540; x_wconf 85' lang='lat' dir='ltr'>sententia,</span> <span class='ocrx_word' id='word_1_704' title='bbox 1157 2504 1213 2542; x_wconf 84' lang='lat' dir='ltr'>qui</span> <span class='ocrx_word' id='word_1_705' title='bbox 1244 2503 1380 2533; x_wconf 85' lang='lat' dir='ltr'>ductam</span> <span class='ocrx_word' id='word_1_706' title='bbox 1406 2504 1493 2534; x_wconf 85' lang='lat' dir='ltr'>hanc</span> <span class='ocrx_word' id='word_1_707' title='bbox 1529 2507 1695 2536; x_wconf 89' lang='lat' dir='ltr'>rationem</span> 
     </span>
     <span class='ocr_line' id='line_1_121' title="bbox 951 2547 1697 2586; baseline 0.007 -11"><span class='ocrx_word' id='word_1_708' title='bbox 951 2555 969 2575; x_wconf 93' lang='lat' dir='ltr'>e</span> <span class='ocrx_word' id='word_1_709' title='bbox 985 2556 1086 2576; x_wconf 79' lang='lat' dir='ltr'>scena</span> <span class='ocrx_word' id='word_1_710' title='bbox 1100 2547 1196 2584; x_wconf 83' lang='lat' dir='ltr'>dicit,</span> <span class='ocrx_word' id='word_1_711' title='bbox 1213 2548 1246 2576; x_wconf 91' lang='lat' dir='ltr'>in</span> <span class='ocrx_word' id='word_1_712' title='bbox 1264 2557 1329 2586; x_wconf 87' lang='lat' dir='ltr'>qua</span> <span class='ocrx_word' id='word_1_713' title='bbox 1345 2548 1470 2578; x_wconf 83' lang='lat' dir='ltr'>tibicen</span> <span class='ocrx_word' id='word_1_714' title='bbox 1490 2548 1697 2580; x_wconf 88' lang='lat' dir='ltr'>histrionum</span> 
     </span>
     <span class='ocr_line' id='line_1_122' title="bbox 952 2590 1699 2632; baseline 0.007 -13"><span class='ocrx_word' id='word_1_715' title='bbox 952 2590 1121 2620; x_wconf 76' lang='lat' dir='ltr'>actionem</span> <span class='ocrx_word' id='word_1_716' title='bbox 1171 2591 1419 2629; x_wconf 85' lang='lat' dir='ltr'>moderabatur,</span> <span class='ocrx_word' id='word_1_717' title='bbox 1458 2592 1620 2632; x_wconf 87' lang='lat' dir='ltr'>adeoque,</span> <span class='ocrx_word' id='word_1_718' title='bbox 1654 2597 1699 2626; x_wconf 82' lang='lat' dir='ltr'>ut</span> 
     </span>
     <span class='ocr_line' id='line_1_123' title="bbox 950 2633 1698 2676; baseline 0.007 -14"><span class='ocrx_word' id='word_1_719' title='bbox 950 2633 1056 2663; x_wconf 62' lang='lat' dir='ltr'>«lctus</span> <span class='ocrx_word' id='word_1_720' title='bbox 1072 2635 1112 2664; x_wconf 85' lang='lat' dir='ltr'>ab</span> <span class='ocrx_word' id='word_1_721' title='bbox 1129 2635 1272 2674; x_wconf 85' lang='lat' dir='ltr'>petitore</span> <span class='ocrx_word' id='word_1_722' title='bbox 1288 2635 1329 2664; x_wconf 88' lang='lat' dir='ltr'>ad</span> <span class='ocrx_word' id='word_1_723' title='bbox 1345 2645 1437 2672; x_wconf 91' lang='lat' dir='ltr'>eum,</span> <span class='ocrx_word' id='word_1_724' title='bbox 1456 2636 1543 2666; x_wconf 85' lang='lat' dir='ltr'>unde</span> <span class='ocrx_word' id='word_1_725' title='bbox 1561 2637 1698 2676; x_wconf 87' lang='lat' dir='ltr'>peteba-</span> 
     </span>
     <span class='ocr_line' id='line_1_124' title="bbox 951 2678 1696 2714; baseline 0.008 -7"><span class='ocrx_word' id='word_1_726' title='bbox 951 2681 1020 2714; x_wconf 86' lang='lat' dir='ltr'>tur,</span> <span class='ocrx_word' id='word_1_727' title='bbox 1037 2678 1083 2707; x_wconf 90' lang='lat' dir='ltr'>sic</span> <span class='ocrx_word' id='word_1_728' title='bbox 1099 2678 1140 2708; x_wconf 86' lang='lat' dir='ltr'>ab</span> <span class='ocrx_word' id='word_1_729' title='bbox 1165 2687 1231 2707; x_wconf 90' lang='lat' dir='ltr'>uno</span> <span class='ocrx_word' id='word_1_730' title='bbox 1256 2678 1418 2709; x_wconf 88' lang='lat' dir='ltr'>histrione</span> <span class='ocrx_word' id='word_1_731' title='bbox 1443 2680 1483 2709; x_wconf 84' lang='lat' dir='ltr'>ad</span> <span class='ocrx_word' id='word_1_732' title='bbox 1498 2680 1641 2711; x_wconf 90' lang='lat' dir='ltr'>alterum</span> <span class='ocrx_word' id='word_1_733' title='bbox 1659 2690 1696 2713; x_wconf 76' lang='lat' dir='ltr'>se</span> 
     </span>
     <span class='ocr_line' id='line_1_125' title="bbox 953 2722 1696 2763; baseline 0.007 -13"><span class='ocrx_word' id='word_1_734' title='bbox 953 2722 1182 2758; x_wconf 72' lang='lat' dir='ltr'>convertebat,</span> <span class='ocrx_word' id='word_1_735' title='bbox 1214 2725 1248 2751; x_wconf 85' lang='lat' dir='ltr'>et</span> <span class='ocrx_word' id='word_1_736' title='bbox 1275 2732 1550 2763; x_wconf 84' lang='lat' dir='ltr'>unumquemque</span> <span class='ocrx_word' id='word_1_737' title='bbox 1589 2729 1696 2756; x_wconf 79' lang='lat' dir='ltr'>cantu</span> 
     </span>
     <span class='ocr_line' id='line_1_126' title="bbox 953 2765 1696 2803; baseline 0.008 -10"><span class='ocrx_word' id='word_1_738' title='bbox 953 2765 1043 2794; x_wconf 85' lang='lat' dir='ltr'>tibiae</span> <span class='ocrx_word' id='word_1_739' title='bbox 1067 2766 1219 2803; x_wconf 81' lang='lat' dir='ltr'>juvabat.</span> <span class='ocrx_word' id='word_1_740' title='bbox 1249 2766 1314 2795; x_wconf 81' lang='lat' dir='ltr'>vid.</span> <span class='ocrx_word' id='word_1_741' title='bbox 1342 2766 1414 2798; x_wconf 90' lang='lat' dir='ltr'>Liv.</span> <span class='ocrx_word' id='word_1_742' title='bbox 1442 2768 1496 2798; x_wconf 86' lang='lat' dir='ltr'>vii.</span> <span class='ocrx_word' id='word_1_743' title='bbox 1523 2769 1554 2798; x_wconf 72' lang='lat'>2.</span> <span class='ocrx_word' id='word_1_744' title='bbox 1588 2774 1623 2800; x_wconf 87' lang='lat' dir='ltr'>et</span> <span class='ocrx_word' id='word_1_745' title='bbox 1649 2768 1696 2802; x_wconf 73' lang='lat' dir='ltr'>ibi</span> 
     </span>
     <span class='ocr_line' id='line_1_127' title="bbox 953 2807 1371 2841; baseline 0.007 -4"><span class='ocrx_word' id='word_1_746' title='bbox 953 2807 1098 2838; x_wconf 79' lang='lat' dir='ltr'>Gronov.</span> <span class='ocrx_word' id='word_1_747' title='bbox 1116 2809 1255 2839; x_wconf 85' lang='lat' dir='ltr'>Salmas.</span> <span class='ocrx_word' id='word_1_748' title='bbox 1272 2809 1306 2839; x_wconf 91' lang='lat' dir='ltr'>ll.</span> <span class='ocrx_word' id='word_1_749' title='bbox 1322 2819 1371 2841; x_wconf 88' lang='lat' dir='ltr'>cc.</span> 
     </span>
    </p>

    <p class='ocr_par' dir='ltr' id='par_1_16' title="bbox 954 2851 1695 2936">
     <span class='ocr_line' id='line_1_128' title="bbox 999 2851 1695 2892; baseline 0.006 -10"><span class='ocrx_word' id='word_1_750' title='bbox 999 2851 1125 2889; x_wconf 80' lang='lat' dir='ltr'>Tinm&#39;o,</span> <span class='ocrx_word' id='word_1_751' title='bbox 1142 2852 1232 2882; x_wconf 86' lang='lat' dir='ltr'>solvo</span> <span class='ocrx_word' id='word_1_752' title='bbox 1248 2853 1438 2892; x_wconf 85' lang='lat' dir='ltr'>pecuniam.</span> <span class='ocrx_word' id='word_1_753' title='bbox 1467 2854 1539 2887; x_wconf 75' lang='lat' dir='ltr'>Att.</span> <span class='ocrx_word' id='word_1_754' title='bbox 1555 2855 1624 2887; x_wconf 72' lang='lat' dir='ltr'>xiv.</span> <span class='ocrx_word' id='word_1_755' title='bbox 1641 2856 1695 2888; x_wconf 72' lang='lat'>21·</span> 
     </span>
     <span class='ocr_line' id='line_1_129' title="bbox 954 2895 1419 2936; baseline 0.004 -10"><span class='ocrx_word' id='word_1_756' title='bbox 954 2896 982 2927; x_wconf 67' lang='lat' dir='ltr'>ni</span> <span class='ocrx_word' id='word_1_757' title='bbox 999 2895 1079 2936; x_wconf 82' lang='lat' dir='ltr'>quid</span> <span class='ocrx_word' id='word_1_758' title='bbox 1095 2895 1272 2928; x_wconf 82' lang='lat' dir='ltr'>Dolabella.</span> <span class='ocrx_word' id='word_1_759' title='bbox 1286 2898 1419 2929; x_wconf 65' lang='lat' dir='ltr'>tinniat.</span> 
     </span>
    </p>
   </div>
  </div>
 </body>
</html>
