1985 3206
732 87 878 116 INDEX
901 87 1036 114 LATIN
1044 87 1197 115 rrA'ris.

209 181 281 208 tate
297 181 415 207 cacata
435 176 551 206 oratio.
575 176 597 205 i.
614 185 643 206 e.
660 176 848 214 obscurata,
867 184 941 214 quae

212 220 353 259 intelligi
370 230 437 250 non
452 226 574 260 potest.

259 264 377 295 aecus.
409 264 549 304 passive,
576 273 635 303 pro
661 262 781 293 latens.
816 262 873 292 Or.
907 262 940 292 ii.

212 310 263 341 87.
288 317 338 337 rcs
362 317 461 337 creme.
501 307 579 345 Agr.
596 307 629 336 ii.
652 310 698 336 14.
723 316 782 336 cur
804 305 867 335 hoc
892 310 943 335 cst

210 356 281 380 tam
305 351 482 381 obscurum
507 356 607 389 atquc.
633 361 764 380 cacum.
794 348 942 379 *ca’cnm

212 395 337 424 faciens
365 400 400 424 et
424 395 614 423 obscurum.
647 393 719 423 Mil.
752 397 800 427 19.
836 402 943 432 neque

212 447 294 468 θεῖσα
319 448 384 468 nox
408 437 609 467 ostendisset
640 437 815 468 Milonem.
844 436 945 467 Dum.

220 485 267 511 10.
297 491 386 511 coecae
412 481 516 511 nubes
543 480 744 520 reipublicae.
785 481 898 520 Ligar.
919 483 945 510 1.

212 535 315 555 coecus
340 526 454 561 timor,
483 530 534 554 est
560 525 668 554 inanis
695 529 727 554 et
752 523 864 555 falsus.
905 523 946 553 ad

214 568 289 600 Div.
306 569 348 598 vi.
365 572 395 603 7.
419 578 537 598 cavam
554 568 684 598 timoris
704 574 924 597 tormentum.

263 612 409 642 Foelator.
438 612 532 641 Verr.
551 612 592 641 iv.
610 614 661 643 2¹4.
686 612 804 641 artifex
830 621 948 650 argi-n-

213 656 240 686 ti
273 655 426 693 cmlandi,
460 656 514 695 qui
548 656 645 694 signa
672 656 757 686 vasis
789 655 949 695 illiganda.

217 699 326 730 caelat.

264 744 411 774 (zelatus.
435 743 528 773 Verr.
553 742 573 772 i.
598 743 650 773 36.
682 742 723 772 iv.
751 745 799 776 19.
831 751 948 780 argen-

214 791 288 817 tum
328 788 479 817 coelatum
510 786 626 816 dicunt
661 796 737 816 vasa
775 792 947 824 argentea,

216 831 334 870 quibus
359 831 454 869 signa
477 835 548 859 arte
572 829 701 869 illigata
724 834 817 866 sunt,
834 835 873 858 ut
890 837 949 859 aut

216 879 289 905 tota
305 880 364 904 aut
387 873 561 904 dimidiata
583 874 769 910 emineant,
787 874 858 903 sine
875 873 948 911 qui-

217 918 278 947 bus
303 923 481 958 argentum
509 927 630 956 purum
658 922 719 947 est.
744 927 772 946 ν.
794 917 946 956 inprimis

218 961 356 992 Salmas.
379 961 420 991 ad
446 961 597 991 Solinum
624 972 655 1001 p.
679 964 752 995 735.
768 970 816 999 sq.
846 959 946 990 Tusc.

219 1006 240 1035 i.
258 1008 310 1035 35.
334 1010 426 1035 tecta
441 1006 567 1035 efflata.

267 1049 401 1086 (kelare,
417 1048 568 1088 sculpere
592 1046 702 1086 sigilla
725 1057 764 1077 ex
790 1057 870 1077 auro
890 1052 949 1077 aut

218 1100 372 1131 argento,
404 1092 492 1131 quod
523 1093 563 1121 fit
593 1090 684 1121 caeIO.
733 1091 809 1121 Div.
842 1092 862 1120 i.
896 1092 948 1121 36.

219 1135 315 1165 Hanc
346 1137 491 1175 speciem
530 1134 711 1165 Praxiteles
742 1136 867 1165 ecelswit
896 1144 950 1165 ar-

219 1185 331 1218 gento.
357 1179 495 1209 Salmas.
512 1179 533 1209 1.
551 1189 579 1208 c.
597 1185 631 1207 et
648 1188 679 1217 p.
696 1181 771 1212 774.

267 1223 464 1253 Ccerimonia.
488 1222 660 1252 sanctitas.
690 1222 787 1252 Rosc.
807 1222 949 1256 Αη1.39.

218 1268 403 1297 ccerimcmict
428 1267 614 1305 legationis,
650 1265 749 1296 Tusc.
777 1266 797 1295 i.
828 1268 876 1297 12.
901 1276 951 1295 sc-

219 1310 412 1350 pulcrorum
430 1311 618 1340 cerimonia.
635 1310 756 1339 *sacra
772 1310 852 1349 ipsa.
877 1309 950 1340 Mil.

219 1355 271 1385 2⁴2.
295 1356 484 1384 coerimonioe
498 1353 641 1383 violatae.
672 1353 711 1382 de
732 1353 832 1383 sacris
857 1353 950 1383 bonae

220 1398 315 1435 Deae,
346 1408 420 1437 quae
452 1397 586 1427 Clodius
617 1396 792 1438 polluerat.
830 1397 951 1426 *reve-

222 1443 331 1472 rentia
354 1443 517 1479 Deorum,
542 1441 612 1470 lnv.
638 1441 672 1470 ii.
698 1442 751 1472 22.
781 1447 891 1470 metus
917 1448 951 1471 et

220 1487 393 1515 cerimonia
410 1487 571 1516 Deorum.
596 1484 636 1513 cf.
655 1494 683 1513 c.
700 1487 752 1515 53.

270 1529 394 1560 Cfesim.
411 1530 469 1559 Or.
485 1530 537 1563 67.
554 1530 659 1558 caesim
675 1528 796 1564 dicere,
815 1529 836 1557 i.
849 1538 876 1558 e.
893 1538 952 1568 per

222 1573 339 1610 incisa,
357 1574 428 1602 sine
447 1572 742 1612 comprehensione
765 1572 949 1602 verborum.

271 1617 385 1647 czesus.
413 1616 530 1656 Topie.
548 1618 599 1646 ⁶25.
628 1620 705 1645 ruta
720 1621 755 1646 et
770 1626 850 1646 casa
869 1617 951 1646 reci-

224 1669 312 1701 pere.
337 1659 379 1690 cf.
403 1660 459 1690 Or.
477 1660 510 1690 ii.
529 1663 580 1691 55.
604 1670 633 1689 v.
652 1664 738 1689 ruta.
762 1659 833 1689 Att.
850 1670 879 1689 v.
901 1663 949 1690 18.

222 1705 310 1735 inter
323 1714 404 1734 caesa
420 1707 454 1734 et
470 1709 632 1743 porrecta.
650 1713 679 1733 V.
697 1708 861 1743 porrecta.

270 1746 398 1778 Coestus.
425 1754 475 1777 est
499 1747 606 1777 lorum
632 1746 731 1777 clavis
750 1746 877 1784 ferreis,
895 1747 949 1777 cui

223 1801 341 1822 manus
366 1791 482 1821 dextra
504 1790 709 1831 implicatur,
731 1795 770 1820 ut
794 1790 886 1830 pugil
910 1801 949 1820 eo

222 1835 339 1866 fortius
356 1835 453 1865 ferire
473 1835 587 1875 possit.
612 1834 754 1873 figuram
772 1835 842 1873 ojus
858 1834 949 1864 exhi-

223 1880 280 1909 bet
305 1879 446 1910 Zornius
475 1879 508 1908 in
536 1877 621 1908 ssibl.
648 1878 761 1917 Antiq.
788 1878 890 1916 Exeg.
917 1888 949 1919 p.

223 1925 298 1957 904.
320 1922 420 1952 Tusc.
437 1923 470 1952 ii.
492 1926 541 1957 17.
565 1922 708 1952 οιεείὶὸαε
724 1921 897 1952 contundi.

273 1967 516 1997 Calamistrum.
554 1966 819 1996 instrumentum
849 1965 951 1995 ferre-

223 2020 296 2047 um,
328 2020 393 2049 quo
432 2009 543 2049 capilli
581 2010 772 2049 crispantur
810 2008 949 2045 urendo,

224 2053 313 2084 unde
336 2055 565 2084 calamistrati.
595 2053 674 2083 hinc
697 2053 886 2083 traducitur
909 2052 950 2082 ad

226 2097 332 2127 nimia
349 2097 509 2127 orationis
523 2103 733 2127 ornamenta.
757 2107 786 2126 ν.
803 2107 832 2127 c.
856 2096 951 2127 Brut.

225 2144 278 2174 75.
301 2141 484 2170 orationem
502 2141 700 2171 calamistris
714 2140 858 2170 inurere.

275 2183 462 2214 Catamitus.
489 2187 671 2224 tempestas
706 2183 856 2222 frugibus
880 2194 955 2224 per-

226 2227 362 2257 niciosa.
385 2228 478 2258 Verr.
495 2228 540 2258 iii.
557 2231 609 2263 98.
633 2229 807 2258 calmm'las
821 2227 951 2258 fructu-

227 2280 295 2301 um.
313 2271 390 2301 hinc
404 2271 444 2301 ad
460 2272 659 2310 perniciosos
678 2271 827 2301 homines
844 2276 953 2301 trans-

224 2315 344 2352 fertur,
369 2315 426 2354 qui
452 2315 605 2345 civitates
632 2314 828 2355 compilant,
845 2314 954 2345 homi·

225 2367 350 2397 nesque
365 2368 398 2388 re
411 2358 568 2389 familiari
580 2362 748 2388 evertunt.
769 2359 822 2388 Sic
834 2358 952 2389 Verres

224 2402 259 2432 ii.
291 2406 343 2436 37.
386 2404 560 2433 calamitas
593 2401 781 2432 Siculorum
820 2402 953 2433 dicitur.

223 2446 398 2483 *jactura.
423 2445 575 2477 Lae1.<21.
606 2447 781 2477 calamitas
805 2445 840 2476 in
857 2447 954 2476 amit·

225 2489 334 2519 tendis
353 2490 521 2520 amicitiis.

275 2532 495 2564 Calamitosus.
522 2533 600 2572 Agr.
618 2532 652 2563 ii.
669 2535 720 2567 ⁶29.
745 2532 888 2571 vectigal
901 2544 955 2563 ca-

226 2577 425 2607 lamitosam.

274 2621 454 2651 Calantica.
482 2624 622 2659 tegmen
646 2621 778 2659 capitis,
795 2630 861 2660 quo
882 2629 956 2650 mu-

226 2661 323 2693 lieres
340 2664 533 2700 utebantur,
552 2664 647 2702 cujus
664 2674 762 2694 usum
780 2667 957 2704 propterea

227 2707 342 2738 Clodio
365 2708 480 2747 objicit
504 2708 620 2738 Cicero
645 2707 679 2737 111
705 2706 798 2738 Clod.
819 2717 871 2747 ap.
888 2707 956 2738 No-

227 2751 334 2781 nium.

277 2796 421 2826 (alceus.
444 2794 525 2826 Nat.
537 2794 580 2825 D.
595 2795 615 2825 i.
629 2797 681 2829 29.
698 2795 795 2825 calcei
807 2794 955 2835 repandi.

227 2847 256 2868 v.
273 2839 449 2878 repandus.

286 2883 450 2914 calcatas.
489 2882 562 2913 Fin.
594 2883 628 2913 ii.
662 2885 710 2916 19.
745 2881 957 2923 voluptatum

1637 74 1719 121 207

989 176 1122 205 calculis
1138 174 1321 204 subductis.
1346 173 1427 204 Lae1.
1450 174 1498 204 16.
1525 174 1565 204 ad
1582 176 1724 205 calculos

988 228 1117 248 vocare.
1134 217 1200 248 *de
1215 218 1292 248 ludo
1309 217 1483 249 duodecim
1502 219 1720 258 scriptorum:

989 261 1169 299 fragment.
1188 262 1343 292 Hortens.
1362 272 1392 301 p.
1410 264 1484 292 401.
1501 268 1540 291 ut
1555 264 1721 292 cucculum

990 306 1141 341 reducas,
1160 307 1186 335 si
1204 311 1236 335 te
1253 305 1320 335 dati
1339 306 1488 344 poenitet.

1039 349 1210 389 (Meliteia,
1234 348 1383 388 cats'aciO.
1416 359 1510 385 vexo,
1531 350 1636 388 agito,
1653 359 1722 379 mo-

991 392 1123 422 lestiam
1147 402 1235 429 erm,
1261 393 1434 430 neg-otium
1459 392 1555 423 facio.
1579 394 1644 433 Qu.
1672 393 1723 424 Fr.

991 437 1038 466 iii.
1054 439 1083 467 ⁶2.
1108 436 1224 466 eodem
1242 436 1293 465 die
1310 436 1490 466 Gabinium
1505 437 1545 466 ad
1560 436 1722 476 populum

992 480 1181 509 luculenter
1217 478 1408 518 calefecerat
1446 480 1638 510 Memmius.
1681 481 1723 512 ad

991 523 1067 554 Div.
1084 524 1150 553 viii.
1167 524 1197 553 6.
1228 524 1261 553 Si
1279 533 1332 553 vos
1360 523 1472 553 Parthi
1490 524 1572 554 nihil
1587 523 1724 564 caffaci-

992 572 1065 603 unt,
1091 577 1149 596 nos
1174 566 1227 596 hic
1250 566 1372 605 frigore
1396 567 1616 606 frigescimus.
1643 568 1723 599 ibid.

993 612 1056 641 xxi.
1077 614 1124 641 18.
1148 609 1272 649 ι’(ιζῙὶιεε
1289 611 1471 640 hominem.

1042 656 1143 685 (aleo.
1176 664 1285 683 vexor.
1310 654 1352 684 ad
1378 655 1454 684 Div.
1481 655 1546 684 viii.
1572 655 1602 685 6.
1632 665 1723 685 nunc

992 699 1087 728 calet.
1120 698 1139 715 ’⁴‘
1155 700 1261 728 calere
1283 697 1454 734 dicuntur,
1479 708 1552 737 quae
1577 699 1724 729 studiose

994 746 1153 780 aguntur,
1165 742 1350 780 jactantur.
1375 741 1518 781 Philipp.
1538 752 1567 771 v.
1584 745 1615 772 4.
1640 745 1725 773 eale-

995 787 1071 816 banc
1085 786 1255 815 nundinae.
1272 786 1385 816 Plane.
1398 788 1450 816 ⁶23.
1468 787 1594 816 crimen
1608 788 1723 824 caluit,

993 839 1027 859 re
1046 830 1184 859 recenti.
1202 830 1222 859 i.
1236 839 1264 859 e.
1281 829 1490 859 sermonibus
1508 829 1726 861 vehementer

987 873 1157 911 jactatum
1174 877 1236 903 est.
1275 872 1383 903 Simili
1401 874 1529 903 ratione
1546 874 1648 904 etiam
1666 874 1726 904 ho-

996 918 1101 946 mines
1119 916 1279 947 dicuntur
1298 919 1416 953 calere,
1432 920 1470 946 ut
1484 917 1579 946 Brut.
1593 918 1645 948 66.
1671 929 1725 948 ea—

996 962 1060 990 lere
1077 961 1110 990 in
1129 961 1269 999 agendo.
1294 960 1364 990 Att.
1383 970 1432 989 xv.
1451 962 1481 991 6.
1497 970 1539 991 an
1556 971 1629 999 ego,
1647 972 1726 992 cum

992 1014 1107 1034 omnes
1142 1006 1282 1041 caleant,
1317 1005 1482 1043 ignaviter
1515 1004 1642 1043 aliquid
1677 1006 1727 1036 fa·-

993 1048 1103 1078 ciam?
1129 1047 1248 1078 *vem
1267 1049 1287 1078 i.
1305 1049 1357 1079 26.
1380 1052 1556 1088 postquam
1573 1049 1653 1079 satis
1670 1060 1726 1079 ca-

994 1094 1058 1122 lere
1089 1102 1138 1122 res
1166 1091 1236 1122 visa
1258 1096 1319 1121 est.
1352 1091 1384 1121 h.
1411 1102 1440 1122 e.
1465 1096 1639 1131 postquam
1664 1094 1724 1124 visi

993 1138 1074 1166 sunt
1097 1136 1243 1165 convivae
1263 1136 1342 1166 satis
1359 1136 1435 1166 vino
1452 1137 1569 1174 catere,
1588 1138 1726 1168 animis·-

995 1189 1058 1218 que
1075 1188 1145 1208 esse
1163 1179 1334 1209 commoti.

1044 1223 1184 1252 (faticlas.
1212 1223 1276 1252 Off.
1309 1223 1329 1253 i.
1354 1225 1406 1253 24.

993 1266 1173 1296 temeraria
1189 1270 1222 1296 et
1237 1266 1433 1305 periculosa.

1042 1309 1168 1348 (illiga.
1192 1320 1297 1349 genus
1314 1310 1416 1340 calcei
1432 1310 1586 1342 militare.
1602 1311 1673 1342 Att.
1691 1312 1725 1342 ii.

994 1356 1023 1383 3.
1048 1354 1087 1384 de
1106 1354 1262 1394 Pompeio
1278 1366 1283 1383 :
1308 1353 1391 1384 mihi
1410 1355 1641 1395 ejus-caligne
1658 1366 1726 1387 non

994 1397 1181 1437 placebant.

1044 1441 1163 1479 Calfgo.
1208 1440 1278 1472 Fin.
1309 1451 1339 1470 v.
1373 1444 1422 1472 15.
1460 1452 1519 1482 per
1547 1444 1724 1483 caliginem

993 1485 1151 1515 cernitur.
1178 1486 1198 1515 i.
1218 1495 1247 1515 e.
1271 1485 1454 1516 obscurius.
1477 1486 1616 1516 *status
1641 1488 1723 1527 reip.

994 1529 1218 1568 perturbatus.
1243 1529 1318 1558 Sen.
1342 1539 1373 1568 p.
1392 1529 1472 1559 Red.
1489 1532 1519 1560 3.
1544 1532 1648 1569 caligo
1664 1541 1724 1561 an-

995 1573 1026 1603 ni
1046 1572 1147 1611 illius,
1167 1573 1205 1603 de
1222 1576 1372 1613 tempore
1390 1573 1560 1605 Clodiano.
1582 1585 1611 1605 v.
1629 1580 1725 1605 tene-

996 1617 1073 1646 brae.

1044 1659 1177 1690 Fallere.
1203 1659 1325 1689 callum
1343 1659 1477 1698 ducere,
1494 1661 1724 1694 obdurescere.

994 1703 1035 1734 ad
1060 1704 1134 1734 Div.
1152 1704 1193 1733 iv.
1212 1706 1241 1733 5.
1273 1705 1307 1733 in
1325 1703 1388 1734 illis
1405 1705 1501 1734 rebus
1521 1706 1724 1737 exercitatus

995 1747 1126 1777 animus
1139 1747 1211 1785 jam
1228 1749 1347 1777 callere
1362 1747 1471 1778 debet.

1044 1791 1158 1822 Galles.
1190 1792 1280 1820 Sext.
1309 1794 1338 1822 5.
1371 1791 1476 1822 Italiae
1502 1794 1599 1823 ealles
1625 1796 1725 1832 atque

995 1839 1166 1874 pastorum
1193 1834 1338 1865 stabula.
1367 1836 1454 1865 Sunt
1481 1837 1542 1867 viae
1567 1847 1726 1876 pecorum

995 1888 1036 1908 ex
1053 1879 1174 1908 aestivis
1191 1879 1397 1918 pastionibus
1415 1880 1448 1909 in
1465 1880 1619 1910 hibernas
1635 1891 1727 1911 com-

995 1923 1184 1953 meantium
1202 1926 1236 1952 et
1253 1926 1378 1953 contra.
1404 1933 1433 1952 v.
1447 1924 1558 1954 Ursin.
1575 1924 1616 1954 ad
1632 1924 1726 1955 Varr.

996 1966 1034 1996 R.
1060 1966 1099 1995 R.
1127 1966 1160 1996 ii.
1179 1968 1208 1997 2.
1246 1969 1293 1996 10.
1326 1966 1424 1997 Unde
1451 1967 1541 1997 silvae
1567 1970 1725 2007 callesque

988 2010 1194 2049 junguntur.
1213 2019 1242 2040 v.
1262 2009 1404 2050 Interpr.
1428 2011 1469 2040 ad
1485 2012 1623 2042 Sueten.
1641 2012 1727 2043 Caes.

1001 2056 1049 2088 19.
1081 2053 1215 2084 Cluent.
1241 2056 1293 2087 59.
1324 2058 1405 2084 sunt
1422 2054 1522 2085 colles
1538 2060 1725 2095 pastorum,

997 2097 1053 2127 ubi
1069 2096 1133 2135 leg.
1152 2097 1283 2127 videtur
1299 2097 1409 2127 calles.

1046 2140 1178 2171 Canale.
1217 2140 1460 2180 intelligente-r,
1489 2142 1638 2173 solerter.
1670 2143 1728 2174 Or.

997 2185 1018 2214 i.
1043 2186 1097 2215 ΩΟ.
1127 2184 1244 2213 callide
1269 2185 1390 2215 dicere.
1419 2186 1440 2216 i.
1463 2186 1640 2217 subtiliter.
1669 2187 1728 2217 Or.

997 2230 1049 2259 23.
1079 2228 1195 2257 callide
1217 2232 1251 2258 et
1273 2234 1392 2267 argute
1409 2229 1529 2260 dicere.
1555 2229 1678 2261 Caecin.
1697 2234 1727 2262 5.

999 2271 1083 2302 nihil
1099 2271 1215 2302 callide
1232 2272 1285 2310 agi
1302 2282 1406 2312 posse.

1047 2314 1202 2346 Callidus.
1233 2315 1313 2346 Nat.
1346 2316 1388 2346 D.
1420 2317 1465 2346 iii.
1501 2320 1550 2347 10.
1589 2317 1728 2348 Callida:

997 2368 1090 2396 voco,
1108 2369 1250 2399 quorum
1274 2362 1447 2399 tamquam
1472 2370 1591 2391 manus
1615 2371 1729 2401 opere,

998 2402 1045 2432 sic
1067 2404 1198 2433 animus
1216 2412 1278 2432 usu
1296 2403 1489 2435 concalluit.
1514 2404 1533 2422 *θ
1545 2404 1659 2443 solers,
1678 2406 1730 2436 in·

997 2445 1165 2485 telligeus.
1196 2446 1275 2476 Nat.
1301 2448 1343 2477 D.
1362 2448 1394 2477 ii.
1411 2451 1463 2482 57.
1500 2451 1622 2479 natura
1644 2448 1732 2480 nihil

999 2496 1050 2519 est
1065 2491 1227 2520 callidius.
1251 2489 1270 2508 ’ἦ
1283 2490 1321 2520 de
1338 2497 1468 2522 oratore
1485 2496 1537 2523 est
1550 2492 1680 2523 subtilis
1695 2497 1731 2523 et

999 2537 1129 2564 acutus.
1147 2544 1176 2563 v.
1195 2544 1223 2564 e.
1240 2534 1296 2564 Or.
1315 2538 1345 2568 7.

1047 2578 1187 2608 Callum.
1223 2578 1324 2608 Tusc.
1356 2579 1390 2609 ii.
1419 2581 1468 2609 15.
1497 2578 1606 2610 Labor
1636 2580 1732 2619 quasi

999 2623 1122 2651 callum
1146 2621 1282 2651 obducit
1305 2621 1419 2652 dolori.
1445 2623 1521 2653 ibid.
1539 2624 1585 2654 iii.
1601 2625 1654 2653 22.
1681 2623 1731 2653 di·

999 2669 1124 2696 uturna
1139 2666 1298 2703 cogitatio
1315 2667 1435 2696 animis
1448 2668 1571 2696 callum
1584 2670 1732 2698 vetusta·

999 2709 1043 2739 tis
1056 2709 1252 2740 obduxerat.

1050 2752 1238 2783 calumnias.
1264 2751 1316 2790 lis,
1329 2763 1430 2792 quam
1447 2753 1548 2783 alicui
1564 2754 1635 2784 sine
1653 2764 1732 2785 cau-

1001 2806 1037 2826 sa
1061 2796 1281 2834 intendimus,
1298 2801 1337 2827 ut
1352 2797 1382 2829 ei
1404 2797 1606 2835 molestiam,
1624 2803 1659 2828 et
1675 2808 1732 2838 pe·

1001 2839 1145 2870 riculum
1177 2849 1340 2870 creemus.
1375 2840 1447 2870 Mil.
1476 2843 1528 2874 97.
1558 2842 1732 2872 calumnia

1001 2883 1115 2914 litium
1132 2883 1252 2915 fundos
1269 2883 1395 2914 alienos
1412 2884 1560 2925 petebat.
1582 2885 1624 2926 Ω.
1641 2885 1692 2917 Fr.
1709 2886 1732 2918 i.

1444 1223 1551 1254 calida
1575 1223 1725 1255 consilia.
