<?xml version="1.0" encoding="UTF-8"?>
<!DOCTYPE html PUBLIC "-//W3C//DTD XHTML 1.0 Transitional//EN"
    "http://www.w3.org/TR/xhtml1/DTD/xhtml1-transitional.dtd">
<html xmlns="http://www.w3.org/1999/xhtml" xml:lang="en" lang="en">
 <head>
  <title>
</title>
<meta http-equiv="Content-Type" content="text/html;charset=utf-8" />
  <meta name='ocr-system' content='tesseract 3.04.00' />
  <meta name='ocr-capabilities' content='ocr_page ocr_carea ocr_par ocr_line ocrx_word'/>
</head>
<body>
  <div class='ocr_page' id='page_1' title='image "./clavisciceronian00erneuoft/clavisciceronian00erneuoft_0011.png"; bbox 0 0 1985 3206; ppageno 0'>
   <div class='ocr_carea' id='block_1_1' title="bbox 629 141 1727 188">
    <p class='ocr_par' dir='ltr' id='par_1_1' title="bbox 629 141 1727 188">
     <span class='ocr_line' id='line_1_1' title="bbox 629 141 1727 188; baseline -0.005 0"><span class='ocrx_word' id='word_1_1' title='bbox 629 144 1010 188; x_wconf 83' lang='lat' dir='ltr'><strong>EDITIONIS</strong></span> <span class='ocrx_word' id='word_1_2' title='bbox 1062 141 1329 183; x_wconf 72' lang='lat' dir='ltr'><strong>PRIMAE.</strong></span> <span class='ocrx_word' id='word_1_3' title='bbox 1702 146 1727 183; x_wconf 90' lang='lat'><strong><em>5</em></strong></span> 
     </span>
    </p>
   </div>
   <div class='ocr_carea' id='block_1_2' title="bbox 223 254 1781 2986">
    <p class='ocr_par' dir='ltr' id='par_1_2' title="bbox 230 254 1726 772">
     <span class='ocr_line' id='line_1_2' title="bbox 231 254 1726 319; baseline -0.007 -15"><span class='ocrx_word' id='word_1_4' title='bbox 231 277 359 319; x_wconf 71' lang='lat' dir='ltr'>quam</span> <span class='ocrx_word' id='word_1_5' title='bbox 390 261 514 303; x_wconf 85' lang='lat' dir='ltr'>facile</span> <span class='ocrx_word' id='word_1_6' title='bbox 544 259 822 316; x_wconf 77' lang='lat' dir='ltr'>intelligimus</span> <span class='ocrx_word' id='word_1_7' title='bbox 856 258 959 308; x_wconf 87' lang='lat' dir='ltr'>fore,</span> <span class='ocrx_word' id='word_1_8' title='bbox 982 257 1055 312; x_wconf 87' lang='lat' dir='ltr'>qui</span> <span class='ocrx_word' id='word_1_9' title='bbox 1081 271 1226 298; x_wconf 85' lang='lat' dir='ltr'>earum</span> <span class='ocrx_word' id='word_1_10' title='bbox 1248 256 1375 296; x_wconf 84' lang='lat' dir='ltr'>etiam</span> <span class='ocrx_word' id='word_1_11' title='bbox 1409 254 1585 296; x_wconf 86' lang='lat' dir='ltr'>nomina</span> <span class='ocrx_word' id='word_1_12' title='bbox 1607 269 1726 296; x_wconf 74' lang='lat' dir='ltr'>com.-</span> 
     </span>
     <span class='ocr_line' id='line_1_3' title="bbox 230 312 1725 373; baseline -0.005 -13"><span class='ocrx_word' id='word_1_13' title='bbox 230 328 466 360; x_wconf 85' lang='lat' dir='ltr'>memorata</span> <span class='ocrx_word' id='word_1_14' title='bbox 497 318 666 367; x_wconf 84' lang='lat' dir='ltr'>vellent,</span> <span class='ocrx_word' id='word_1_15' title='bbox 688 331 868 373; x_wconf 87' lang='lat' dir='ltr'>quarum</span> <span class='ocrx_word' id='word_1_16' title='bbox 900 316 962 355; x_wconf 85' lang='lat' dir='ltr'>vis</span> <span class='ocrx_word' id='word_1_17' title='bbox 995 324 1162 356; x_wconf 84' lang='lat' dir='ltr'>tantum</span> <span class='ocrx_word' id='word_1_18' title='bbox 1195 324 1238 354; x_wconf 88' lang='lat' dir='ltr'>et</span> <span class='ocrx_word' id='word_1_19' title='bbox 1269 314 1481 353; x_wconf 88' lang='lat' dir='ltr'>sententia</span> <span class='ocrx_word' id='word_1_20' title='bbox 1503 312 1725 353; x_wconf 74' lang='lat' dir='ltr'>Ciceronis</span> 
     </span>
     <span class='ocr_line' id='line_1_4' title="bbox 231 369 1726 430; baseline -0.005 -14"><span class='ocrx_word' id='word_1_21' title='bbox 231 377 365 427; x_wconf 81' lang='lat' dir='ltr'>libris,</span> <span class='ocrx_word' id='word_1_22' title='bbox 396 391 480 416; x_wconf 91' lang='lat' dir='ltr'>non</span> <span class='ocrx_word' id='word_1_23' title='bbox 518 375 688 430; x_wconf 77' lang='lat' dir='ltr'>adjecto</span> <span class='ocrx_word' id='word_1_24' title='bbox 717 374 904 422; x_wconf 82' lang='lat' dir='ltr'>nominc,</span> <span class='ocrx_word' id='word_1_25' title='bbox 938 373 1197 413; x_wconf 70' lang='lat' dir='ltr'>continetur.</span> <span class='ocrx_word' id='word_1_26' title='bbox 1260 370 1326 411; x_wconf 86' lang='lat' dir='ltr'>De</span> <span class='ocrx_word' id='word_1_27' title='bbox 1360 371 1545 425; x_wconf 83' lang='lat' dir='ltr'>ipsarum</span> <span class='ocrx_word' id='word_1_28' title='bbox 1581 369 1726 424; x_wconf 80' lang='lat' dir='ltr'>legum</span> 
     </span>
     <span class='ocr_line' id='line_1_5' title="bbox 232 426 1724 484; baseline -0.005 -11"><span class='ocrx_word' id='word_1_29' title='bbox 232 433 494 483; x_wconf 80' lang='lat' dir='ltr'>auctoribus,</span> <span class='ocrx_word' id='word_1_30' title='bbox 518 441 659 481; x_wconf 80' lang='lat' dir='ltr'>aetate,</span> <span class='ocrx_word' id='word_1_31' title='bbox 683 432 755 471; x_wconf 91' lang='lat' dir='ltr'>ubi</span> <span class='ocrx_word' id='word_1_32' title='bbox 787 430 959 484; x_wconf 87' lang='lat' dir='ltr'>quidem</span> <span class='ocrx_word' id='word_1_33' title='bbox 988 430 1039 469; x_wconf 85' lang='lat' dir='ltr'>de</span> <span class='ocrx_word' id='word_1_34' title='bbox 1069 444 1119 469; x_wconf 86' lang='lat' dir='ltr'>ea</span> <span class='ocrx_word' id='word_1_35' title='bbox 1141 428 1382 477; x_wconf 75' lang='lat' dir='ltr'>constabat,</span> <span class='ocrx_word' id='word_1_36' title='bbox 1413 426 1724 481; x_wconf 75' lang='lat' dir='ltr'>sententiaque,</span> 
     </span>
     <span class='ocr_line' id='line_1_6' title="bbox 232 483 1725 546; baseline -0.005 -16"><span class='ocrx_word' id='word_1_37' title='bbox 232 490 276 530; x_wconf 87' lang='lat' dir='ltr'>in</span> <span class='ocrx_word' id='word_1_38' title='bbox 300 491 448 546; x_wconf 81' lang='lat' dir='ltr'>primis</span> <span class='ocrx_word' id='word_1_39' title='bbox 469 505 522 530; x_wconf 81' lang='lat' dir='ltr'>ex</span> <span class='ocrx_word' id='word_1_40' title='bbox 547 489 769 537; x_wconf 84' lang='lat' dir='ltr'>Cicerone,</span> <span class='ocrx_word' id='word_1_41' title='bbox 793 488 864 528; x_wconf 88' lang='lat' dir='ltr'>scd</span> <span class='ocrx_word' id='word_1_42' title='bbox 886 486 1099 527; x_wconf 85' lang='lat' dir='ltr'>interdum</span> <span class='ocrx_word' id='word_1_43' title='bbox 1122 485 1251 526; x_wconf 82' lang='lat' dir='ltr'>ctiam</span> <span class='ocrx_word' id='word_1_44' title='bbox 1270 499 1324 524; x_wconf 87' lang='lat' dir='ltr'>ex</span> <span class='ocrx_word' id='word_1_45' title='bbox 1358 483 1465 533; x_wconf 86' lang='lat' dir='ltr'>aliis,</span> <span class='ocrx_word' id='word_1_46' title='bbox 1487 498 1583 524; x_wconf 90' lang='lat' dir='ltr'>cum</span> <span class='ocrx_word' id='word_1_47' title='bbox 1609 493 1725 523; x_wconf 80' lang='lat' dir='ltr'>vete-</span> 
     </span>
     <span class='ocr_line' id='line_1_7' title="bbox 231 541 1722 597; baseline -0.004 -10"><span class='ocrx_word' id='word_1_48' title='bbox 231 547 364 597; x_wconf 82' lang='lat' dir='ltr'>ribus,</span> <span class='ocrx_word' id='word_1_49' title='bbox 397 556 486 587; x_wconf 89' lang='lat' dir='ltr'>tum</span> <span class='ocrx_word' id='word_1_50' title='bbox 526 545 833 586; x_wconf 83' lang='lat' dir='ltr'>recentioribus</span> <span class='ocrx_word' id='word_1_51' title='bbox 872 544 1135 593; x_wconf 84' lang='lat' dir='ltr'>auctoribus,</span> <span class='ocrx_word' id='word_1_52' title='bbox 1170 542 1355 582; x_wconf 73' lang='lat' dir='ltr'>breviter</span> <span class='ocrx_word' id='word_1_53' title='bbox 1384 541 1722 596; x_wconf 81' lang='lat' dir='ltr'>disputavimus:</span> 
     </span>
     <span class='ocr_line' id='line_1_8' title="bbox 231 597 1724 658; baseline -0.005 -14"><span class='ocrx_word' id='word_1_54' title='bbox 231 603 275 644; x_wconf 87' lang='lat' dir='ltr'>in</span> <span class='ocrx_word' id='word_1_55' title='bbox 298 618 384 658; x_wconf 85' lang='lat' dir='ltr'>quo</span> <span class='ocrx_word' id='word_1_56' title='bbox 403 604 602 658; x_wconf 79' lang='lat' dir='ltr'>quaedam</span> <span class='ocrx_word' id='word_1_57' title='bbox 625 602 837 658; x_wconf 86' lang='lat' dir='ltr'>reperient</span> <span class='ocrx_word' id='word_1_58' title='bbox 868 601 1016 641; x_wconf 85' lang='lat' dir='ltr'>harum</span> <span class='ocrx_word' id='word_1_59' title='bbox 1045 614 1184 640; x_wconf 86' lang='lat' dir='ltr'>rerum</span> <span class='ocrx_word' id='word_1_60' title='bbox 1216 598 1516 654; x_wconf 76' lang='lat' dir='ltr'>intelligentes,</span> <span class='ocrx_word' id='word_1_61' title='bbox 1539 599 1592 637; x_wconf 90' lang='lat' dir='ltr'>ab</span> <span class='ocrx_word' id='word_1_62' title='bbox 1615 597 1724 647; x_wconf 84' lang='lat' dir='ltr'>aliis,</span> 
     </span>
     <span class='ocr_line' id='line_1_9' title="bbox 232 654 1724 710; baseline -0.004 -10"><span class='ocrx_word' id='word_1_63' title='bbox 232 670 306 700; x_wconf 84' lang='lat' dir='ltr'>aut</span> <span class='ocrx_word' id='word_1_64' title='bbox 337 675 421 700; x_wconf 86' lang='lat' dir='ltr'>non</span> <span class='ocrx_word' id='word_1_65' title='bbox 443 661 572 710; x_wconf 76' lang='lat' dir='ltr'>dicta,</span> <span class='ocrx_word' id='word_1_66' title='bbox 595 668 669 699; x_wconf 84' lang='lat' dir='ltr'>aut</span> <span class='ocrx_word' id='word_1_67' title='bbox 691 674 774 699; x_wconf 89' lang='lat' dir='ltr'>non</span> <span class='ocrx_word' id='word_1_68' title='bbox 809 659 910 698; x_wconf 85' lang='lat' dir='ltr'>satis</span> <span class='ocrx_word' id='word_1_69' title='bbox 942 657 1163 708; x_wconf 84' lang='lat' dir='ltr'>illustrata,</span> <span class='ocrx_word' id='word_1_70' title='bbox 1187 665 1404 710; x_wconf 88' lang='lat' dir='ltr'>tamquam</span> <span class='ocrx_word' id='word_1_71' title='bbox 1423 655 1476 696; x_wconf 89' lang='lat' dir='ltr'>de</span> <span class='ocrx_word' id='word_1_72' title='bbox 1507 663 1634 695; x_wconf 84' lang='lat' dir='ltr'>aetate</span> <span class='ocrx_word' id='word_1_73' title='bbox 1666 654 1724 694; x_wconf 89' lang='lat' dir='ltr'>le-</span> 
     </span>
     <span class='ocr_line' id='line_1_10' title="bbox 233 714 1011 772; baseline -0.001 -16"><span class='ocrx_word' id='word_1_74' title='bbox 233 718 298 772; x_wconf 84' lang='lat' dir='ltr'>gis</span> <span class='ocrx_word' id='word_1_75' title='bbox 321 717 472 758; x_wconf 72' lang='lat' dir='ltr'>Aciliae</span> <span class='ocrx_word' id='word_1_76' title='bbox 496 718 547 757; x_wconf 91' lang='lat' dir='ltr'>de</span> <span class='ocrx_word' id='word_1_77' title='bbox 570 715 829 772; x_wconf 85' lang='lat' dir='ltr'>repetundis,</span> <span class='ocrx_word' id='word_1_78' title='bbox 852 726 895 755; x_wconf 89' lang='lat' dir='ltr'>et</span> <span class='ocrx_word' id='word_1_79' title='bbox 915 714 1011 755; x_wconf 90' lang='lat' dir='ltr'>alia.</span> 
     </span>
    </p>

    <p class='ocr_par' dir='ltr' id='par_1_3' title="bbox 223 769 1781 2946">
     <span class='ocr_line' id='line_1_11' title="bbox 287 769 1723 830; baseline -0.003 -16"><span class='ocrx_word' id='word_1_80' title='bbox 287 775 533 829; x_wconf 76' lang='lat' dir='ltr'>Sequuntur</span> <span class='ocrx_word' id='word_1_81' title='bbox 572 772 890 830; x_wconf 72' lang='lat' dir='ltr'>Geograplzz&#39;cns,</span> <span class='ocrx_word' id='word_1_82' title='bbox 932 771 1178 811; x_wconf 84' lang='lat' dir='ltr'>nominibus</span> <span class='ocrx_word' id='word_1_83' title='bbox 1221 770 1410 810; x_wconf 85' lang='lat' dir='ltr'>tribuum</span> <span class='ocrx_word' id='word_1_84' title='bbox 1451 769 1580 810; x_wconf 85' lang='lat' dir='ltr'>Rom.</span> <span class='ocrx_word' id='word_1_85' title='bbox 1623 770 1723 810; x_wconf 87' lang='lat' dir='ltr'>sub-</span> 
     </span>
     <span class='ocr_line' id='line_1_12' title="bbox 223 827 1725 886; baseline -0.004 -14"><span class='ocrx_word' id='word_1_86' title='bbox 223 830 371 886; x_wconf 83' lang='lat' dir='ltr'>jectiS,</span> <span class='ocrx_word' id='word_1_87' title='bbox 402 840 445 872; x_wconf 83' lang='lat' dir='ltr'>et</span> <span class='ocrx_word' id='word_1_88' title='bbox 481 831 727 881; x_wconf 53' lang='lat' dir='ltr'>Historia-us,</span> <span class='ocrx_word' id='word_1_89' title='bbox 756 830 799 870; x_wconf 91' lang='lat' dir='ltr'>in</span> <span class='ocrx_word' id='word_1_90' title='bbox 836 843 962 884; x_wconf 88' lang='lat' dir='ltr'>quem</span> <span class='ocrx_word' id='word_1_91' title='bbox 990 829 1136 869; x_wconf 84' lang='lat' dir='ltr'>onmia</span> <span class='ocrx_word' id='word_1_92' title='bbox 1166 828 1343 868; x_wconf 85' lang='lat' dir='ltr'>nomina</span> <span class='ocrx_word' id='word_1_93' title='bbox 1372 827 1546 882; x_wconf 87' lang='lat' dir='ltr'>propria</span> <span class='ocrx_word' id='word_1_94' title='bbox 1578 827 1725 882; x_wconf 84' lang='lat' dir='ltr'>conje-</span> 
     </span>
     <span class='ocr_line' id='line_1_13' title="bbox 231 883 1723 940; baseline -0.004 -11"><span class='ocrx_word' id='word_1_95' title='bbox 231 888 381 938; x_wconf 85' lang='lat' dir='ltr'>cimus,</span> <span class='ocrx_word' id='word_1_96' title='bbox 431 903 515 929; x_wconf 91' lang='lat' dir='ltr'>non</span> <span class='ocrx_word' id='word_1_97' title='bbox 568 888 704 928; x_wconf 84' lang='lat' dir='ltr'>solum</span> <span class='ocrx_word' id='word_1_98' title='bbox 756 887 995 937; x_wconf 90' lang='lat' dir='ltr'>hominum,</span> <span class='ocrx_word' id='word_1_99' title='bbox 1025 886 1110 926; x_wconf 52' lang='lat' dir='ltr'>xsed</span> <span class='ocrx_word' id='word_1_100' title='bbox 1150 894 1360 925; x_wconf 87' lang='lat' dir='ltr'>sectarum</span> <span class='ocrx_word' id='word_1_101' title='bbox 1403 883 1723 940; x_wconf 85' lang='lat' dir='ltr'>philosophica-</span> 
     </span>
     <span class='ocr_line' id='line_1_14' title="bbox 232 942 1722 1000; baseline -0.003 -15"><span class='ocrx_word' id='word_1_102' title='bbox 232 960 340 996; x_wconf 89' lang='lat' dir='ltr'>rum,</span> <span class='ocrx_word' id='word_1_103' title='bbox 363 945 654 1000; x_wconf 83' lang='lat' dir='ltr'>festorumque</span> <span class='ocrx_word' id='word_1_104' title='bbox 675 944 854 985; x_wconf 88' lang='lat' dir='ltr'>dierum.</span> <span class='ocrx_word' id='word_1_105' title='bbox 916 942 966 983; x_wconf 90' lang='lat' dir='ltr'>In</span> <span class='ocrx_word' id='word_1_106' title='bbox 995 943 1060 983; x_wconf 78' lang='lat' dir='ltr'>liis</span> <span class='ocrx_word' id='word_1_107' title='bbox 1092 942 1349 983; x_wconf 81' lang='lat' dir='ltr'>illustrandis</span> <span class='ocrx_word' id='word_1_108' title='bbox 1372 942 1512 997; x_wconf 89' lang='lat' dir='ltr'>primo</span> <span class='ocrx_word' id='word_1_109' title='bbox 1534 956 1583 982; x_wconf 88' lang='lat' dir='ltr'>ea</span> <span class='ocrx_word' id='word_1_110' title='bbox 1604 956 1722 982; x_wconf 90' lang='lat' dir='ltr'>com-</span> 
     </span>
     <span class='ocr_line' id='line_1_15' title="bbox 230 999 1722 1057; baseline -0.003 -14"><span class='ocrx_word' id='word_1_111' title='bbox 230 1003 577 1053; x_wconf 76' lang='lat' dir='ltr'>memoravimus,</span> <span class='ocrx_word' id='word_1_112' title='bbox 609 1017 706 1057; x_wconf 77' lang='lat' dir='ltr'>quae</span> <span class='ocrx_word' id='word_1_113' title='bbox 739 1002 791 1042; x_wconf 90' lang='lat' dir='ltr'>de</span> <span class='ocrx_word' id='word_1_114' title='bbox 827 1001 878 1041; x_wconf 87' lang='lat' dir='ltr'>iis</span> <span class='ocrx_word' id='word_1_115' title='bbox 917 1001 960 1040; x_wconf 91' lang='lat' dir='ltr'>in</span> <span class='ocrx_word' id='word_1_116' title='bbox 996 999 1205 1041; x_wconf 85' lang='lat' dir='ltr'>Cicerone</span> <span class='ocrx_word' id='word_1_117' title='bbox 1240 999 1536 1039; x_wconf 77' lang='lat' dir='ltr'>memorabilia</span> <span class='ocrx_word' id='word_1_118' title='bbox 1572 1014 1722 1040; x_wconf 88' lang='lat' dir='ltr'>occur-</span> 
     </span>
     <span class='ocr_line' id='line_1_16' title="bbox 231 1056 1722 1114; baseline -0.002 -14"><span class='ocrx_word' id='word_1_119' title='bbox 231 1069 356 1111; x_wconf 85' lang='lat' dir='ltr'>runt;</span> <span class='ocrx_word' id='word_1_120' title='bbox 384 1060 539 1100; x_wconf 83' lang='lat' dir='ltr'>deinde</span> <span class='ocrx_word' id='word_1_121' title='bbox 560 1058 655 1110; x_wconf 85' lang='lat' dir='ltr'>alia,</span> <span class='ocrx_word' id='word_1_122' title='bbox 677 1074 773 1114; x_wconf 79' lang='lat' dir='ltr'>quae</span> <span class='ocrx_word' id='word_1_123' title='bbox 797 1058 920 1098; x_wconf 86' lang='lat' dir='ltr'>nobis</span> <span class='ocrx_word' id='word_1_124' title='bbox 946 1057 1184 1098; x_wconf 87' lang='lat' dir='ltr'>necessaria</span> <span class='ocrx_word' id='word_1_125' title='bbox 1205 1056 1473 1106; x_wconf 88' lang='lat' dir='ltr'>videbantur,</span> <span class='ocrx_word' id='word_1_126' title='bbox 1497 1064 1570 1097; x_wconf 85' lang='lat' dir='ltr'>aut</span> <span class='ocrx_word' id='word_1_127' title='bbox 1600 1072 1624 1096; x_wconf 81' lang='lat' dir='ltr'>a</span> <span class='ocrx_word' id='word_1_128' title='bbox 1646 1071 1722 1097; x_wconf 92' lang='lat' dir='ltr'>no-</span> 
     </span>
     <span class='ocr_line' id='line_1_17' title="bbox 231 1114 1725 1170; baseline -0.002 -13"><span class='ocrx_word' id='word_1_129' title='bbox 231 1117 297 1158; x_wconf 89' lang='lat' dir='ltr'>bis</span> <span class='ocrx_word' id='word_1_130' title='bbox 328 1118 553 1157; x_wconf 77' lang='lat' dir='ltr'>observata</span> <span class='ocrx_word' id='word_1_131' title='bbox 581 1127 716 1157; x_wconf 87' lang='lat' dir='ltr'>erant.</span> <span class='ocrx_word' id='word_1_132' title='bbox 777 1114 888 1156; x_wconf 89' lang='lat' dir='ltr'>Illud</span> <span class='ocrx_word' id='word_1_133' title='bbox 919 1124 1061 1156; x_wconf 88' lang='lat' dir='ltr'>autem</span> <span class='ocrx_word' id='word_1_134' title='bbox 1094 1114 1287 1170; x_wconf 86' lang='lat' dir='ltr'>inprimis</span> <span class='ocrx_word' id='word_1_135' title='bbox 1310 1127 1484 1169; x_wconf 82' lang='lat' dir='ltr'>operam</span> <span class='ocrx_word' id='word_1_136' title='bbox 1514 1114 1725 1166; x_wconf 83' lang='lat' dir='ltr'>dedimus,</span> 
     </span>
     <span class='ocr_line' id='line_1_18' title="bbox 230 1169 1724 1227; baseline -0.001 -13"><span class='ocrx_word' id='word_1_137' title='bbox 230 1183 278 1214; x_wconf 87' lang='lat' dir='ltr'>ut</span> <span class='ocrx_word' id='word_1_138' title='bbox 327 1173 508 1215; x_wconf 81' lang='lat' dir='ltr'>familias</span> <span class='ocrx_word' id='word_1_139' title='bbox 561 1173 793 1223; x_wconf 83' lang='lat' dir='ltr'>Romanas,</span> <span class='ocrx_word' id='word_1_140' title='bbox 835 1182 1053 1227; x_wconf 83' lang='lat' dir='ltr'>tamquam</span> <span class='ocrx_word' id='word_1_141' title='bbox 1094 1171 1351 1227; x_wconf 88' lang='lat' dir='ltr'>Appiorum,</span> <span class='ocrx_word' id='word_1_142' title='bbox 1402 1169 1724 1222; x_wconf 84' lang='lat' dir='ltr'>Marcellorum,</span> 
     </span>
     <span class='ocr_line' id='line_1_19' title="bbox 232 1229 1724 1286; baseline -0.001 -15"><span class='ocrx_word' id='word_1_143' title='bbox 232 1230 500 1286; x_wconf 83' lang='lat' dir='ltr'>Scipionum,</span> <span class='ocrx_word' id='word_1_144' title='bbox 546 1230 867 1286; x_wconf 86' lang='lat' dir='ltr'>Pompeiorum,</span> <span class='ocrx_word' id='word_1_145' title='bbox 909 1229 1186 1270; x_wconf 84' lang='lat' dir='ltr'>Metellorum</span> <span class='ocrx_word' id='word_1_146' title='bbox 1222 1230 1301 1269; x_wconf 82' lang='lat' dir='ltr'>&amp;c.</span> <span class='ocrx_word' id='word_1_147' title='bbox 1340 1237 1553 1279; x_wconf 75' lang='lat' dir='ltr'>accurate,</span> <span class='ocrx_word' id='word_1_148' title='bbox 1588 1243 1724 1283; x_wconf 87' lang='lat' dir='ltr'>quan-</span> 
     </span>
     <span class='ocr_line' id='line_1_20' title="bbox 231 1285 1726 1344; baseline -0.001 -15"><span class='ocrx_word' id='word_1_149' title='bbox 231 1297 323 1328; x_wconf 82' lang='lat' dir='ltr'>tum</span> <span class='ocrx_word' id='word_1_150' title='bbox 366 1303 600 1344; x_wconf 86' lang='lat' dir='ltr'>possemus,</span> <span class='ocrx_word' id='word_1_151' title='bbox 633 1288 935 1344; x_wconf 83' lang='lat' dir='ltr'>digereremus,</span> <span class='ocrx_word' id='word_1_152' title='bbox 970 1287 1159 1327; x_wconf 87' lang='lat' dir='ltr'>diversos</span> <span class='ocrx_word' id='word_1_153' title='bbox 1197 1285 1389 1341; x_wconf 83' lang='lat' dir='ltr'>ejusdem</span> <span class='ocrx_word' id='word_1_154' title='bbox 1425 1285 1611 1326; x_wconf 89' lang='lat' dir='ltr'>nominis</span> <span class='ocrx_word' id='word_1_155' title='bbox 1647 1286 1726 1327; x_wconf 89' lang='lat' dir='ltr'>ho-</span> 
     </span>
     <span class='ocr_line' id='line_1_21' title="bbox 231 1342 1727 1401; baseline -0.001 -15"><span class='ocrx_word' id='word_1_156' title='bbox 231 1346 382 1395; x_wconf 87' lang='lat' dir='ltr'>mines,</span> <span class='ocrx_word' id='word_1_157' title='bbox 404 1345 573 1400; x_wconf 80' lang='lat' dir='ltr'>adjecto</span> <span class='ocrx_word' id='word_1_158' title='bbox 596 1355 668 1386; x_wconf 89' lang='lat' dir='ltr'>aut</span> <span class='ocrx_word' id='word_1_159' title='bbox 700 1344 967 1401; x_wconf 86' lang='lat' dir='ltr'>pronomine,</span> <span class='ocrx_word' id='word_1_160' title='bbox 990 1359 1015 1384; x_wconf 88' lang='lat' dir='ltr'>a</span> <span class='ocrx_word' id='word_1_161' title='bbox 1038 1343 1249 1385; x_wconf 85' lang='lat' dir='ltr'>Cicerone</span> <span class='ocrx_word' id='word_1_162' title='bbox 1271 1342 1444 1393; x_wconf 84' lang='lat' dir='ltr'>omisso,</span> <span class='ocrx_word' id='word_1_163' title='bbox 1466 1352 1540 1383; x_wconf 87' lang='lat' dir='ltr'>aut</span> <span class='ocrx_word' id='word_1_164' title='bbox 1562 1358 1727 1399; x_wconf 81' lang='lat' dir='ltr'>cogno-</span> 
     </span>
     <span class='ocr_line' id='line_1_22' title="bbox 230 1401 1725 1458; baseline -0.002 -15"><span class='ocrx_word' id='word_1_165' title='bbox 230 1401 360 1452; x_wconf 84' lang='lat' dir='ltr'>mine,</span> <span class='ocrx_word' id='word_1_166' title='bbox 382 1411 454 1442; x_wconf 88' lang='lat' dir='ltr'>aut</span> <span class='ocrx_word' id='word_1_167' title='bbox 482 1411 706 1458; x_wconf 90' lang='lat' dir='ltr'>parentum</span> <span class='ocrx_word' id='word_1_168' title='bbox 738 1402 984 1443; x_wconf 88' lang='lat' dir='ltr'>nominibus</span> <span class='ocrx_word' id='word_1_169' title='bbox 1006 1401 1380 1457; x_wconf 72' lang='lat' dir='ltr'>distingueremUS,</span> <span class='ocrx_word' id='word_1_170' title='bbox 1403 1415 1489 1455; x_wconf 90' lang='lat' dir='ltr'>quo</span> <span class='ocrx_word' id='word_1_171' title='bbox 1511 1401 1725 1456; x_wconf 79' lang='lat' dir='ltr'>neglecto,</span> 
     </span>
     <span class='ocr_line' id='line_1_23' title="bbox 234 1457 1728 1514; baseline 0 -15"><span class='ocrx_word' id='word_1_172' title='bbox 234 1473 370 1514; x_wconf 88' lang='lat' dir='ltr'>neque</span> <span class='ocrx_word' id='word_1_173' title='bbox 395 1459 547 1501; x_wconf 89' lang='lat' dir='ltr'>Cicero</span> <span class='ocrx_word' id='word_1_174' title='bbox 570 1460 670 1500; x_wconf 85' lang='lat' dir='ltr'>satis</span> <span class='ocrx_word' id='word_1_175' title='bbox 694 1459 891 1514; x_wconf 81' lang='lat' dir='ltr'>intelligi,</span> <span class='ocrx_word' id='word_1_176' title='bbox 914 1473 1052 1514; x_wconf 88' lang='lat' dir='ltr'>neque</span> <span class='ocrx_word' id='word_1_177' title='bbox 1073 1458 1145 1499; x_wconf 87' lang='lat' dir='ltr'>hic</span> <span class='ocrx_word' id='word_1_178' title='bbox 1165 1458 1294 1498; x_wconf 80' lang='lat' dir='ltr'>index</span> <span class='ocrx_word' id='word_1_179' title='bbox 1317 1457 1369 1498; x_wconf 88' lang='lat' dir='ltr'>ad</span> <span class='ocrx_word' id='word_1_180' title='bbox 1390 1457 1612 1498; x_wconf 82' lang='lat' dir='ltr'>historiam</span> <span class='ocrx_word' id='word_1_181' title='bbox 1637 1458 1728 1499; x_wconf 84' lang='lat' dir='ltr'>Ro-</span> 
     </span>
     <span class='ocr_line' id='line_1_24' title="bbox 231 1515 1729 1571; baseline 0 -15"><span class='ocrx_word' id='word_1_182' title='bbox 231 1531 403 1557; x_wconf 86' lang='lat' dir='ltr'>manam</span> <span class='ocrx_word' id='word_1_183' title='bbox 427 1526 470 1557; x_wconf 86' lang='lat' dir='ltr'>et</span> <span class='ocrx_word' id='word_1_184' title='bbox 499 1526 664 1558; x_wconf 88' lang='lat' dir='ltr'>ceteros</span> <span class='ocrx_word' id='word_1_185' title='bbox 694 1525 889 1557; x_wconf 84' lang='lat' dir='ltr'>auctores</span> <span class='ocrx_word' id='word_1_186' title='bbox 922 1516 1192 1557; x_wconf 88' lang='lat' dir='ltr'>illustrandos</span> <span class='ocrx_word' id='word_1_187' title='bbox 1225 1515 1423 1571; x_wconf 84' lang='lat' dir='ltr'>prodesse</span> <span class='ocrx_word' id='word_1_188' title='bbox 1454 1523 1613 1571; x_wconf 86' lang='lat' dir='ltr'>posset.</span> <span class='ocrx_word' id='word_1_189' title='bbox 1674 1515 1729 1556; x_wconf 84' lang='lat' dir='ltr'>In</span> 
     </span>
     <span class='ocr_line' id='line_1_25' title="bbox 232 1573 1781 1629; baseline 0 -15"><span class='ocrx_word' id='word_1_190' title='bbox 232 1588 317 1627; x_wconf 89' lang='lat' dir='ltr'>quo</span> <span class='ocrx_word' id='word_1_191' title='bbox 349 1574 489 1624; x_wconf 85' lang='lat' dir='ltr'>nobis,</span> <span class='ocrx_word' id='word_1_192' title='bbox 520 1574 553 1614; x_wconf 86' lang='lat' dir='ltr'>si</span> <span class='ocrx_word' id='word_1_193' title='bbox 585 1574 688 1629; x_wconf 89' lang='lat' dir='ltr'>quid</span> <span class='ocrx_word' id='word_1_194' title='bbox 718 1583 903 1614; x_wconf 82' lang='lat' dir='ltr'>erratum</span> <span class='ocrx_word' id='word_1_195' title='bbox 933 1583 1013 1623; x_wconf 89' lang='lat' dir='ltr'>est,</span> <span class='ocrx_word' id='word_1_196' title='bbox 1045 1582 1119 1613; x_wconf 87' lang='lat' dir='ltr'>aut</span> <span class='ocrx_word' id='word_1_197' title='bbox 1151 1574 1195 1613; x_wconf 88' lang='lat' dir='ltr'>in</span> <span class='ocrx_word' id='word_1_198' title='bbox 1228 1573 1426 1613; x_wconf 87' lang='lat' dir='ltr'>universo</span> <span class='ocrx_word' id='word_1_199' title='bbox 1461 1574 1543 1613; x_wconf 87' lang='lat' dir='ltr'>hoc</span> <span class='ocrx_word' id='word_1_200' title='bbox 1573 1587 1729 1629; x_wconf 81' lang='lat' dir='ltr'>genere</span> <span class='ocrx_word' id='word_1_201' title='bbox 1780 1578 1781 1581; x_wconf 74' lang='grc'>’</span> 
     </span>
     <span class='ocr_line' id='line_1_26' title="bbox 231 1630 1729 1687; baseline 0.001 -17"><span class='ocrx_word' id='word_1_202' title='bbox 231 1630 393 1685; x_wconf 78' lang='lat' dir='ltr'>aliquid</span> <span class='ocrx_word' id='word_1_203' title='bbox 416 1641 490 1671; x_wconf 86' lang='lat' dir='ltr'>aut</span> <span class='ocrx_word' id='word_1_204' title='bbox 512 1632 808 1687; x_wconf 86' lang='lat' dir='ltr'>perturbatum</span> <span class='ocrx_word' id='word_1_205' title='bbox 831 1638 905 1671; x_wconf 85' lang='lat' dir='ltr'>aut</span> <span class='ocrx_word' id='word_1_206' title='bbox 927 1644 1182 1686; x_wconf 81' lang='lat' dir='ltr'>quacunque</span> <span class='ocrx_word' id='word_1_207' title='bbox 1206 1630 1370 1670; x_wconf 88' lang='lat' dir='ltr'>ratione</span> <span class='ocrx_word' id='word_1_208' title='bbox 1392 1638 1634 1685; x_wconf 83' lang='lat' dir='ltr'>peccatum,</span> <span class='ocrx_word' id='word_1_209' title='bbox 1657 1645 1729 1671; x_wconf 87' lang='lat' dir='ltr'>ve-</span> 
     </span>
     <span class='ocr_line' id='line_1_27' title="bbox 231 1687 1729 1744; baseline 0.001 -16"><span class='ocrx_word' id='word_1_210' title='bbox 231 1687 347 1728; x_wconf 87' lang='lat' dir='ltr'>niam</span> <span class='ocrx_word' id='word_1_211' title='bbox 369 1688 534 1729; x_wconf 86' lang='lat' dir='ltr'>dabunt</span> <span class='ocrx_word' id='word_1_212' title='bbox 564 1689 676 1744; x_wconf 85' lang='lat' dir='ltr'>aequi</span> <span class='ocrx_word' id='word_1_213' title='bbox 709 1703 847 1729; x_wconf 89' lang='lat' dir='ltr'>rerum</span> <span class='ocrx_word' id='word_1_214' title='bbox 871 1688 1021 1728; x_wconf 87' lang='lat' dir='ltr'>harum</span> <span class='ocrx_word' id='word_1_215' title='bbox 1045 1688 1342 1736; x_wconf 84' lang='lat' dir='ltr'>aestimatores,</span> <span class='ocrx_word' id='word_1_216' title='bbox 1365 1696 1438 1726; x_wconf 87' lang='lat' dir='ltr'>aut</span> <span class='ocrx_word' id='word_1_217' title='bbox 1468 1689 1605 1729; x_wconf 85' lang='lat' dir='ltr'>amice</span> <span class='ocrx_word' id='word_1_218' title='bbox 1635 1703 1729 1730; x_wconf 90' lang='lat' dir='ltr'>mo-</span> 
     </span>
     <span class='ocr_line' id='line_1_28' title="bbox 231 1744 1730 1802; baseline 0.001 -17"><span class='ocrx_word' id='word_1_219' title='bbox 231 1745 411 1796; x_wconf 84' lang='lat' dir='ltr'>nebunt,</span> <span class='ocrx_word' id='word_1_220' title='bbox 444 1755 491 1786; x_wconf 82' lang='lat' dir='ltr'>ut</span> <span class='ocrx_word' id='word_1_221' title='bbox 527 1745 570 1786; x_wconf 89' lang='lat' dir='ltr'>in</span> <span class='ocrx_word' id='word_1_222' title='bbox 607 1753 840 1802; x_wconf 88' lang='lat' dir='ltr'>posterum,</span> <span class='ocrx_word' id='word_1_223' title='bbox 867 1761 965 1786; x_wconf 90' lang='lat' dir='ltr'>cum</span> <span class='ocrx_word' id='word_1_224' title='bbox 1001 1745 1192 1800; x_wconf 76' lang='lat' dir='ltr'>ipsorum</span> <span class='ocrx_word' id='word_1_225' title='bbox 1227 1744 1417 1794; x_wconf 84' lang='lat' dir='ltr'>monitis,</span> <span class='ocrx_word' id='word_1_226' title='bbox 1450 1753 1541 1785; x_wconf 88' lang='lat' dir='ltr'>tum</span> <span class='ocrx_word' id='word_1_227' title='bbox 1582 1755 1730 1786; x_wconf 84' lang='lat' dir='ltr'>nostra</span> 
     </span>
     <span class='ocr_line' id='line_1_29' title="bbox 231 1801 1729 1858; baseline 0.001 -16"><span class='ocrx_word' id='word_1_228' title='bbox 231 1803 535 1843; x_wconf 84' lang='lat' dir='ltr'>retractatione</span> <span class='ocrx_word' id='word_1_229' title='bbox 575 1803 841 1844; x_wconf 88' lang='lat' dir='ltr'>emendatior</span> <span class='ocrx_word' id='word_1_230' title='bbox 883 1803 952 1843; x_wconf 85' lang='lat' dir='ltr'>hic</span> <span class='ocrx_word' id='word_1_231' title='bbox 988 1802 1117 1843; x_wconf 86' lang='lat' dir='ltr'>index</span> <span class='ocrx_word' id='word_1_232' title='bbox 1154 1812 1198 1842; x_wconf 89' lang='lat' dir='ltr'>et</span> <span class='ocrx_word' id='word_1_233' title='bbox 1239 1802 1403 1858; x_wconf 86' lang='lat' dir='ltr'>plenior</span> <span class='ocrx_word' id='word_1_234' title='bbox 1444 1801 1535 1843; x_wconf 88' lang='lat' dir='ltr'>fieri</span> <span class='ocrx_word' id='word_1_235' title='bbox 1577 1803 1729 1858; x_wconf 87' lang='lat' dir='ltr'>possit.</span> 
     </span>
     <span class='ocr_line' id='line_1_30' title="bbox 234 1859 1729 1914; baseline 0.001 -15"><span class='ocrx_word' id='word_1_236' title='bbox 234 1859 378 1905; x_wconf 83' lang='lat' dir='ltr'>Quam</span> <span class='ocrx_word' id='word_1_237' title='bbox 400 1860 566 1900; x_wconf 84' lang='lat' dir='ltr'>veniam</span> <span class='ocrx_word' id='word_1_238' title='bbox 600 1860 681 1902; x_wconf 90' lang='lat' dir='ltr'>hoc</span> <span class='ocrx_word' id='word_1_239' title='bbox 713 1860 1000 1901; x_wconf 82' lang='lat' dir='ltr'>confidentius</span> <span class='ocrx_word' id='word_1_240' title='bbox 1033 1869 1076 1901; x_wconf 90' lang='lat' dir='ltr'>et</span> <span class='ocrx_word' id='word_1_241' title='bbox 1106 1873 1307 1914; x_wconf 78' lang='lat' dir='ltr'>rogamus</span> <span class='ocrx_word' id='word_1_242' title='bbox 1330 1868 1372 1899; x_wconf 84' lang='lat' dir='ltr'>et</span> <span class='ocrx_word' id='word_1_243' title='bbox 1403 1873 1621 1914; x_wconf 83' lang='lat' dir='ltr'>speramus</span> <span class='ocrx_word' id='word_1_244' title='bbox 1651 1875 1729 1901; x_wconf 80' lang='lat' dir='ltr'>no-</span> 
     </span>
     <span class='ocr_line' id='line_1_31' title="bbox 233 1916 1729 1973; baseline 0.002 -18"><span class='ocrx_word' id='word_1_245' title='bbox 233 1916 300 1956; x_wconf 85' lang='lat' dir='ltr'>bis</span> <span class='ocrx_word' id='word_1_246' title='bbox 322 1931 394 1957; x_wconf 89' lang='lat' dir='ltr'>eos</span> <span class='ocrx_word' id='word_1_247' title='bbox 424 1931 515 1958; x_wconf 85' lang='lat' dir='ltr'>esse</span> <span class='ocrx_word' id='word_1_248' title='bbox 544 1918 732 1968; x_wconf 87' lang='lat' dir='ltr'>daturos,</span> <span class='ocrx_word' id='word_1_249' title='bbox 758 1919 872 1973; x_wconf 90' lang='lat' dir='ltr'>quod</span> <span class='ocrx_word' id='word_1_250' title='bbox 895 1928 937 1958; x_wconf 89' lang='lat' dir='ltr'>et</span> <span class='ocrx_word' id='word_1_251' title='bbox 968 1932 1044 1957; x_wconf 90' lang='lat' dir='ltr'>sua</span> <span class='ocrx_word' id='word_1_252' title='bbox 1074 1926 1227 1972; x_wconf 87' lang='lat' dir='ltr'>sponte</span> <span class='ocrx_word' id='word_1_253' title='bbox 1259 1916 1401 1957; x_wconf 90' lang='lat' dir='ltr'>sciunt</span> <span class='ocrx_word' id='word_1_254' title='bbox 1433 1926 1476 1956; x_wconf 87' lang='lat' dir='ltr'>et</span> <span class='ocrx_word' id='word_1_255' title='bbox 1507 1931 1561 1958; x_wconf 82' lang='lat' dir='ltr'>ex</span> <span class='ocrx_word' id='word_1_256' title='bbox 1596 1918 1729 1973; x_wconf 84' lang='lat' dir='ltr'>ipsius</span> 
     </span>
     <span class='ocr_line' id='line_1_32' title="bbox 232 1972 1729 2031; baseline 0.002 -18"><span class='ocrx_word' id='word_1_257' title='bbox 232 1972 362 2027; x_wconf 79' lang='lat' dir='ltr'>hujus</span> <span class='ocrx_word' id='word_1_258' title='bbox 386 1974 539 2015; x_wconf 89' lang='lat' dir='ltr'>indicis</span> <span class='ocrx_word' id='word_1_259' title='bbox 570 1975 763 2031; x_wconf 89' lang='lat' dir='ltr'>plurimis</span> <span class='ocrx_word' id='word_1_260' title='bbox 791 1975 895 2015; x_wconf 91' lang='lat' dir='ltr'>locis</span> <span class='ocrx_word' id='word_1_261' title='bbox 926 1974 1109 2030; x_wconf 83' lang='lat' dir='ltr'>intelligi</span> <span class='ocrx_word' id='word_1_262' title='bbox 1140 1983 1295 2029; x_wconf 87' lang='lat' dir='ltr'>potest,</span> <span class='ocrx_word' id='word_1_263' title='bbox 1319 1982 1528 2028; x_wconf 87' lang='lat' dir='ltr'>quantum</span> <span class='ocrx_word' id='word_1_264' title='bbox 1549 1983 1593 2014; x_wconf 92' lang='lat' dir='ltr'>et</span> <span class='ocrx_word' id='word_1_265' title='bbox 1622 1990 1729 2030; x_wconf 80' lang='lat' dir='ltr'>quo-</span> 
     </span>
     <span class='ocr_line' id='line_1_33' title="bbox 233 2030 1731 2088; baseline 0.003 -18"><span class='ocrx_word' id='word_1_266' title='bbox 233 2030 313 2070; x_wconf 85' lang='lat' dir='ltr'>ties</span> <span class='ocrx_word' id='word_1_267' title='bbox 346 2031 388 2072; x_wconf 90' lang='lat' dir='ltr'>in</span> <span class='ocrx_word' id='word_1_268' title='bbox 419 2031 503 2072; x_wconf 90' lang='lat' dir='ltr'>hoc</span> <span class='ocrx_word' id='word_1_269' title='bbox 534 2047 689 2088; x_wconf 82' lang='lat' dir='ltr'>genere</span> <span class='ocrx_word' id='word_1_270' title='bbox 719 2043 894 2088; x_wconf 86' lang='lat' dir='ltr'>propter</span> <span class='ocrx_word' id='word_1_271' title='bbox 922 2032 1220 2073; x_wconf 83' lang='lat' dir='ltr'>difficultatem</span> <span class='ocrx_word' id='word_1_272' title='bbox 1243 2031 1635 2086; x_wconf 84' lang='lat' dir='ltr'>obscuritatemque</span> <span class='ocrx_word' id='word_1_273' title='bbox 1666 2047 1731 2074; x_wconf 86' lang='lat' dir='ltr'>re-</span> 
     </span>
     <span class='ocr_line' id='line_1_34' title="bbox 231 2087 1732 2145; baseline 0.001 -17"><span class='ocrx_word' id='word_1_274' title='bbox 231 2101 330 2128; x_wconf 84' lang='lat' dir='ltr'>rum</span> <span class='ocrx_word' id='word_1_275' title='bbox 352 2103 377 2128; x_wconf 90' lang='lat' dir='ltr'>a</span> <span class='ocrx_word' id='word_1_276' title='bbox 400 2090 575 2129; x_wconf 88' lang='lat' dir='ltr'>summis</span> <span class='ocrx_word' id='word_1_277' title='bbox 597 2089 844 2131; x_wconf 83' lang='lat' dir='ltr'>hominibus</span> <span class='ocrx_word' id='word_1_278' title='bbox 866 2090 920 2129; x_wconf 89' lang='lat' dir='ltr'>sit</span> <span class='ocrx_word' id='word_1_279' title='bbox 943 2098 1182 2145; x_wconf 85' lang='lat' dir='ltr'>peccatum.</span> <span class='ocrx_word' id='word_1_280' title='bbox 1244 2087 1342 2144; x_wconf 85' lang='lat' dir='ltr'>Ipse</span> <span class='ocrx_word' id='word_1_281' title='bbox 1367 2087 1535 2140; x_wconf 88' lang='lat' dir='ltr'>Cicero,</span> <span class='ocrx_word' id='word_1_282' title='bbox 1557 2090 1626 2129; x_wconf 91' lang='lat' dir='ltr'>cui</span> <span class='ocrx_word' id='word_1_283' title='bbox 1651 2089 1732 2130; x_wconf 82' lang='lat' dir='ltr'>Fa-</span> 
     </span>
     <span class='ocr_line' id='line_1_35' title="bbox 233 2144 1731 2202; baseline 0.003 -18"><span class='ocrx_word' id='word_1_284' title='bbox 233 2144 364 2185; x_wconf 80' lang='lat' dir='ltr'>miliae</span> <span class='ocrx_word' id='word_1_285' title='bbox 397 2145 525 2186; x_wconf 85' lang='lat' dir='ltr'>Rom.</span> <span class='ocrx_word' id='word_1_286' title='bbox 557 2147 723 2197; x_wconf 88' lang='lat' dir='ltr'>melius,</span> <span class='ocrx_word' id='word_1_287' title='bbox 755 2162 883 2202; x_wconf 86' lang='lat' dir='ltr'>quam</span> <span class='ocrx_word' id='word_1_288' title='bbox 917 2147 1056 2197; x_wconf 86' lang='lat' dir='ltr'>nobis,</span> <span class='ocrx_word' id='word_1_289' title='bbox 1086 2154 1286 2201; x_wconf 86' lang='lat' dir='ltr'>poterant</span> <span class='ocrx_word' id='word_1_290' title='bbox 1315 2159 1405 2185; x_wconf 82' lang='lat' dir='ltr'>esse</span> <span class='ocrx_word' id='word_1_291' title='bbox 1432 2155 1475 2186; x_wconf 87' lang='lat' dir='ltr'>et</span> <span class='ocrx_word' id='word_1_292' title='bbox 1513 2146 1731 2188; x_wconf 86' lang='lat' dir='ltr'>debebant</span> 
     </span>
     <span class='ocr_line' id='line_1_36' title="bbox 234 2201 1731 2263; baseline 0.003 -23"><span class='ocrx_word' id='word_1_293' title='bbox 234 2201 439 2263; x_wconf 67' lang='lat' dir='ltr'>cognitae,</span> <span class='ocrx_word' id='word_1_294' title='bbox 462 2211 604 2244; x_wconf 86' lang='lat' dir='ltr'>tamen</span> <span class='ocrx_word' id='word_1_295' title='bbox 636 2218 764 2259; x_wconf 80' lang='lat' dir='ltr'>saepe,</span> <span class='ocrx_word' id='word_1_296' title='bbox 788 2213 835 2244; x_wconf 84' lang='lat' dir='ltr'>ut</span> <span class='ocrx_word' id='word_1_297' title='bbox 864 2219 918 2244; x_wconf 81' lang='lat' dir='ltr'>ex</span> <span class='ocrx_word' id='word_1_298' title='bbox 950 2204 1142 2259; x_wconf 87' lang='lat' dir='ltr'>epistolis</span> <span class='ocrx_word' id='word_1_299' title='bbox 1173 2202 1225 2243; x_wconf 85' lang='lat' dir='ltr'>ad</span> <span class='ocrx_word' id='word_1_300' title='bbox 1250 2202 1446 2244; x_wconf 90' lang='lat' dir='ltr'>Atticum</span> <span class='ocrx_word' id='word_1_301' title='bbox 1470 2213 1654 2256; x_wconf 87' lang='lat' dir='ltr'>constat,</span> <span class='ocrx_word' id='word_1_302' title='bbox 1686 2205 1731 2245; x_wconf 88' lang='lat' dir='ltr'>in</span> 
     </span>
     <span class='ocr_line' id='line_1_37' title="bbox 233 2257 1732 2316; baseline 0.003 -19"><span class='ocrx_word' id='word_1_303' title='bbox 233 2257 284 2298; x_wconf 78' lang='lat' dir='ltr'>iis</span> <span class='ocrx_word' id='word_1_304' title='bbox 310 2258 448 2310; x_wconf 82' lang='lat' dir='ltr'>haesit,</span> <span class='ocrx_word' id='word_1_305' title='bbox 470 2269 514 2300; x_wconf 90' lang='lat' dir='ltr'>et</span> <span class='ocrx_word' id='word_1_306' title='bbox 535 2261 616 2301; x_wconf 90' lang='lat' dir='ltr'>sibi</span> <span class='ocrx_word' id='word_1_307' title='bbox 640 2262 935 2302; x_wconf 87' lang='lat' dir='ltr'>necessitatem</span> <span class='ocrx_word' id='word_1_308' title='bbox 961 2261 1068 2302; x_wconf 89' lang='lat' dir='ltr'>vidit</span> <span class='ocrx_word' id='word_1_309' title='bbox 1090 2259 1351 2315; x_wconf 81' lang='lat' dir='ltr'>impositam,</span> <span class='ocrx_word' id='word_1_310' title='bbox 1374 2259 1533 2315; x_wconf 87' lang='lat' dir='ltr'>peritos</span> <span class='ocrx_word' id='word_1_311' title='bbox 1554 2261 1646 2316; x_wconf 82' lang='lat' dir='ltr'>ejus</span> <span class='ocrx_word' id='word_1_312' title='bbox 1670 2262 1732 2302; x_wconf 85' lang='lat' dir='ltr'>rei</span> 
     </span>
     <span class='ocr_line' id='line_1_38' title="bbox 233 2313 1732 2374; baseline 0.004 -20"><span class='ocrx_word' id='word_1_313' title='bbox 233 2313 429 2356; x_wconf 89' lang='lat' dir='ltr'>homines</span> <span class='ocrx_word' id='word_1_314' title='bbox 465 2317 728 2358; x_wconf 88' lang='lat' dir='ltr'>consulendi.</span> <span class='ocrx_word' id='word_1_315' title='bbox 790 2318 979 2359; x_wconf 84' lang='lat' dir='ltr'>Nomina</span> <span class='ocrx_word' id='word_1_316' title='bbox 1016 2317 1311 2358; x_wconf 86' lang='lat' dir='ltr'>Romanorum</span> <span class='ocrx_word' id='word_1_317' title='bbox 1354 2317 1578 2358; x_wconf 88' lang='lat' dir='ltr'>hominum</span> <span class='ocrx_word' id='word_1_318' title='bbox 1617 2319 1732 2374; x_wconf 87' lang='lat' dir='ltr'>apud</span> 
     </span>
     <span class='ocr_line' id='line_1_39' title="bbox 235 2371 1731 2432; baseline 0.003 -20"><span class='ocrx_word' id='word_1_319' title='bbox 235 2371 492 2414; x_wconf 83' lang='lat' dir='ltr'>Ciceronem</span> <span class='ocrx_word' id='word_1_320' title='bbox 517 2390 631 2430; x_wconf 75' lang='lat' dir='ltr'>saepe</span> <span class='ocrx_word' id='word_1_321' title='bbox 661 2376 722 2415; x_wconf 89' lang='lat' dir='ltr'>ita</span> <span class='ocrx_word' id='word_1_322' title='bbox 753 2384 985 2432; x_wconf 87' lang='lat' dir='ltr'>ponuntur,</span> <span class='ocrx_word' id='word_1_323' title='bbox 1010 2384 1055 2415; x_wconf 82' lang='lat' dir='ltr'>ut</span> <span class='ocrx_word' id='word_1_324' title='bbox 1085 2389 1138 2415; x_wconf 81' lang='lat' dir='ltr'>ex</span> <span class='ocrx_word' id='word_1_325' title='bbox 1171 2374 1273 2430; x_wconf 87' lang='lat' dir='ltr'>ipsis</span> <span class='ocrx_word' id='word_1_326' title='bbox 1305 2375 1445 2425; x_wconf 87' lang='lat' dir='ltr'>rebus,</span> <span class='ocrx_word' id='word_1_327' title='bbox 1468 2384 1731 2432; x_wconf 83' lang='lat' dir='ltr'>temporum-</span> 
     </span>
     <span class='ocr_line' id='line_1_40' title="bbox 233 2431 1732 2489; baseline 0.003 -20"><span class='ocrx_word' id='word_1_328' title='bbox 233 2443 318 2485; x_wconf 86' lang='lat' dir='ltr'>que</span> <span class='ocrx_word' id='word_1_329' title='bbox 350 2431 515 2472; x_wconf 81' lang='lat' dir='ltr'>ratione</span> <span class='ocrx_word' id='word_1_330' title='bbox 546 2433 733 2484; x_wconf 89' lang='lat' dir='ltr'>demum,</span> <span class='ocrx_word' id='word_1_331' title='bbox 767 2434 819 2473; x_wconf 87' lang='lat' dir='ltr'>de</span> <span class='ocrx_word' id='word_1_332' title='bbox 850 2448 936 2487; x_wconf 88' lang='lat' dir='ltr'>quo</span> <span class='ocrx_word' id='word_1_333' title='bbox 966 2432 1175 2487; x_wconf 85' lang='lat' dir='ltr'>capienda</span> <span class='ocrx_word' id='word_1_334' title='bbox 1205 2432 1304 2481; x_wconf 87' lang='lat' dir='ltr'>sint,</span> <span class='ocrx_word' id='word_1_335' title='bbox 1337 2431 1552 2473; x_wconf 89' lang='lat' dir='ltr'>interdum</span> <span class='ocrx_word' id='word_1_336' title='bbox 1584 2434 1732 2489; x_wconf 85' lang='lat' dir='ltr'>conje-</span> 
     </span>
     <span class='ocr_line' id='line_1_41' title="bbox 235 2487 1734 2545; baseline 0.003 -19"><span class='ocrx_word' id='word_1_337' title='bbox 235 2495 358 2527; x_wconf 85' lang='lat' dir='ltr'>ctura</span> <span class='ocrx_word' id='word_1_338' title='bbox 379 2487 500 2528; x_wconf 85' lang='lat' dir='ltr'>valde</span> <span class='ocrx_word' id='word_1_339' title='bbox 522 2491 704 2530; x_wconf 87' lang='lat' dir='ltr'>obscura</span> <span class='ocrx_word' id='word_1_340' title='bbox 724 2498 767 2529; x_wconf 85' lang='lat' dir='ltr'>et</span> <span class='ocrx_word' id='word_1_341' title='bbox 789 2490 966 2539; x_wconf 86' lang='lat' dir='ltr'>lubrica,</span> <span class='ocrx_word' id='word_1_342' title='bbox 990 2490 1045 2529; x_wconf 89' lang='lat' dir='ltr'>sit</span> <span class='ocrx_word' id='word_1_343' title='bbox 1064 2489 1362 2531; x_wconf 81' lang='lat' dir='ltr'>divinandum.</span> <span class='ocrx_word' id='word_1_344' title='bbox 1406 2487 1456 2529; x_wconf 89' lang='lat' dir='ltr'>In</span> <span class='ocrx_word' id='word_1_345' title='bbox 1479 2505 1580 2544; x_wconf 89' lang='lat' dir='ltr'>quo,</span> <span class='ocrx_word' id='word_1_346' title='bbox 1602 2505 1734 2545; x_wconf 87' lang='lat' dir='ltr'>quam</span> 
     </span>
     <span class='ocr_line' id='line_1_42' title="bbox 237 2542 1733 2604; baseline 0.004 -21"><span class='ocrx_word' id='word_1_347' title='bbox 237 2542 375 2584; x_wconf 88' lang='lat' dir='ltr'>facilis</span> <span class='ocrx_word' id='word_1_348' title='bbox 407 2545 462 2585; x_wconf 84' lang='lat' dir='ltr'>sit</span> <span class='ocrx_word' id='word_1_349' title='bbox 489 2560 621 2597; x_wconf 88' lang='lat' dir='ltr'>error,</span> <span class='ocrx_word' id='word_1_350' title='bbox 644 2561 769 2586; x_wconf 86' lang='lat' dir='ltr'>nemo</span> <span class='ocrx_word' id='word_1_351' title='bbox 793 2562 876 2587; x_wconf 91' lang='lat' dir='ltr'>non</span> <span class='ocrx_word' id='word_1_352' title='bbox 911 2547 1040 2589; x_wconf 79' lang='lat' dir='ltr'>videt.</span> <span class='ocrx_word' id='word_1_353' title='bbox 1103 2546 1255 2600; x_wconf 83' lang='lat' dir='ltr'>Itaque</span> <span class='ocrx_word' id='word_1_354' title='bbox 1276 2546 1405 2586; x_wconf 89' lang='lat' dir='ltr'>ctiam</span> <span class='ocrx_word' id='word_1_355' title='bbox 1437 2561 1528 2597; x_wconf 88' lang='lat' dir='ltr'>nos,</span> <span class='ocrx_word' id='word_1_356' title='bbox 1552 2547 1586 2587; x_wconf 90' lang='lat' dir='ltr'>si</span> <span class='ocrx_word' id='word_1_357' title='bbox 1608 2549 1733 2604; x_wconf 84' lang='lat' dir='ltr'>cujus</span> 
     </span>
     <span class='ocr_line' id='line_1_43' title="bbox 238 2599 1734 2658; baseline 0.005 -19"><span class='ocrx_word' id='word_1_358' title='bbox 238 2599 496 2657; x_wconf 84' lang='lat' dir='ltr'>interpretis,</span> <span class='ocrx_word' id='word_1_359' title='bbox 523 2613 597 2644; x_wconf 87' lang='lat' dir='ltr'>aut</span> <span class='ocrx_word' id='word_1_360' title='bbox 628 2604 750 2654; x_wconf 80' lang='lat' dir='ltr'>alius,</span> <span class='ocrx_word' id='word_1_361' title='bbox 780 2619 966 2645; x_wconf 82' lang='lat' dir='ltr'>errorem</span> <span class='ocrx_word' id='word_1_362' title='bbox 999 2604 1041 2644; x_wconf 91' lang='lat' dir='ltr'>in</span> <span class='ocrx_word' id='word_1_363' title='bbox 1075 2603 1158 2643; x_wconf 80' lang='lat' dir='ltr'>lioc</span> <span class='ocrx_word' id='word_1_364' title='bbox 1189 2617 1343 2658; x_wconf 81' lang='lat' dir='ltr'>genere</span> <span class='ocrx_word' id='word_1_365' title='bbox 1377 2606 1734 2647; x_wconf 86' lang='lat' dir='ltr'>commemoravi-</span> 
     </span>
     <span class='ocr_line' id='line_1_44' title="bbox 236 2659 1734 2707; baseline 0.005 -11"><span class='ocrx_word' id='word_1_366' title='bbox 236 2670 347 2707; x_wconf 88' lang='lat' dir='ltr'>mus,</span> <span class='ocrx_word' id='word_1_367' title='bbox 370 2659 484 2700; x_wconf 83' lang='lat' dir='ltr'>nulla</span> <span class='ocrx_word' id='word_1_368' title='bbox 509 2661 742 2701; x_wconf 83' lang='lat' dir='ltr'>acerbitate</span> <span class='ocrx_word' id='word_1_369' title='bbox 764 2662 991 2702; x_wconf 87' lang='lat' dir='ltr'>verborum</span> <span class='ocrx_word' id='word_1_370' title='bbox 1025 2660 1087 2700; x_wconf 81' lang='lat' dir='ltr'>usi</span> <span class='ocrx_word' id='word_1_371' title='bbox 1121 2675 1280 2700; x_wconf 59' lang='lat' dir='ltr'>sumus</span> <span class='ocrx_word' id='word_1_372' title='bbox 1341 2660 1424 2701; x_wconf 86' lang='lat' dir='ltr'>Sed</span> <span class='ocrx_word' id='word_1_373' title='bbox 1457 2662 1580 2702; x_wconf 89' lang='lat' dir='ltr'>nobis</span> <span class='ocrx_word' id='word_1_374' title='bbox 1603 2663 1734 2704; x_wconf 83' lang='lat' dir='ltr'>etiam</span> 
     </span>
     <span class='ocr_line' id='line_1_45' title="bbox 234 2712 1738 2776; baseline 0.004 -22"><span class='ocrx_word' id='word_1_375' title='bbox 234 2712 348 2755; x_wconf 87' lang='lat' dir='ltr'>hanc</span> <span class='ocrx_word' id='word_1_376' title='bbox 378 2716 434 2756; x_wconf 92' lang='lat' dir='ltr'>ob</span> <span class='ocrx_word' id='word_1_377' title='bbox 465 2731 637 2758; x_wconf 86' lang='lat' dir='ltr'>causam</span> <span class='ocrx_word' id='word_1_378' title='bbox 668 2719 794 2758; x_wconf 84' lang='lat' dir='ltr'>venia</span> <span class='ocrx_word' id='word_1_379' title='bbox 822 2719 1016 2768; x_wconf 83' lang='lat' dir='ltr'>debetur,</span> <span class='ocrx_word' id='word_1_380' title='bbox 1039 2717 1154 2772; x_wconf 90' lang='lat' dir='ltr'>quod</span> <span class='ocrx_word' id='word_1_381' title='bbox 1186 2717 1228 2757; x_wconf 88' lang='lat' dir='ltr'>in</span> <span class='ocrx_word' id='word_1_382' title='bbox 1261 2731 1330 2757; x_wconf 86' lang='lat' dir='ltr'>eas</span> <span class='ocrx_word' id='word_1_383' title='bbox 1362 2719 1568 2774; x_wconf 84' lang='lat' dir='ltr'>temporis</span> <span class='ocrx_word' id='word_1_384' title='bbox 1599 2734 1738 2776; x_wconf 83' lang='lat' dir='ltr'>angu-</span> 
     </span>
     <span class='ocr_line' id='line_1_46' title="bbox 237 2771 1736 2830; baseline 0.006 -21"><span class='ocrx_word' id='word_1_385' title='bbox 237 2771 339 2811; x_wconf 83' lang='lat' dir='ltr'>stias</span> <span class='ocrx_word' id='word_1_386' title='bbox 358 2773 547 2814; x_wconf 88' lang='lat' dir='ltr'>conclusi</span> <span class='ocrx_word' id='word_1_387' title='bbox 569 2789 737 2815; x_wconf 86' lang='lat' dir='ltr'>cramus</span> <span class='ocrx_word' id='word_1_388' title='bbox 759 2776 813 2815; x_wconf 86' lang='lat' dir='ltr'>ab</span> <span class='ocrx_word' id='word_1_389' title='bbox 835 2776 1023 2824; x_wconf 85' lang='lat' dir='ltr'>librario,</span> <span class='ocrx_word' id='word_1_390' title='bbox 1046 2775 1300 2830; x_wconf 88' lang='lat' dir='ltr'>impatiente</span> <span class='ocrx_word' id='word_1_391' title='bbox 1327 2789 1475 2826; x_wconf 79' lang='lat' dir='ltr'>morae,</span> <span class='ocrx_word' id='word_1_392' title='bbox 1497 2791 1596 2817; x_wconf 88' lang='lat' dir='ltr'>cum</span> <span class='ocrx_word' id='word_1_393' title='bbox 1620 2776 1736 2818; x_wconf 90' lang='lat' dir='ltr'>hunc</span> 
     </span>
     <span class='ocr_line' id='line_1_47' title="bbox 236 2827 1737 2889; baseline 0.005 -21"><span class='ocrx_word' id='word_1_394' title='bbox 236 2827 423 2870; x_wconf 87' lang='lat' dir='ltr'>indicem</span> <span class='ocrx_word' id='word_1_395' title='bbox 444 2831 766 2882; x_wconf 83' lang='lat' dir='ltr'>conficeremus,</span> <span class='ocrx_word' id='word_1_396' title='bbox 789 2841 837 2872; x_wconf 89' lang='lat' dir='ltr'>ut</span> <span class='ocrx_word' id='word_1_397' title='bbox 858 2833 933 2872; x_wconf 88' lang='lat' dir='ltr'>vix</span> <span class='ocrx_word' id='word_1_398' title='bbox 965 2832 1180 2887; x_wconf 79' lang='lat' dir='ltr'>relegendi</span> <span class='ocrx_word' id='word_1_399' title='bbox 1202 2840 1246 2871; x_wconf 85' lang='lat' dir='ltr'>et</span> <span class='ocrx_word' id='word_1_400' title='bbox 1276 2833 1535 2873; x_wconf 84' lang='lat' dir='ltr'>retractandi</span> <span class='ocrx_word' id='word_1_401' title='bbox 1567 2843 1737 2889; x_wconf 84' lang='lat' dir='ltr'>tempus</span> 
     </span>
     <span class='ocr_line' id='line_1_48' title="bbox 236 2884 1737 2946; baseline 0.005 -22"><span class='ocrx_word' id='word_1_402' title='bbox 236 2884 558 2942; x_wconf 83' lang='lat' dir='ltr'>relinqueretur.</span> <span class='ocrx_word' id='word_1_403' title='bbox 621 2889 750 2935; x_wconf 83' lang='lat' dir='ltr'>Quod</span> <span class='ocrx_word' id='word_1_404' title='bbox 775 2890 808 2929; x_wconf 86' lang='lat' dir='ltr'>si</span> <span class='ocrx_word' id='word_1_405' title='bbox 831 2889 1013 2930; x_wconf 89' lang='lat' dir='ltr'>liberum</span> <span class='ocrx_word' id='word_1_406' title='bbox 1044 2888 1170 2930; x_wconf 83' lang='lat' dir='ltr'>nobis</span> <span class='ocrx_word' id='word_1_407' title='bbox 1193 2889 1398 2946; x_wconf 86' lang='lat' dir='ltr'>temporis</span> <span class='ocrx_word' id='word_1_408' title='bbox 1423 2890 1610 2945; x_wconf 79' lang='lat' dir='ltr'>spatium</span> <span class='ocrx_word' id='word_1_409' title='bbox 1633 2890 1737 2933; x_wconf 80' lang='lat' dir='ltr'>fuis-</span> 
     </span>
    </p>

    <p class='ocr_par' dir='ltr' id='par_1_4' title="bbox 954 2951 1028 2986">
     <span class='ocr_line' id='line_1_49' title="bbox 954 2951 1028 2986; baseline 0 0"><span class='ocrx_word' id='word_1_410' title='bbox 954 2960 979 2986; x_wconf 75' lang='lat' dir='ltr'>B</span> <span class='ocrx_word' id='word_1_411' title='bbox 1004 2951 1028 2986; x_wconf 79' lang='lat'>3</span> 
     </span>
    </p>
   </div>
  </div>
 </body>
</html>
