1920 3196
678 81 822 110 INDEX
852 82 986 109 LATIN
994 82 1149 111 {TA'rls-

212 166 422 199 Librariolus.
445 168 540 200 Balb.
558 169 588 200 6.
604 169 685 209 Leg.
703 170 724 200 i.
742 171 772 200 ⁶2.
791 169 891 199 libra-

164 212 239 241 rioli
254 211 364 250 latini,
379 218 456 242 sunt
476 213 639 250 homines,
656 213 712 251 qui
729 212 828 242 libros
844 213 890 242 la-

165 254 253 284 tinos
269 255 462 286 describunt
478 261 511 285 et
527 256 687 286 vendunt.

209 298 380 335 Libratus,
417 300 450 328 in
497 299 681 337 aequilibrio
730 303 890 328 servatus.

162 338 261 371 Tusc.
279 352 307 372 ν.
331 344 382 372 ⁴24.
402 347 494 372 terra
523 343 641 381 quibus
669 344 788 373 librata
811 352 892 381 pon-

166 383 310 423 deribus,
338 386 456 425 quibus
484 387 632 416 cavernis
660 387 765 416 maria
793 386 893 415 susti-

164 433 253 456 neat.

209 471 329 501 Licet-i.
354 473 418 502 Off.
434 473 480 502 iii.
509 475 558 503 15.
584 482 644 502 nee
660 477 818 512 apponet,
835 473 891 510 qui

164 519 280 544 eontra
304 525 338 545 se
356 517 503 546 licentur.
527 518 667 545 Sensum
694 526 763 545 esse
789 520 889 555 puto:

166 558 221 595 qui
237 558 343 588 multo
360 560 471 589 minus
489 560 617 596 ont-rat,
636 564 671 589 et
687 560 732 589 ita
749 569 817 588 rem
837 559 891 588 de-

170 601 308 639 primat,
325 607 362 631 ut
381 603 448 641 ipse
474 603 656 632 faciliorem
684 603 891 632 venditorem

168 643 299 675 habeat.
325 646 458 675 Nostri:
484 647 536 675 ich
555 647 638 685 gabe
656 646 746 675 nicht
765 646 841 675 halb
857 656 892 675 so

166 687 230 716 viel
261 688 370 719 (laffir.
432 689 533 719 Hunc
564 699 698 719 sensum
732 690 826 726 vidit,
859 694 891 718 et

165 731 294 761 efficere
310 732 415 761 voluit
428 733 594 770 Muretus,
611 733 819 771 corrigendo,
836 734 891 770 qui

167 780 284 804 contra
301 786 371 805 asse
389 778 538 806 licem'ur.
556 777 635 805 item
651 777 802 805 Peareius
815 788 821 804 :
835 776 891 814 qui

165 824 281 848 contra
296 829 315 849 a
337 830 370 849 se
396 820 415 850 l.
443 820 496 849 cui
521 821 720 858 conjectura}
745 819 891 849 multum

164 862 303 891 tribuit:
329 874 348 893 a
360 873 406 901 se,
421 864 441 892 i.
454 875 483 892 e.
501 864 534 892 in
548 863 760 892 commodum
776 873 889 892 suum.

166 905 231 934 Sed
247 905 297 935 vel
313 907 359 936 sic
376 911 491 936 manet
513 906 690 936 difficultas
719 907 753 935 in
781 906 892 935 latini-

164 952 248 986 tate,
266 950 431 988 quomodo
444 950 504 979 lioc
518 955 634 979 contra
646 951 734 979 liceri
751 949 891 981 dicatur.

166 991 199 1021 Si
223 999 340 1023 contra
367 995 455 1023 liceri
482 993 520 1023 de
543 1004 583 1023 ea
604 1004 651 1030 re,
667 1003 765 1032 quam
792 1003 893 1032 supra

165 1038 399 1074 expressimus,
424 1037 489 1066 dici
527 1037 628 1066 latine
667 1041 777 1075 potest
792 1048 798 1066 ε
839 1037 892 1066 vix

168 1078 318 1109 dubitare
337 1079 427 1117 lieet,
445 1081 525 1119 quin
549 1084 581 1110 et
602 1087 719 1110 contra
742 1090 775 1109 se
803 1081 892 1110 liceri

167 1122 215 1151 sie
232 1123 296 1152 diei
313 1124 426 1163 possit.

213 1166 315 1196 Licet.
339 1172 462 1196 constr.
481 1177 557 1196 cum
575 1166 668 1196 infin.
686 1176 770 1206 pass.
787 1168 844 1197 Or.
860 1170 891 1197 4.

167 1210 260 1248 eujus
284 1221 324 1239 ex
349 1211 495 1249 epistolis
524 1210 667 1248 intelligi
695 1212 777 1240 licet.
803 1211 845 1240 cf.
864 1221 891 1240 c.

166 1253 219 1283 60.
236 1254 292 1282 Or.
310 1254 331 1282 i.
349 1256 401 1284 4⁶2.
418 1256 489 1283 lieet
506 1260 698 1293 carpentem
718 1255 839 1293 passim
858 1260 891 1283 et

165 1296 377 1335 colligentem
405 1298 550 1336 undique
578 1297 891 1337 repleri-scientia.

166 1342 185 1360 *²
203 1346 363 1379 sequente
389 1350 498 1370 aecus.
538 1340 609 1379 Lig.
640 1342 670 1370 6.
702 1341 796 1371 liceat
821 1351 891 1370 esse

167 1384 317 1421 miseros,
333 1394 390 1424 pro
407 1385 545 1414 miseris.
564 1384 604 1412 cf.
616 1384 710 1414 Ball).
727 1387 774 1415 12.
798 1385 891 1415 Verr.

167 1427 213 1456 iii.
230 1428 282 1461 96.
307 1427 375 1457 Act.
394 1438 423 1458 x.
443 1432 472 1458 Β.
496 1427 559 1457 Sed
585 1432 636 1456 est
657 1427 806 1467 elliptica
828 1428 892 1457 for-

168 1479 234 1507 ma,
248 1481 320 1509 quae
337 1472 383 1500 sic
401 1471 554 1510 expletur
569 1483 574 1500 :
597 1472 691 1501 liceat
708 1472 815 1508 nobis,
833 1481 890 1501 nos

167 1524 236 1543 esse
261 1515 406 1544 miseros.
430 1515 505 1544 vid„
522 1514 650 1544 Duker.
667 1520 701 1543 et
718 1515 890 1545 Drakenb.

166 1557 207 1586 ad
226 1558 296 1587 Liv.
314 1558 381 1587 xiii.
398 1559 448 1589 36.
474 1559 493 1576 ’χ’
509 1569 575 1597 seq.
594 1563 642 1587 ut.
660 1559 748 1588 Mur.
766 1562 797 1589 4.
821 1560 892 1589 licet

166 1604 249 1630 —ut
277 1601 478 1641 impertiam.
518 1603 535 1619 ⁷⁶
549 1601 662 1631 venale
693 1608 754 1631 est.
788 1602 891 1632 Attio.

166 1645 223 1674 xii.
240 1646 291 1675 ⁶23.
316 1646 355 1675 de
371 1646 474 1675 Drusi
498 1645 615 1682 hortis,
633 1647 749 1683 quanti
767 1647 893 1676 licuisse

167 1688 291 1718 scribis.
310 1689 370 1719 int.
387 1699 508 1718 emere.
526 1689 587 1718 hoc
603 1699 702 1718 sensu
720 1689 826 1719 Plinio
842 1700 892 1719 re-

166 1732 278 1761 stituit
294 1732 354 1762 hoc
382 1733 519 1762 verbum
538 1732 729 1762 Harduinus
747 1744 821 1763 xxx.
842 1736 890 1763 10.

167 1778 186 1796 *
204 1776 374 1805 liciturum
389 1786 458 1806 esse
476 1776 576 1805 habet
600 1776 714 1806 Cicero
737 1777 840 1807 Attio.
857 1777 890 1806 ii.

171 1822 198 1849 l.
216 1822 237 1843 δ

212 1861 382 1901 Ligur-rio,
428 1864 558 1903 proprie
607 1868 657 1893 est
704 1863 891 1902 degustare.

166 1905 246 1936 hinc
259 1907 345 1936 vai-ie
363 1907 498 1943 dieitur,
515 1914 553 1937 ut
571 1917 629 1947 pro
646 1908 799 1946 exiguam
818 1918 892 1947 par-

168 1954 238 1980 tem
257 1960 295 1979 ex
313 1949 423 1989 aliqua
449 1961 482 1980 re
499 1961 627 1990 capere.
650 1950 743 1981 verr.
771 1951 815 1980 iii.
839 1952 890 1984 76.

168 2002 236 2024 non
251 1995 421 2033 reperietis
439 1994 608 2023 hominem
635 1995 752 2024 timide
769 2004 830 2023 nec
846 1993 892 2024 le-

165 2037 251 2066 viter
266 2036 336 2066 haee
353 2038 597 2076 improbissima
613 2037 704 2068 luera
718 2039 893 2076 ligurrieri-

167 2084 242 2111 tem.
283 2080 448 2110 Devorare
474 2091 609 2111 omnem
638 2082 813 2120 pecuniam
832 2091 892 2120 pu-

166 2123 287 2153 blicam
313 2134 379 2153 non
403 2124 579 2154 dubitarit.
604 2125 704 2161 Item,
721 2135 780 2165 pro
796 2125 892 2154 disci—

168 2167 267 2206 plinae
301 2167 401 2197 alicui
437 2178 571 2207 operam
619 2168 764 2206 aliquam
803 2168 892 2199 dare.

167 2210 268 2240 Dom.
300 2214 346 2241 13.
378 2211 475 2240 Sexte
508 2217 632 2248 noster,
670 2212 756 2241 bona
783 2213 892 2249 venia,

166 2255 322 2292 quoniam
339 2255 412 2293 jam
429 2254 621 2284 dialecticus
639 2265 672 2284 es
689 2261 723 2284 et
735 2255 796 2285 hoe
813 2266 892 2294 quo-

167 2307 230 2336 que
248 2299 290 2336 lig
299 2299 397 2327 ωτι-ῖς.
425 2299 459 2337 (i.
486 2308 513 2327 e.
537 2299 622 2328 hanc
639 2309 768 2337 quoque
785 2305 892 2329 artem

167 2341 309 2380 attigisti
326 2346 360 2371 et
377 2342 570 2380 degustasti.
585 2342 647 2372 Sed
666 2342 746 2376 illud
762 2353 892 2381 quoque

168 2385 280 2414 innuit
298 2395 367 2414 esse
378 2386 494 2423 jocum
512 2396 551 2414 ex
567 2386 723 2424 ambiguo
739 2390 773 2415 et
790 2386 891 2416 alludi

167 2428 208 2457 ad
226 2428 270 2465 id,
287 2428 374 2466 quod
392 2429 572 2468 putabatur
595 2434 748 2458 naturam
768 2429 892 2459 Clodiae

167 2471 339 2510 ligurrire)
360 2472 446 2511 quod
473 2473 598 2501 factum
621 2482 686 2502 non
705 2478 767 2510 est,
785 2480 823 2502 ut
851 2474 894 2503 sit

166 2515 308 2551 factum,
321 2516 396 2544 ferri
410 2516 450 2545 ad
464 2516 802 2555 populum—potest?
820 2517 892 2547 Ma-

165 2557 198 2587 le
216 2558 313 2597 vulgo
330 2559 363 2587 in
382 2558 442 2588 hoc
458 2559 529 2589 loco
542 2560 820 2598 interpretantur,
837 2570 892 2600 ap-

166 2603 262 2641 petis.
307 2603 361 2631 Sic
377 2603 479 2632 etiam
497 2603 531 2632 in
548 2603 610 2632 hoe
626 2602 668 2632 ad
688 2604 763 2633 Div.
781 2604 822 2633 xi.
839 2606 891 2634 21.

168 2654 244 2674 cum
262 2645 396 2683 quidam
413 2646 452 2675 de
480 2646 614 2685 collegis
632 2647 753 2676 nostris
771 2648 893 2685 agrari-

169 2698 222 2716 am
240 2689 447 2718 curationem
472 2691 681 2727 ligurrirent,
710 2690 892 2721 disturbavi

167 2741 251 2768 rem,
268 2736 440 2771 totamque
455 2733 545 2762 vobis
562 2734 723 2762 reservavi
737 2745 746 2771 3
773 2734 894 2764 Manu-

165 2775 232 2804 tius
251 2775 493 2814 interpretatur
510 2780 718 2815 appeterent.
742 2777 819 2807 Non
837 2778 893 2808 ab·

166 2818 265 2847 surde
282 2831 287 2846 :
305 2818 362 2848 sed
379 2819 498 2859 plenus
515 2829 630 2849 sensus
647 2819 700 2849 hic
715 2823 786 2850 est:
807 2820 892 2851 Cum

167 2862 374 2899 mentionem
390 2863 572 2895 curationis
595 2863 732 2903 agrariae
749 2863 783 2894 in
798 2874 893 2896 sena-

1583 77 1667 115 345>

934 174 972 199 tu
988 170 1150 207 facerent,
1175 173 1227 207 ut,
1253 171 1373 209 quibus
1400 171 1592 203 mandanda
1614 184 1667 205 es-

933 218 997 249 set,
1013 213 1260 250 decerneretur,
1282 215 1330 254 (in
1341 224 1406 253 qua
1418 217 1528 255 potuit
1545 227 1662 248 eorum

933 266 1064 294 quoque
1081 257 1244 296 cupiditas
1255 262 1313 287 aut
1326 267 1399 297 spes
1410 259 1615 290 intercedere
1630 267 1666 292 et

935 299 1107 339 apparere)
1127 309 1188 338 ego
1211 301 1380 340 impedivi,
1405 312 1469 340 quo
1493 304 1604 333 minus
1622 305 1662 334 de

934 352 974 371 ea
984 353 1017 371 re
1028 347 1106 372 ante
1114 344 1291 382 quicquam
1303 344 1550 384 decerneretur,
1562 357 1662 386 quam

936 395 991 414 vos
1009 386 1185 416 redissetis.

980 429 1178 467 Ligurricio,
1197 440 1269 469 pars
1296 432 1524 469 aegrotationis
1542 434 1658 464 animi.

934 471 1034 501 Tusc.
1053 473 1095 501 iv.
1112 476 1159 502 11.

979 516 1127 553 Limare,
1153 517 1283 555 proprie
1313 523 1363 547 est
1388 517 1468 548 lima
1496 521 1665 559 superflua

935 559 1104 595 abradere,
1131 566 1167 589 ut
1197 560 1332 599 politior
1356 571 1405 591 res
1433 563 1487 592 sit.
1511 562 1588 593 hinc
1611 570 1663 595 est

936 612 994 641 pro
1012 602 1195 632 detrahere.
1214 603 1254 632 ad
1281 604 1357 634 Div.
1375 605 1419 634 iii.
1436 608 1465 635 8.
1490 606 1529 635 de
1546 606 1665 638 libera-

935 645 1030 674 litate
1053 652 1111 675 tua
1134 647 1260 676 limavit
1276 646 1401 686 aliquid
1426 651 1590 687 posterior
1606 661 1664 681 an-

936 698 1008 719 nus.
1037 692 1092 719 Or.
1117 690 1161 719 iii.
1179 694 1210 723 9.
1240 695 1374 720 tantuin
1399 691 1494 722 alteri
1521 695 1664 733 affinxit,

936 733 975 761 de
991 732 1096 762 altero
1119 734 1254 764 limavit.
1280 735 1296 751 *ἱ
1312 735 1352 764 de
1369 739 1510 773 oratore,
1527 739 1583 776 qui
1614 743 1665 768 te-

937 785 1001 804 nue
1015 782 1049 805 et
1065 776 1149 805 exile
1167 777 1298 807 dicendi
1316 787 1421 816 genus
1439 785 1663 812 consectatur.

935 820 1014 858 Opt.
1043 829 1074 863 g.
1090 820 1121 849 d.
1139 822 1169 851 4.
1193 830 1227 849 se
1245 820 1285 850 ad
1302 822 1432 852 minuta
1448 833 1571 862 genera
1585 835 1663 855 caum

935 872 1047 892 sarum
1075 865 1212 893 limcwit.
1240 872 1274 893 et
1298 864 1338 893 de
1373 865 1580 906 philosopho,
1606 870 1663 908 qui

935 916 1004 935 rem
1018 907 1198 944 subtiliter,
1211 913 1337 937 remoto
1350 910 1440 938 omni
1453 915 1573 940 ornatu
1590 922 1663 942 ora-

935 950 1034 987 torio,
1049 950 1209 980 edisserit.
1233 951 1296 981 Off.
1315 952 1347 981 ii.
1373 955 1419 982 10.
1446 953 1510 983 alia
1526 958 1576 984 est
1591 955 1661 992 illa,

936 1003 1012 1022 cum
1029 995 1149 1023 veritas
1166 995 1236 1034 ipsa
1258 996 1395 1025 limatur
1415 997 1447 1025 in
1466 997 1663 1036 disputatio-

936 1045 990 1073 ne,
1007 1037 1173 1067 subtilius.
1208 1038 1226 1055 *Ψ
1239 1048 1371 1075 acuere,
1387 1039 1568 1079 elaborare,
1589 1052 1662 1081 per-

935 1080 1044 1109 ficere.
1076 1081 1132 1110 Or.
1156 1081 1177 1110 i.
1203 1083 1254 1111 ΕΖΓ.
1279 1091 1386 1120 neque
1410 1082 1479 1112 haec
1503 1085 1551 1115 ita
1574 1085 1661 1124 dico,

935 1128 974 1152 ut
989 1134 1040 1153 ars
1057 1125 1180 1163 aliquid
1196 1126 1313 1155 limare
1334 1135 1400 1155 non
1426 1129 1540 1166 possit.
1564 1128 1660 1160 Brut.

935 1167 987 1200 67.
1011 1177 1152 1197 acumen
1173 1172 1242 1197 arte
1261 1170 1386 1198 limare.

980 1211 1144 1248 Limatus,
1168 1211 1312 1248 subtilis,
1340 1215 1453 1244 tenuis.
1477 1214 1533 1244 Or.
1558 1215 1579 1246 i.
1608 1220 1661 1250 39.

935 1254 1068 1284 liniatus
1079 1256 1227 1284 oratione
1243 1260 1343 1294 atque
1359 1257 1501 1287 subtilis.
1525 1259 1596 1290 Fin.
1613 1261 1661 1290 iii.

939 1299 986 1326 1⁶2.
1006 1299 1122 1328 limata
1135 1299 1293 1328 tenuitas.
1320 1300 1337 1316 ³*
1354 1300 1491 1339 politus,
1510 1302 1659 1341 elegans,

935 1346 1121 1372 accuratus.
1144 1342 1240 1371 Brut.
1253 1344 1305 1372 ⁶24.
1321 1345 1375 1381 qui
1390 1353 1494 1383 genus
1511 1346 1660 1377 limatius

934 1384 1064 1415 dicendi
1092 1390 1341 1416 consectantur.
1368 1387 1410 1417 ad
1431 1388 1577 1420 Div.vii.
1607 1394 1661 1421 33.

935 1429 1125 1458 limandum
1150 1429 1329 1467 judicium.
1362 1430 1441 1461 Nat.
1474 1432 1517 1462 D.
1545 1434 1578 1462 ii.
1607 1436 1660 1468 ⁶29.

935 1471 1124 1502 urbanitate
1149 1478 1338 1503 nostrorum
1365 1473 1539 1505 hominum
1565 1478 1661 1507 lima-

934 1519 995 1545 tus.

979 1559 1097 1595 Linea,
1111 1559 1150 1588 de
1161 1559 1410 1599 perpendiculo.
1438 1561 1507 1592 Fin.
1525 1563 1546 1593 i.
1565 1565 1594 1594 6.
1608 1575 1661 1594 so-

935 1601 1002 1631 lida
1026 1613 1164 1642 corpora
1186 1603 1264 1633 ferri
1279 1614 1339 1633 suo
1356 1605 1509 1637 deorsum
1536 1608 1661 1647 ponde-

934 1655 968 1675 re
986 1645 1028 1675 ad
1046 1647 1176 1676 lineam.

980 1689 1245 1727 Lacemnentunz,
1262 1690 1442 1722 delineatio
1465 1694 1586 1732 operis,
1604 1695 1661 1725 ad-

934 1733 1114 1763 umbratio.
1158 1733 1253 1764 Brut.
1282 1737 1334 1769 87.
1378 1736 1544 1776 intelliges
1575 1738 1660 1770 nihil

936 1777 1071 1806 Catonis
1100 1778 1315 1815 lineamentis,
1347 1779 1409 1808 nisi
1438 1790 1554 1810 eorum
1588 1783 1660 1821 pig-

935 1826 1140 1857 mentorum,
1176 1830 1250 1859 quae
1287 1822 1424 1852 inventa
1454 1824 1603 1854 nondum
1627 1836 1661 1855 e-

934 1868 1023 1900 rant,
1048 1864 1161 1894 florem
1185 1868 1219 1893 et
1241 1864 1385 1895 colorem
1410 1866 1563 1897 defuisse.
1602 1868 1662 1899 Lz'-

934 1911 1108 1937 neameuta
1125 1908 1260 1938 Catonis
1282 1913 1362 1938 sunt
1388 1911 1457 1948 ejus
1487 1911 1575 1949 libri,
1605 1913 1662 1951 qui

935 1960 984 1980 res
1012 1951 1130 1988 nudas,
1148 1952 1218 1981 sine
1245 1957 1366 1981 ornatu
1395 1953 1584 1992 tradebant,
1601 1956 1661 1986 sed

934 2001 1024 2023 recte
1040 1998 1154 2024 tamen
1179 1995 1424 2034 subtiliterque,
1442 1997 1589 2036 adeoque
1617 2000 1661 2029 si-

935 2038 1029 2067 miles
1055 2038 1106 2067 vel
1133 2039 1270 2077 pieturae
1297 2040 1428 2077 lineari,
1451 2041 1556 2079 qualis
1579 2041 1660 2072 olim

933 2082 1011 2118 fuit,
1029 2081 1080 2110 vel
1103 2081 1318 2118 delineationi
1342 2083 1489 2122 pictoris,
1516 2095 1555 2114 ex
1581 2095 1660 2124 qua,

935 2125 1039 2163 qualis
1053 2125 1305 2164 picturafutura
1314 2126 1370 2163 sit,
1380 2127 1524 2167 intelligi
1537 2134 1660 2168 potest,

935 2173 969 2197 et
985 2178 1057 2207 quae
1069 2174 1117 2198 est
1134 2168 1392 2199 fundamentum
1404 2171 1498 2201 bonae
1508 2172 1660 2211 picturae.

934 2211 952 2229 *
969 2211 1085 2241 Paullo
1101 2211 1197 2242 aliter
1212 2217 1263 2242 est
1287 2212 1348 2242 hoc
1369 2214 1507 2244 verbum
1533 2216 1589 2246 Or.
1607 2217 1659 2247 56.

935 2256 1028 2293 quasi
1045 2256 1211 2294 quandam
1239 2255 1426 2296 palaes‘tram
1452 2263 1486 2288 et
1510 2264 1661 2290 extrema

936 2299 1133 2329 lineamenta
1156 2300 1298 2329 orationi
1323 2301 1449 2330 attulit.
1497 2301 1536 2332 Id
1563 2303 1660 2342 quale

935 2343 991 2379 sit,
1009 2342 1140 2372 docebit
1164 2343 1255 2373 loeus
1282 2343 1335 2373 hic
1362 2344 1460 2374 Plinii
1486 2356 1582 2376 xxxV.
1612 2350 1662 2377 10.

935 2396 1035 2424 quem
1069 2386 1219 2416 tironum
1261 2396 1362 2417 eausa
1401 2388 1636 2429 adscripsimus
1654 2402 1661 2420 ε

937 2429 1128 2459 Parrhasius
1146 2431 1271 2469 primus
1287 2431 1524 2470 Symmetriam
1552 2434 1663 2473 pictu-

936 2482 979 2502 rae
996 2473 1098 2509 dedit,
1126 2473 1252 2512 primus
1277 2475 1424 2513 argutias
1448 2476 1573 2514 vultus,
1597 2477 1663 2507 ele-

935 2517 1083 2555 gantiam
1101 2517 1224 2556 capilli,
1247 2522 1457 2548 venustatem
1483 2520 1561 2557 oris,
1584 2530 1664 2550 con-

935 2560 1077 2589 sessione
1115 2561 1283 2590 artificum
1310 2562 1343 2590 in
1368 2563 1475 2592 ·lineis
1504 2565 1662 2594 extremis

936 2603 1081 2643 palmam
1109 2603 1260 2643 adeptus.
1307 2604 1388 2635 Haee
1405 2606 1507 2636 estin
1532 2607 1663 2646 pictura.

935 2657 1068 2676 summa
1083 2647 1260 2678 subtilitas.
1307 2648 1453 2688 Corpora
1474 2650 1564 2679 enim
1589 2652 1665 2690 pin-

936 2699 1026 2729 gere,
1043 2695 1077 2720 et
1094 2691 1202 2720 media
1218 2701 1344 2728 rerum,
1368 2695 1418 2721 est
1435 2693 1569 2730 quidem
1592 2704 1664 2725 ma·

936 2734 994 2773 gni
1020 2734 1140 2773 operis,
1157 2734 1214 2764 sed
1237 2735 1272 2765 in
1298 2745 1363 2773 quo
1394 2736 1491 2765 multi
1523 2736 1663 2775 gloriam

935 2776 1096 2806 tulerint:
1122 2785 1272 2808 extrema
1288 2788 1465 2817 corporum
1483 2779 1606 2818 facere,
1631 2786 1667 2811 et

936 2820 1119 2850 desinentis
1146 2821 1286 2860 picturae
1314 2821 1451 2852 modum
1482 2823 1667 2862 includere,

937 2873 1050 2895 rarum
1068 2863 1103 2894 in
1122 2873 1279 2896 successu
1295 2865 1376 2896 artis
1402 2865 1585 2904 invenitur,
1603 2867 1664 2900 &e.
