1920 3196
265 106 357 144 ’366

268 208 381 233 autem
407 202 559 233 civiliter.
599 204 677 234 Nat.
702 204 744 234 D.
771 204 791 234 i.
816 206 845 234 4.
885 215 999 235 omnes

267 246 485 286 philosophia¹
502 240 612 287 p'artes
629 252 700 276 tum
719 253 906 285 nost-milam
922 260 997 279 enm

267 294 346 320 totae
364 291 564 329 quaectimws
582 290 754 320 scribendo
778 291 998 330 explicantur.

311 334 412 363 Nom.
447 334 503 363 Or.
523 334 567 363 iii.
586 337 638 364 44.
673 334 881 364 librariorum
906 340 998 371 nolte,

267 381 344 406 sunt
362 377 454 415 sigua
474 378 796 416 interpunctionum.
830 381 848 398 *Ψ
862 382 936 409 nota
952 384 1002 409 est

266 419 366 458 ςῖγμα
381 421 532 450 inustum
550 431 642 450 servo
660 421 808 460 fugiiivo.
839 421 903 451 Off.
921 423 952 452 ii.
970 427 1000 456 7.

265 464 422 493 barbarus
456 471 676 503 compuuctus
704 465 791 494 notis
825 465 999 496 Threiciis.

264 507 330 536 vid.
347 508 437 546 Ηυξ.
457 508 548 543 Oris.
572 508 668 537 scrib.
694 518 722 538 c.
744 511 790 541 19.
823 508 900 538 hinc
924 514 999 539 nota

265 560 326 590 pro
365 552 560 590 ignominia.
611 552 678 588 Sic,
709 561 783 590 qnae
815 553 1001 589 ignominia

265 595 417 624 censoria
441 595 575 629 dicitur,
593 605 631 624 ea
656 601 689 624 et
706 600 781 625 vota
800 595 998 634 appellatur.

265 637 398 667 Cluent.
425 638 476 668 46.
514 643 588 668 nofo
616 639 773 668 censoria.-
801 640 997 669 severitatis.

265 681 297 710 in
315 692 381 719 qua
400 682 550 711 oratione
577 684 672 711 c.42.
705 687 754 711 est
781 683 872 711 locus
899 683 999 721 insig-

264 724 326 760 niS,
352 724 392 754 de
419 725 448 754 vi
476 729 630 755 notarum
658 726 899 760 censoriarum,
925 735 998 763 quae

262 767 374 798 fuere:
409 778 540 798 movere
573 778 590 798 e
616 776 749 805 senatu,
775 779 898 806 equum
929 769 997 798 adi-

261 820 366 845 mere.
382 812 472 842 tribu
489 822 632 848 movere,
650 817 684 842 et
707 812 860 842 aerarium
876 812 997 842 facere.

262 855 381 885 deinde
398 856 435 885 ad
452 865 550 885 omne
564 865 668 893 genus
682 856 873 893 ignominiae
888 861 997 885 trans-

262 898 383 935 fertur,
408 899 532 929 dicitur
555 905 669 928 tamen
693 903 768 929 nola
791 899 892 928 etiam
919 909 995 930 curn

259 942 358 972 verbo
376 943 508 972 inurere
526 943 557 972 in
575 943 694 972 bonam
713 950 854 982 partem.
884 942 995 972 Plane.

264 988 314 1016 12.
346 987 441 1025 signa
464 986 650 1024 probitatis,
668 986 859 1016 domesticis
884 987 997 1016 inusta

258 1030 339 1059 notis
356 1030 513 1059 veritatis.
547 1029 700 1059 *dicitur
715 1029 816 1059 etiam
842 1029 881 1059 de
906 1031 993 1059 vino.

260 1072 355 1103 Brut.
372 1076 423 1103 83.
454 1074 480 1102 si
497 1074 569 1112 quis
592 1073 729 1103 Falerno
753 1073 828 1102 vino
851 1072 994 1102 delecte-

258 1122 328 1154 tur,
358 1117 415 1146 sed
447 1127 592 1147 eo—nec
624 1118 670 1146 ita
698 1122 822 1153 vetere,
848 1122 885 1146 ut
914 1117 995 1156 Opi-

257 1161 362 1190 mium
390 1165 450 1190 aut
474 1160 630 1190 Anicium
656 1159 825 1190 consulem
855 1164 992 1198 quaerat.

258 1205 350 1242 atqui
368 1214 415 1233 eae
431 1208 511 1233 nom*
534 1208 614 1233 sunt
632 1204 780 1243 optimae.
811 1203 868 1233 sed
886 1203 925 1232 de
943 1203 992 1233 his

259 1249 342 1277 notis
357 1248 487 1277 abunde
505 1248 704 1288 interpretes
723 1247 865 1277 Horatii.
890 1247 993 1276 ¹¹‘Mu-

258 1300 328 1320 ren.
360 1294 406 1320 11.
433 1296 516 1321 extr.
549 1291 623 1321 irati
642 1290 881 1329 jureconsulti,
904 1290 992 1329 quod

256 1338 336 1364 sunt
366 1335 475 1371 veriti,
506 1335 663 1364 ne—sine
696 1344 756 1364 sua
787 1344 887 1373 opera
918 1334 991 1373 lege

257 1382 368 1417 posset
394 1379 459 1417 agi,
489 1383 579 1408 nv‘as
608 1378 766 1417 quasdam
796 1387 991 1416 composue-

256 1426 347 1456 runt,
364 1427 404 1452 ut
426 1422 579 1452 omnibus
606 1422 638 1451 in
660 1422 755 1451 rebus
773 1421 833 1461 ipsi
851 1421 990 1451 interes-

254 1471 341 1495 sent.
389 1465 493 1495 Notas
518 1465 571 1495 alii
597 1467 861 1505 interpretantur
875 1465 988 1503 siglas,

255 1519 332 1539 cum
351 1519 409 1549 pro
427 1509 566 1548 singulis
590 1509 694 1538 verbis
719 1509 823 1538 literae
847 1508 988 1547 singulae

253 1560 439 1592 ponuntur,
466 1553 521 1582 alii
547 1552 706 1582 formulas
738 1553 923 1588 actionum,
952 1555 988 1581 ut

256 1597 479 1632 Camerarius,
496 1596 552 1625 alii
568 1597 707 1626 obscura
727 1596 837 1632 verba,
854 1601 891 1624 ut
917 1595 988 1625 Ma-

253 1640 382 1676 nutius,
400 1639 455 1669 alii
480 1640 575 1678 signa
596 1640 713 1678 quibus
728 1639 862 1669 verbum
880 1649 986 1668 unum

230 1690 313 1713 -aut
348 1683 445 1723 plura
482 1684 767 1723 exprimebantur,
800 1682 985 1719 cuiusmodi

253 1731 332 1757 sunt
349 1727 480 1764 adjecta
496 1726 630 1766 Corpori
649 1727 803 1766 Inscript.
816 1727 986 1756 Gruteria-

254 1779 309 1807 no,
327 1776 363 1800 ut
382 1770 541 1800 Graevius.
575 1781 673 1809 quam
691 1771 893 1800 sententiam
912 1780 986 1809 pro-

251 1814 364 1843 barem
379 1818 412 1843 et
429 1815 511 1854 ipse,
529 1814 555 1843 si
579 1824 629 1844 res
653 1820 686 1844 et
708 1814 797 1844 locus
817 1814 984 1844 Cifferonis

251 1862 433 1897 pateretur.
480 1857 590 1887 Primo
618 1857 711 1888 nulla
733 1862 783 1888 est
807 1858 984 1887 necessitas

252 1901 398 1938 dicendi,
422 1906 518 1930 notas
551 1901 652 1930 fuisse
682 1902 775 1940 signa
805 1901 982 1938 ejusmodi,

250 1945 362 1984 qualia
391 1950 471 1974 sunt
495 1944 564 1981 illa,
589 1955 662 1983 quae
690 1945 768 1975 dixi.
813 1945 899 1975 Nam
927 1954 984 1984 per

250 1992 344 2018 notas
368 1988 522 2024 scribere,
541 1993 579 2018 ut
603 1999 642 2018 ex
666 1990 801 2019 Sueton.
827 1989 909 2027 Aug.
931 1991 982 2019 38.

249 2032 332 2062 Caes.
361 2035 411 2062 55.
453 2035 596 2069 constat,
623 2034 724 2063 etiam
755 2033 877 2062 dicitur
905 2042 980 2062 cum

246 2077 379 2114 integra
392 2075 525 2114 quidem
544 2076 643 2106 verba
657 2075 763 2106 literis
776 2076 980 2112 scribuntur,

246 2120 304 2150 sed
320 2120 379 2155 ita,
396 2126 434 2148 ut
457 2118 563 2149 literae
585 2129 650 2150 non
668 2130 762 2150 suam
779 2120 980 2150 ordinariam

246 2165 312 2193 vim
338 2163 494 2200 habeant,
512 2163 568 2193 sed
586 2174 615 2194 ν.
632 2174 660 2193 e.
686 2164 782 2194 litera
804 2163 824 2192 d
841 2173 898 2202 pro
915 2173 946 2199 a,
963 2173 980 2194 e

245 2216 305 2247 pro
328 2207 349 2236 b
374 2212 520 2245 ponatur
543 2207 602 2237 ἃς.
649 2207 738 2246 Ergo
760 2207 868 2237 omnis
897 2208 981 2236 ratio

247 2250 413 2280 scribendi
428 2246 594 2280 occultior
609 2255 659 2280 est
673 2261 731 2291 per
744 2256 851 2281 notas,
865 2250 979 2289 Cujac.

245 2294 324 2325 obs.
344 2293 398 2323 xii.
417 2296 470 2324 40.
498 2295 676 2333 distinguit
697 2294 830 2333 quidem
849 2299 944 2324 notas
962 2304 980 2323 a

245 2337 358 2377 siglis3
384 2341 417 2367 et
435 2342 485 2367 est
505 2343 649 2375 certum,
668 2348 734 2368 non
751 2347 865 2367 omnes
883 2342 979 2368 notas

245 2391 316 2411 esse
333 2381 451 2420 siglas:
478 2391 584 2420 neque
607 2386 720 2412 tamen
745 2388 921 2421 propterea
936 2382 979 2410 si-

244 2424 307 2464 glae
324 2434 390 2455 non
407 2429 486 2454 sunt
511 2430 618 2455 notae:
644 2425 757 2464 itaque
780 2432 813 2454 et
839 2425 907 2463 ipse
933 2424 979 2455 lo-

245 2479 322 2498 cum
357 2469 525 2498 Ciceronis
551 2469 590 2498 de
621 2469 712 2508 siglis
738 2469 980 2507 interpretatur

244 2512 285 2542 ad
309 2513 468 2551 Pompon.
492 2512 584 2551 Orig.
607 2511 680 2542 Jur.
707 2513 736 2549 ξ.
755 2515 786 2545 7.
819 2511 896 2541 Illas
921 2522 979 2541 au-

241 2561 311 2586 tem
336 2560 444 2592 notas,
470 2555 509 2586 de
535 2556 653 2594 quibus
680 2555 836 2592 Cuiacius
860 2556 894 2584 in
911 2555 978 2585 Ob-

241 2609 325 2630 serv.
343 2600 393 2629 vix
411 2604 527 2639 putem
544 2605 615 2629 tam
640 2602 799 2633 vetustas,
816 2603 855 2628 ut
870 2598 908 2628 de
927 2598 977 2629 his

241 2647 300 2673 aut
331 2643 494 2673 similibus
526 2643 642 2673 Cicero
679 2642 821 2681 intelligi
861 2643 976 2682 possit.

239 2687 368 2717 Seneca
398 2686 531 2725 quidem
565 2696 616 2726 ep.
643 2689 696 2720 90.
735 2685 976 2716 vilissimorum

238 2731 486 2770 mancipiorum
510 2730 648 2759 inventa
670 2733 775 2759 vocat.
812 2739 842 2758 v.
867 2728 976 2760 Nouv.

238 2773 354 2804 Traite
371 2773 623 2813 Diplomatique
639 2778 666 2802 t.
679 2773 724 2802 iii.
742 2783 772 2812 p.
791 2773 864 2803 564.
889 2772 976 2803 conf.

236 2817 336 2849 Troz.
365 2817 405 2846 ad
434 2816 568 2856 Hugon.
596 2826 628 2856 p.
664 2819 732 2850 175.
762 2816 817 2855 qui
845 2827 876 2856 p.
905 2820 975 2847 181.

236 2860 350 2892 locum
378 2860 548 2891 Ciceronis
574 2860 614 2890 de
640 2859 791 2889 formulis
818 2860 976 2899 explicat,

235 2910 272 2935 et
299 2904 386 2936 hanc
413 2903 726 2944 interpretationem
757 2902 887 2935 Graevio
916 2904 977 2934 tri-

797 117 943 146 lNDEx
974 118 1271 147 LATINITATIS.

1045 207 1129 243 buit,
1147 205 1235 245 quod
1251 210 1302 235 est
1317 216 1337 236 a
1350 215 1427 236 vero
1443 205 1601 237 alienum.
1646 206 1779 238 Deinde

1046 251 1162 280 Cicero
1187 250 1240 280 hiv
1258 249 1433 279 manifeste
1451 251 1490 280 de
1507 249 1657 280 formulis
1674 250 1778 280 aetio-

1046 303 1125 323 uuni
1145 293 1220 331 loqu
1236 296 1302 323 tur.
1349 293 1433 323 Nam
1455 294 1606 333 exempla
1623 298 1776 324 nolarum

1045 338 1319 376 compositaium,
1343 346 1415 375 quae
1440 338 1677 374 subjiciuntur,
1698 341 1779 368 sunt

1045 379 1195 409 formulae
1220 380 1403 410 actionum.
1451 381 1550 410 Porro
1578 389 1776 419 componere

1043 423 1083 451 de
1109 422 1259 452 formulis
1284 424 1346 452 dici
1372 428 1493 463 potest,
1520 434 1584 453 non
1610 424 1649 452 ‹le
1673 424 1778 461 signis

1042 466 1203 502 obscuris,
1220 474 1252 496 et
1268 466 1376 504 siglis:
1403 473 1434 496 et
1453 467 1563 506 paullo
1586 473 1661 506 post
1681 467 1776 504 dicit,

1044 510 1174 548 praetori
1215 520 1343 548 qnoque
1382 520 1515 540 carmen
1553 511 1775 548 compositum

1041 560 1104 582 est.
1150 553 1266 591 Neque
1292 554 1323 583 in
1349 559 1420 583 toto
1445 554 1570 591 reliquo
1594 553 1665 582 loco
1683 553 1776 591 quic-

1042 605 1140 633 quain
1159 596 1198 626 de
1216 596 1356 626 ‹wculns
1381 597 1481 633 signis
1507 597 1639 626 divitur.
1688 595 1776 627 lllud

1041 643 1173 669 tantum
1200 640 1335 676 dicitur,
1354 650 1452 678 quain
1479 640 1534 669 diu
1558 639 1698 670 occultae
1722 639 1774 670 hae

1041 682 1192 712 formulae
1210 684 1345 714 fuerint.
1365 685 1486 722 petitas
1511 693 1580 712 esse
1598 684 1637 712 ab
1656 683 1694 712 iis
1718 683 1774 721 qui

1043 730 1211 763 tenerent,
1225 726 1327 756 donec
1346 726 1487 765 vulgatae
1505 728 1568 755 sint
1588 730 1720 765 (nempe
1734 726 1775 756 ab

1039 770 1153 807 AElio).
1173 770 1332 809 Pompon.
1351 771 1464 809 Origz.
1477 770 1548 800 Jur.
1566 769 1587 798 l.
1605 780 1632 799 c.
1656 769 1774 808 Neque

1039 813 1213 851 quisquam
1232 821 1394 849 veterum,
1412 814 1496 851 quod
1514 814 1630 849 seiani,
1646 813 1685 842 de
1700 812 1775 842 tali-

1039 856 1098 885 bus
1114 857 1217 895 signis
1233 856 1452 886 formularum
1470 857 1639 886 memorize
1665 856 1774 895 prodi-

1039 899 1098 928 dit.
1136 900 1303 939 Quorsum
1321 905 1432 942 :tutem
1451 910 1533 939 opus
1548 900 1690 929 scribere
1707 899 1774 929 for·
1788 913 1795 916 *

1039 942 1146 972 mulas
1164 943 1235 973 illas
1253 953 1312 983 per
1327 944 1445 973 notas?
1477 943 1527 973 Ne
1552 953 1571 972 a
1594 953 1686 972 servo
1710 943 1772 972 ite-

1039 995 1111 1015 rum
1129 992 1187 1016 aut
1205 987 1313 1016 scriba
1329 987 1603 1026 publicarentur?
1630 987 1772 1016 sufficie-

1037 1029 1091 1058 bat
1117 1039 1244 1067 cavere,
1263 1040 1302 1059 nc
1329 1032 1361 1060 in
1385 1030 1462 1059 talis
1483 1030 1626 1060 hominis
1653 1039 1771 1060 manus

1038 1073 1202 1110 venirent,
1220 1074 1274 1112 qni
1295 1074 1332 1103 iis
1351 1074 1526 1112 vulgandis
1547 1074 1688 1112 gratiam
1713 1083 1772 1112 po·

1036 1116 1186 1155 pularem
1206 1125 1340 1156 captare
1362 1118 1476 1153 vellet,
1493 1122 1527 1146 et
1551 1122 1672 1156 posset.
1719 1116 1771 1147 Ne

1036 1160 1058 1189 ii
1077 1165 1190 1189 autem
1208 1160 1431 1200 publicarent,
1448 1160 1504 1199 qui
1529 1170 1583 1189 eas
1601 1164 1770 1198 tenerent,

1036 1210 1075 1232 nt
1092 1204 1196 1233 AEiius
1214 1204 1306 1241 tecit,
1324 1214 1365 1233 ne
1389 1214 1445 1243 per
1460 1209 1551 1234 nolus
1567 1203 1698 1242 quidem
1717 1213 1771 1233 ca-

1035 1256 1109 1276 vere
1136 1252 1302 1286 poterant.
1349 1247 1465 1286 ltaque
1483 1247 1562 1276 mihi
1581 1253 1691 1276 totum
1708 1247 1770 1277 hoc

1034 1290 1073 1319 de
1092 1291 1178 1320 notis
1195 1291 1413 1321 formularum
1429 1291 1696 1320 commentitium
1721 1291 1770 1320 vi-

1034 1333 1141 1363 detur.
1169 1335 1336 1373 N'ofasque
1352 1344 1549 1374 componere
1570 1334 1652 1363 nihil
1676 1333 1767 1364 aliud

1032 1377 1233 1416 significare,
1250 1388 1292 1416 qu
1307 1388 1348 1407 am
1374 1377 1532 1407 formulas
1556 1378 1710 1407 obscuras
1734 1382 1770 1408 et

1032 1426 1201 1451 contortas
1218 1422 1388 1451 actionum
1405 1431 1615 1461 componere.
1652 1420 1768 1450 Refer-

1032 1465 1058 1493 ri
1077 1465 1141 1494 huc
1158 1465 1259 1504 possit
1285 1464 1375 1494 locus
1399 1465 1506 1495 Ovidii
1525 1465 1604 1494 Her.
1621 1475 1673 1494 xx.
1691 1466 1766 1495 210.

1031 1507 1071 1536 de
1091 1508 1177 1537 malo
1195 1508 1327 1538 A‹·ontii
1345 1510 1439 1546 jacto
1463 1508 1502 1537 ad
1529 1508 1713 1547 Cydippen,
1733 1507 1768 1538 in

1030 1561 1096 1589 quo
1123 1553 1285 1591 scriptum
1315 1556 1383 1582 erat
1407 1552 1662 1591 jusjurandum:
1698 1561 1769 1581 uia-

1030 1594 1099 1624 lum
1119 1597 1217 1625 verba
1232 1596 1339 1625 serens
1364 1596 1470 1625 doctis
1494 1595 1651 1624 insidiosa
1673 1596 1765 1626 notis.

1027 1637 1105 1667 ‹lam
1123 1640 1190 1668 scio
1206 1643 1297 1668 nolas
1312 1640 1399 1678 apud
1415 1638 1569 1669 Ovidium
1595 1648 1664 1668 esse
1689 1638 1765 1667 lite-

1037 1691 1088 1711 ras
1112 1684 1266 1722 scriptas,
1285 1684 1377 1712 unde'
1387 1687 1500 1713 notare
1515 1682 1594 1711 dixit
1615 1692 1672 1721 pro
1688 1682 1767 1711 scri-

1028 1724 1115 1755 bere.
1147 1726 1282 1755 Heroid.
1304 1727 1324 1756 i.
1350 1727 1424 1756 init.
1470 1726 1531 1755 Sed
1557 1726 1662 1755 doctae
1685 1729 1766 1755 notoe

1028 1768 1060 1798 h.
1078 1768 1096 1798 l.
1113 1776 1193 1799 sunt
1209 1770 1353 1799 formula
1365 1769 1585 1808 jurisjurandi
1602 1768 1691 1798 vafre
1709 1778 1766 1798 ex-

1028 1813 1185 1851 cogitata,
1200 1823 1265 1852 qua
1281 1814 1426 1851 suijuris
1442 1813 1567 1842 faceret
1579 1811 1765 1852 Cydippen.

1027 1856 1124 1886 Unde
1140 1857 1174 1886 in
1189 1857 1304 1886 eadem
1322 1857 1461 1896 epistola
1478 1856 1639 1886 Acontius
1655 1865 1689 1885 se
1706 1866 1764 1896 ap-

1027 1899 1129 1938 pellat
1147 1900 1275 1930 vafrum
1291 1901 1378 1938 juris
1396 1900 1549 1929 consulto
1565 1900 1704 1930 Amore:
1730 1902 1765 1930 et

1019 1943 1259 1981 jusjurandum
1288 1950 1383 1974 vocat
1408 1943 1550 1973 nodum:
1583 1942 1671 1981 quod
1695 1953 1766 1972 ver-

1026 1987 1104 2017 bum
1123 1988 1282 2017 Horatius
1307 1987 1346 2016 dc
1369 1987 1520 2017 formulis
1539 1987 1702 2017 JCtorum
1728 1987 1763 2017 in

1024 2031 1173 2060 cavendo
1189 2036 1339 2070 usurpat.
1369 2031 1686 2070 Interpretationem
1705 2039 1765 2059 no·-

1024 2077 1125 2103 stram
1145 2080 1298 2104 notarum
1318 2075 1494 2113 probavere
1508 2074 1711 2103 Menkenius
1728 2073 1763 2103 in

1024 2117 1102 2147 Obs.
1119 2118 1157 2148 L.
1181 2118 1218 2149 L.
1243 2125 1277 2148 et
1300 2118 1466 2148 Gesnerus
1491 2118 1524 2147 in
1547 2117 1646 2148 Thes.
1665 2117 1702 2147 L.
1721 2117 1760 2148 L.

1027 2160 1160 2199 aliique.

1069 2205 1205 2235 lVotare.
1236 2205 1275 2234 de
1304 2204 1495 2234 nominibus
1526 2214 1648 2234 rerum.
1691 2203 1764 2234 Fin.

1022 2248 1069 2277 iii.
1083 2251 1112 2279 2⁷.
1138 2249 1327 2278 nominibus
1345 2258 1394 2278 res
1411 2250 1531 2277 notavit
1545 2248 1647 2277 novis.
1663 2246 1764 2278 Tusc-

1023 2291 1069 2321 iii.
1088 2295 1117 2322 5.
1136 2292 1255 2322 melius
1273 2292 1342 2322 haec
1359 2292 1464 2321 verbis
1481 2296 1593 2321 notata
1619 2291 1762 2328 Latinis,

1022 2345 1122 2373 quam
1148 2336 1282 2366 Graecis.
1314 2336 1332 2354 ³*
1345 2336 1393 2365 ita
1417 2335 1589 2374 insignire,
1605 2340 1643 2364 ut
1660 2344 1763 2373 agno-

1021 2379 1082 2417 sci,
1099 2384 1133 2409 et
1149 2380 1189 2409 ab
1214 2379 1285 2409 aliis
1310 2379 1450 2409 discerni
1475 2379 1589 2417 possit.
1621 2378 1661 2408 ad
1684 2378 1762 2408 Div.

1022 2423 1077 2452 vii.
1097 2425 1149 2453 32.
1181 2423 1228 2453 ita
1251 2427 1362 2453 notata
1380 2433 1433 2452 me
1451 2422 1621 2460 reliquisse
1639 2431 1763 2460 genera

1021 2466 1186 2497 dictorum
1229 2476 1393 2502 meorum,
1431 2470 1469 2496 ut
1507 2466 1663 2504 cognosci
1701 2475 1762 2496 sua

1020 2516 1140 2549 sponte
1164 2516 1311 2550 possent.
1341 2511 1399 2540 Or.
1422 2510 1454 2539 ii.
1474 2513 1526 2543 87.
1559 2518 1666 2547 neque
1689 2513 1762 2539 tam

1021 2553 1088 2583 acri
1120 2554 1280 2583 memoria
1308 2553 1377 2583 fere
1410 2554 1584 2592 quisquam
1616 2560 1679 2589 est,
1708 2556 1760 2590 ut,

1020 2606 1087 2626 non
1103 2597 1270 2637 dispositis
1288 2598 1466 2636 notatisque
1481 2597 1590 2632 rebus,
1607 2596 1759 2625 ordinem

1021 2640 1195 2671 verborum
1214 2646 1272 2670 aut
1289 2640 1533 2671 sententiarum
1559 2640 1760 2679 complecta-

1019 2688 1086 2713 tur.
1119 2684 1160 2714 ef.
1178 2685 1210 2714 ii.
1231 2685 1283 2715 86.
1316 2685 1393 2714 hinc
1411 2694 1470 2724 pro
1494 2690 1686 2722 agnoscere,
1703 2683 1761 2712 ob-

1018 2736 1161 2764 servare,
1178 2728 1455 2757 animadvertere.
1487 2727 1528 2756 ad
1552 2726 1627 2756 Div.
1648 2727 1691 2756 ix.
1711 2726 1762 2756 16.

1018 2771 1112 2800 tritas
1145 2781 1240 2801 aures
1266 2771 1386 2801 habere
1410 2771 1559 2800 notandis
1582 2770 1761 2808 generibus

1020 2818 1206 2853 poetarum.
1237 2816 1312 2845 Div.
1338 2816 1359 2845 i.
1382 2817 1434 2848 49.
1473 2818 1585 2844 notata
1609 2814 1762 2843 observa-

1017 2858 1109 2887 tione
1137 2858 1308 2889 diuturna.
1348 2858 1390 2888 ef.
1415 2858 1472 2888 Or.
1496 2858 1543 2887 iii.
1568 2860 1619 2888 50.
1657 2857 1760 2887 *dies

1017 2903 1127 2933 notari
1141 2902 1276 2942 dicitur,
1290 2911 1368 2933 cum
1385 2902 1421 2932 in
1437 2911 1476 2932 eo
1492 2901 1658 2932 solemnia
1671 2910 1762 2941 (μιν
