1920 3196
651 114 796 144 INDEX
827 114 1107 143 LA'rlNl'rATIS
1114 131 1123 142 .

134 204 182 234 eit
207 203 405 243 splendorem
434 204 467 233 in
491 212 581 233 voce.
606 202 702 234 Brut.
731 204 783 234 63.
808 203 855 233 sic

133 252 184 277 est
199 247 301 277 etiam
317 247 496 287 capiendus
518 248 664 286 splendor
679 247 856 276 verborum

135 291 229 321 Orat.
244 293 296 324 49.
321 300 442 329 nempe
459 290 498 319 de
517 291 621 320 verbis
645 290 754 330 ample
782 300 858 320 sua-

135 335 284 372 viterque
297 334 503 363 sonantibus.
515 334 533 351 ³*
547 334 580 363 in
593 334 741 364 oratione
752 335 858 373 splen-

135 378 206 414 dor,
223 381 273 406 est
299 384 435 407 ornatus
453 377 486 406 in
504 377 703 407 elocutione.
728 378 785 407 Or.
809 377 857 407 iii.

135 424 187 451 31.
204 421 257 451 36.
281 418 352 450 Inv.
370 421 391 450 i.
412 424 459 452 18.
483 421 654 450 exordium
679 421 777 450 debet
800 420 859 449 ha-

135 464 210 494 here
227 465 403 503 splendoris
418 472 449 494 ct
462 464 652 494 festivitatis
673 470 705 493 et
726 464 860 494 concin-

136 507 296 537 nitudinis
329 509 519 537 minimum.
551 508 728 547 *splendor
751 507 859 537 homi-

135 552 199 586 nis,
215 552 327 581 existit
343 562 382 581 ex
405 551 524 590 gratia,
542 553 725 581 amicorum
742 556 856 591 poten—

133 594 234 631 tium,
251 594 438 631 clientium,
453 595 685 632 deductorum,
700 595 861 625 salutato-

140 647 214 667 rum
236 639 341 678 copia.
368 639 438 668 Att.
455 639 496 668 iv.
530 642 554 668 1.
579 639 727 678 splendor
752 639 861 668 foren-

136 683 190 711 sis.
215 682 331 721 Quint.
344 684 396 713 ⁶25).
419 683 568 722 splendor
579 690 612 712 vt
629 683 747 721 gratia.
765 682 860 712 Brut.

132 727 187 756 48.
199 726 274 755 vitae
290 727 447 766 splendor.
465 729 483 744 ’ἕ
495 726 602 756 omnis
616 727 774 765 dignitas,
787 735 860 764 quae

134 778 174 799 ex
184 779 393 809 quacumque
408 780 441 799 re
451 770 575 805 existit,
587 770 736 809 inprimis
746 779 785 798 ex
797 769 862 797 vir-

136 818 226 849 tute,
242 818 281 843 ut
296 814 330 843 in
343 814 393 843 bis
408 826 414 843 :
441 813 481 843 ad
492 814 567 843 Div.
581 814 601 843 i.
620 817 650 848 7.
675 818 714 843 ut
726 822 780 842 eos
793 822 860 841 non

136 860 208 885 tam
226 857 418 887 constantia
433 858 468 887 in
483 867 551 897 rep.
570 863 683 887 nostra
704 856 862 892 delectet,

138 909 238 938 quam
268 901 416 940 splendor
456 901 612 930 offendat.
658 900 770 931 Plane.
813 901 862 930 1⁶2.

141 942 231 973 hunc
258 950 297 973 tu
324 945 400 974 vitae
424 945 623 984 splendorem
646 944 785 974 maculis
808 943 864 972 ad-

137 988 276 1026 spergis.
300 987 434 1018 Cluent.
468 990 516 1019 16.
548 989 696 1027 splendor
723 987 865 1017 munici-

138 1040 234 1070 pum,
252 1031 426 1061 hominum
449 1041 493 1061 se.
513 1031 741 1062 honestorum.
767 1031 864 1061 noso.

141 1074 178 1104 C.
203 1077 232 1104 5.
255 1075 404 1114 splendor
427 1075 661 1105 advocationis.
688 1075 728 1104 de
752 1084 792 1104 ea
813 1078 864 1104 est

139 1116 214 1156 Lig.
245 1121 293 1148 11.
316 1119 450 1149 videsne
476 1119 566 1148 hunc
595 1119 794 1158 splendorem
817 1127 863 1147 sc.

139 1162 388 1192 advocatorum.
427 1162 445 1180 *ἓ
470 1162 621 1202 proprius
663 1167 778 1192 autem
815 1164 866 1191 est

137 1206 287 1245 splendor
310 1207 476 1245 equitum,
493 1206 580 1236 unde
606 1207 737 1246 proprie
762 1206 867 1245 splen-

140 1250 222 1286 didi,
244 1254 283 1279 ut
299 1249 338 1279 de
365 1249 458 1290 plebe
487 1250 651 1286 homines,
669 1249 801 1279 honesti
818 1249 867 1279 di—

141 1298 280 1330 cuntur,
294 1298 329 1323 et
343 1295 473 1323 senatui
490 1294 672 1323 auctoritas
693 1293 864 1324 tribuitur.

141 1336 238 1367 Rosc.
254 1336 329 1366 Am.
346 1340 399 1368 48.
422 1338 571 1377 splendor
585 1342 749 1376 equester.
774 1336 864 1366 Sext.

141 1380 194 1410 65.
232 1381 469 1411 auctoritatem
515 1386 650 1411 senatus
702 1380 870 1420 splendore

140 1424 368 1463 proximorum
385 1425 539 1454 ordinum
557 1425 757 1454 confirmari.
774 1424 815 1453 cf.
827 1423 870 1453 ad

141 1467 218 1498 Div.
236 1468 257 1497 i.
275 1471 307 1498 3.
333 1469 392 1497 &c.
417 1469 436 1486 ᾗ
449 1469 488 1498 de
505 1468 737 1507 magnitudine
751 1468 867 1497 animi.

141 1510 237 1541 Brut.
255 1515 307 1546 77.
332 1513 435 1542 animi
451 1513 608 1552 splendor.

187 1555 373 1595 SJmndalia.
398 1556 455 1586 Or.
471 1556 503 1586 ii.
521 1557 574 1586 46.
598 1565 675 1585 cum
698 1565 737 1585 ex
757 1564 869 1594 perso-

142 1609 187 1628 na
210 1599 379 1630 histrionis
405 1599 492 1629 oculi
520 1599 634 1630 ardere
662 1599 867 1635 viderentur,

141 1643 309 1682 spondalicz
337 1643 395 1673 illa
426 1643 566 1673 dicentis
594 1644 653 1673 διο.
689 1642 869 1682 Spondolici

142 1691 239 1716 erant
255 1688 416 1724 earmina,
433 1697 506 1726 quae
523 1688 611 1718 inter
625 1687 788 1716 sacrificia
812 1685 868 1716 ad-

142 1729 247 1760 hiberi
262 1730 424 1767 solebant,
435 1730 590 1760 adhibitis
603 1732 705 1760 etiam
722 1730 868 1760 tibicini-

141 1773 216 1810 bus,
233 1784 275 1803 ne
290 1775 480 1804 sacrificans
493 1774 618 1813 aliquid
636 1774 723 1804 male
739 1774 868 1803 omina-

140 1823 216 1847 tum
234 1817 348 1848 audire
374 1822 496 1858 posset.
521 1818 728 1848 Constabant
753 1822 867 1847 autem

144 1862 288 1891 maxime
305 1872 343 1892 eo
366 1862 462 1902 pede,
480 1862 536 1900 qui
553 1861 725 1901 Spondeus
750 1861 790 1890 ab
813 1860 872 1891 illa

144 1905 215 1943 ipsa
253 1915 286 1935 re
325 1905 459 1942 (licitur,
485 1910 620 1945 propter
658 1905 868 1944 gravitatem.

144 1947 321 1987 Spondalia
337 1953 449 1979 autem
464 1955 515 1978 est
531 1949 631 1979 lectio
647 1949 848 1978 Gruteriana
862 1960 869 1977 :

141 1992 318 2022 Turnebus
343 1993 546 2033 Spondialia,
574 1992 754 2022 Salmasius
780 1997 871 2022 recte

143 2035 350 2076 Spondaulia
376 2037 555 2075 legendum
586 2040 712 2071 censet,
741 2043 779 2065 ut
796 2036 868 2074 jam

144 2084 301 2110 notatum
328 2087 378 2110 est
408 2082 442 2110 in
468 2080 588 2110 Lexieo
607 2080 712 2109 Fabri.
732 2089 761 2109 v.
786 2080 869 2110 Bur-

145 2132 236 2153 man.
261 2133 327 2154 sec.
353 2131 378 2154 t.
397 2124 430 2154 ii.
454 2123 641 2154 Siculorum
659 2122 812 2154 Dorvillii
839 2133 872 2163 p.

144 2169 218 2201 5722.

188 2210 362 2251 Spondere,
385 2212 517 2252 proprie
533 2215 584 2242 est
608 2211 730 2249 dicere,
762 2214 801 2241 ut
830 2220 868 2240 ex

143 2255 328 2294 composito
345 2256 541 2296 respondere
567 2255 787 2294 intelligitur:
814 2254 870 2284 de-

144 2297 221 2327 inde
238 2299 272 2328 in
296 2299 569 2338 stipulationibus
600 2299 769 2338 signifieat
795 2308 870 2338 pro-

143 2343 291 2372 mittere.
336 2343 424 2373 Nam
444 2344 499 2382 qui
515 2342 711 2383 stipulatur,
728 2343 871 2372 interro-

144 2392 219 2424 gat:
244 2387 416 2425 spondesne
432 2397 462 2416 v.
479 2397 506 2417 c.
524 2386 610 2416 hanc
624 2387 802 2426 pecuniam
819 2396 870 2415 so-

143 2427 255 2459 lutum
273 2430 312 2459 iri
330 2431 342 2460 ?
370 2430 454 2460 alter
468 2430 646 2470 respondet
661 2442 667 2460 z
699 2430 847 2470 spondeo
863 2442 869 2459 ι

144 2472 176 2502 h.
193 2482 221 2503 e.
239 2474 411 2512 promitto.
444 2474 541 2504 Rosc.
559 2474 654 2504 Com.
677 2476 709 2504 4.
732 2473 871 2513 stipula-

143 2521 199 2546 tus
217 2526 250 2546 es
265 2517 276 2546 ?
308 2517 363 2547 ubi
381 2518 392 2547 ?
419 2528 484 2557 quo
501 2517 553 2548 die
569 2518 580 2548 ἓ
608 2527 673 2557 quo
689 2518 868 2556 tempore?

143 2569 209 2599 quo
224 2565 385 2600 praesente
399 2561 412 2591 ?
446 2561 519 2600 quis
541 2561 738 2601 spopondisse
753 2571 806 2590 me
824 2560 872 2590 di-

144 2604 217 2633 cit?
244 2613 354 2634 nemo.
380 2605 475 2635 Verr.
503 2615 533 2634 v.
551 2608 600 2635 54.
627 2609 667 2634 ut
692 2604 872 2643 aliquando

143 2647 296 2686 spondere
309 2647 351 2677 'se
369 2648 516 2678 diceret:
541 2659 586 2678 se.
612 2649 654 2685 is,
677 2648 734 2687 qui
757 2648 872 2687 jussus

143 2695 216 2720 erat
231 2699 282 2721 ns.
295 2691 423 2722 duobus
440 2691 587 2722 millibus
600 2692 811 2731 sponsionem
825 2691 874 2721 fa-

144 2744 219 2764 cere
231 2744 307 2764 cum
326 2735 442 2765 lictore
458 2745 532 2772 suo,
544 2736 578 2765 ni
591 2735 689 2765 furtis
706 2738 872 2773 quaestum

141 2777 277 2809 faceret.
297 2788 324 2807 v.
348 2779 494 2818 sponsio.
518 2781 538 2800 ¹*
553 2779 704 2818 spondere
727 2788 786 2818 pro
811 2778 870 2808 ali-

142 2831 221 2859 quo,
248 2825 299 2851 est
328 2822 427 2852 fidem
451 2831 546 2852 suam
571 2823 785 2861 interponere
811 2832 870 2862 pro

143 2864 256 2904 aliquo
280 2866 314 2895 in
341 2875 375 2896 re
399 2865 602 2905 pecuniaria.
648 2865 736 2897 Nam
755 2866 781 2895 si
797 2866 869 2903 quis

144 2909 322 2947 pecuniam
349 2915 505 2941 mutuam
527 2908 681 2951 petebat,
711 2909 765 2940 cui
794 2912 870 2940 tuto

1542 101 1624 139 435
1647 114 1649 116 ’

894 201 983 233 credi
1002 212 1067 233 non
1085 210 1179 242 posse
1195 199 1382 238 videbatur,
1400 198 1536 240 petebat
1551 208 1623 229 cre-

897 247 984 276 ditor
1001 247 1041 276 ab
1057 256 1110 283 eo,
1128 250 1166 275 ut
1182 244 1326 283 aliquem
1341 244 1448 281 daret,
1461 244 1516 282 qui
1533 242 1624 272 solu-

896 296 972 320 tum
1005 290 1043 320 iri
1071 289 1303 329 promitteret:
1337 287 1370 317 h.
1394 297 1423 317 e.
1446 287 1624 327 sponderet.

895 333 965 363 Att.
984 334 1038 363 xii.
1068 336 1116 363 14.
1140 333 1222 362 scire
1246 331 1359 368 velim,
1377 331 1508 369 quando
1534 329 1626 359 dieat

896 377 1104 416 spopondisse,
1117 381 1152 405 et
1161 385 1219 416 pro
1234 383 1342 414 patre,
1355 383 1441 404 anne
1454 383 1514 413 pro
1526 373 1593 403 filio
1608 374 1621 402 ἓ

900 420 978 450 ibid.
992 423 1040 453 17.
1051 429 1110 459 pro
1121 418 1299 449 Cornificio
1310 428 1362 447 me
1374 417 1494 447 abhinc
1505 416 1628 456 ampli-

899 473 936 493 us
954 464 1048 493 annis
1075 473 1138 492 xxv
1161 462 1366 502 spopondisse.
1384 460 1425 490 ad
1448 461 1543 491 Brut.
1568 469 1622 498 ep.

904 510 953 537 18.
976 506 1082 546 magis
1097 507 1187 535 enim
1210 506 1318 541 illum,
1336 514 1394 545 pro
1412 514 1476 542 quo
1492 512 1625 543 spopon-

899 551 944 588 di,
959 561 1058 589 quam
1076 560 1129 579 me
1146 549 1290 588 obligavi
1312 550 1370 578 διο.
1388 547 1428 577 de
1445 548 1543 577 verbo
1560 546 1624 576 hoc

900 594 1000 633 longa
1016 601 1049 623 et
1070 593 1168 623 docta
1186 592 1368 632 disputatio
1383 598 1434 621 est
1450 590 1539 631 apud
1555 589 1626 620 Sal-

902 648 982 667 mas.
1000 637 1087 667 mod.
1105 637 1203 667 Usur.
1220 647 1248 666 e.
1270 636 1319 666 16.

944 681 1112 721 Sprmsalia
1124 680 1295 716 dicuntur,
1313 688 1389 709 cum
1400 681 1494 718 pater
1510 687 1544 707 se
1560 675 1626 706 fili-

901 735 953 754 am
972 725 1071 755 alicui
1089 724 1246 754 daturum
1272 722 1426 762 spondet.
1448 722 1519 751 Att.
1536 720 1578 750 vi.
1595 720 1627 750 6.

903 769 999 798 factis
1022 769 1230 808 sponsalibus
1269 770 1288 787 ’ἓ
1304 766 1507 802 convivium,
1540 763 1629 803 quod

899 813 1079 852 praebetur,
1105 822 1182 841 cum
1206 811 1366 850 sponsalia
1393 810 1493 839 fiunt.
1519 807 1561 837 ad
1583 808 1627 847 Q.

904 855 954 885 Fr.
972 857 1005 885 ii.
1032 853 1065 886 6ss
1097 865 1126 885 a.
1146 854 1177 884 d.
1201 855 1268 884 viii.
1293 853 1341 883 Id.
1369 852 1447 893 Apr.
1464 853 1629 891 sponsalia

905 899 1091 939 Crassipedi
1119 899 1208 936 dedi,
1225 898 1278 927 cni
1305 897 1456 927 convivio
1480 895 1629 936 Quintus

903 947 981 973 tuus
999 943 1116 973 defuit.

948 987 1078 1026 Sponsio
1092 989 1142 1016 est
1156 986 1288 1025 proprie
1300 984 1474 1025 promissio
1485 983 1555 1022 ejus
1569 983 1630 1020 rei,

905 1040 1004 1069 quam
1024 1030 1108 1060 alter
1124 1029 1318 1070 stipulatur.
1334 1039 1363 1058 v.
1379 1027 1553 1068 spondere.
1589 1026 1630 1056 In

907 1075 1138 1104 controversiis
1154 1073 1303 1113 privatis,
1320 1082 1361 1102 ne
1374 1071 1548 1102 calumniis
1566 1071 1631 1100 im-

906 1128 994 1158 pune
1012 1118 1085 1156 quis
1102 1117 1245 1148 alterum
1263 1120 1409 1153 vexaret,
1427 1121 1486 1145 aut
1502 1114 1632 1145 solebat

906 1169 1031 1191 certam
1046 1161 1222 1201 pecuniam
1232 1160 1395 1200 deponere
1406 1159 1543 1200 petitor,
1555 1167 1630 1197 quae

905 1209 1153 1235 sacramentum
1169 1203 1354 1240 dicebatur,
1373 1202 1412 1233 de
1430 1213 1494 1241 quo
1516 1212 1630 1241 supra,

908 1254 967 1278 aut
983 1253 1118 1278 tantum
1137 1247 1333 1288 spondebat,
1361 1257 1395 1276 se
1413 1247 1559 1285 aliquam
1575 1255 1634 1285 pe·

906 1293 1014 1322 cuniae
1032 1301 1198 1322 summam
1226 1291 1396 1327 daturum,
1413 1291 1447 1320 ni
1471 1290 1633 1326 vinceret,

905 1336 1090 1376 stipulante
1118 1346 1169 1373 eo,
1196 1335 1285 1365 unde
1312 1334 1498 1374 petebatur.
1544 1333 1633 1364 eum

907 1386 1021 1409 autem
1049 1379 1272 1420 spoponderat
1298 1379 1435 1419 petitor,
1458 1377 1548 1407 idem
1573 1377 1634 1406 sti·-

907 1423 1085 1463 pulabatur
1098 1423 1137 1453 ab
1154 1433 1205 1459 eo,
1219 1422 1305 1452 unde
1322 1421 1512 1462 petebatur,
1529 1423 1563 1450 et
1578 1419 1634 1449 hic

906 1467 1022 1496 eodem
1039 1466 1136 1498 modo
1152 1466 1347 1506 spondebat.
1392 1465 1436 1495 Et
1450 1464 1529 1494 hinc
1545 1464 1636 1493 dice-

905 1511 1006 1541 batur
1021 1511 1060 1549 is,
1078 1511 1133 1550 qui
1159 1510 1252 1540 litem
1277 1509 1485 1545 intendebat,
1501 1509 1636 1548 sponsio-

905 1564 979 1585 nem
993 1554 1113 1584 facere.
1137 1554 1254 1594 Quint.
1280 1557 1310 1584 8.
1334 1556 1386 1587 27.
1408 1553 1502 1583 Verr.
1518 1552 1564 1582 iii.
1580 1552 1634 1582 62.

908 1599 1032 1629 Caecin.
1046 1602 1076 1629 8.
1102 1598 1199 1628 Rosc.
1218 1597 1312 1627 Com.
1327 1600 1359 1627 4.
1379 1599 1410 1627 5.
1432 1596 1496 1627 Off.
1513 1596 1560 1626 iii.
1583 1598 1634 1629 19.

908 1642 971 1672 vid.
995 1642 1134 1672 Hotom.
1151 1641 1193 1671 ad
1218 1651 1267 1681 pr.
1283 1640 1400 1680 Quint.
1415 1643 1444 1670 8.
1465 1646 1499 1670 et
1513 1640 1634 1680 sponsio

906 1686 1030 1716 dicitur
1045 1695 1104 1725 pro
1127 1695 1239 1722 causa,
1257 1694 1331 1724 quae
1357 1684 1481 1723 agitur,
1498 1693 1524 1714 s.
1541 1683 1636 1722 judi-

906 1731 970 1767 cio,
997 1729 1084 1767 quod
1098 1728 1299 1765 intenditur,
1315 1728 1439 1767 agitur,
1455 1727 1634 1767 sponsione

907 1774 1117 1813 interposita,
1126 1782 1152 1803 s.
1167 1773 1312 1810 actione,
1322 1781 1394 1811 quae
1408 1772 1448 1801 fit
1456 1771 1634 1811 sponsione

908 1817 1116 1857 interposita.
1136 1817 1223 1846 Caec.
1251 1816 1299 1846 16.
1321 1817 1517 1856 sponsionem
1547 1814 1637 1854 opti-

909 1871 962 1891 me
978 1860 1087 1891 facere
1114 1870 1222 1900 posse,
1238 1860 1362 1890 dicitur
1377 1859 1416 1889 de
1433 1869 1485 1895 eo,
1509 1858 1635 1898 quiju-

908 1910 995 1935 stam
1008 1914 1142 1934 causam
1153 1904 1264 1934 habet.
1276 1903 1356 1933 hinc
1365 1908 1400 1932 et
1416 1902 1488 1932 aliae
1503 1901 1632 1932 formu-

910 1949 961 1978 lae.
995 1948 1089 1978 verr.
1117 1948 1163 1978 iii.
1195 1950 1248 1981 57.
1270 1947 1432 1987 sponsione
1459 1946 1633 1977 lacessere.

910 1992 1034 2022 Caecin.
1057 1993 1110 2022 32.
1145 1992 1306 2031 sponsione
1336 1996 1475 2020 certare.
1505 1990 1548 2020 ib.
1577 1992 1632 2021 31.

908 2035 1123 2066 condemnari
1137 2035 1318 2074 sponsionis.
1340 2034 1458 2074 Quint.
1474 2035 1526 2067 27.
1542 2042 1634 2073 spon-

907 2082 992 2110 sione
1022 2079 1165 2109 vincere.
1192 2079 1317 2109 Caecin.
1349 2081 1401 2108 31.
1436 2078 1634 2117 sponsionem

908 2125 1050 2153 vincere.
1068 2123 1133 2153 vid.
1148 2121 1396 2152 vincere.Verr.
1408 2121 1456 2151 iii.
1473 2122 1526 2151 62.
1543 2130 1637 2160 spon-

908 2169 1007 2197 siones
1022 2165 1202 2206 prohibitas
1218 2165 1375 2205 judicari.
1399 2165 1510 2204 *Leg
1530 2165 1564 2195 ii.
1584 2164 1635 2195 16.

909 2212 977 2241 voti
993 2211 1126 2250 sponsio,
1144 2220 1210 2249 qua
1223 2209 1412 2248 obligamur
1426 2208 1511 2239 Deo.

953 2253 1102 2295 Sponsor,
1126 2254 1182 2293 qui
1209 2263 1268 2293 pro
1294 2252 1400 2283 altero
1414 2252 1568 2292 spondet.
1593 2250 1636 2282 ad

908 2298 984 2329 Div.
997 2308 1027 2328 v.
1045 2301 1094 2329 18.
1110 2307 1238 2338 sponsor
1250 2306 1284 2326 es
1296 2306 1355 2336 pro
1368 2296 1537 2336 Pompeio.
1554 2295 1636 2326 ibid.

908 2342 964 2373 vii.
983 2345 1013 2372 5.
1035 2351 1163 2381 sponsor
1179 2340 1399 2371 humanitatis
1408 2343 1488 2370 tuae.
1507 2339 1549 2369 cf.
1565 2339 1637 2370 Att.

908 2386 977 2416 xiii.
998 2389 1046 2416 10.
1071 2386 1136 2415 xvi.
1154 2387 1184 2415 5.
1209 2385 1275 2415 i.8.
1294 2387 1343 2414 10.
1367 2393 1418 2413 xv.
1437 2386 1466 2414 5.
1493 2384 1558 2413 xvi.
1589 2386 1640 2415 15.

909 2429 1194 2468 hincjunguntur
1219 2427 1398 2458 creditores
1415 2433 1450 2457 et
1465 2437 1637 2468 sponsores,

911 2472 1013 2512 quod,
1029 2473 1085 2511 qui
1109 2482 1169 2513 pro
1195 2471 1300 2502 altero
1320 2472 1355 2501 in
1385 2481 1419 2501 re
1446 2471 1642 2511 pecuniaria

912 2516 1177 2557 spoponderunt,
1195 2516 1229 2545 in
1247 2515 1363 2545 eodem
1382 2514 1529 2554 periculo
1545 2519 1641 2552 sunt,

913 2570 978 2600 quo
995 2560 1189 2590 creditores.
1202 2559 1321 2599 Quint.
1338 2560 1391 2589 23.

957 2603 1130 2644 Sponsum,
1148 2603 1292 2644 sponsio·
1315 2602 1433 2642 Quint.
1449 2606 1481 2637 9.
1496 2612 1535 2632 ex
1551 2611 1645 2643 spon-

909 2658 941 2678 so
957 2648 1038 2686 egit.

960 2691 1080 2731 Sponte
1095 2699 1168 2728 sua,
1181 2699 1242 2720 sua
1259 2693 1392 2726 natura,
1408 2698 1468 2730 per
1482 2699 1528 2720 se.
1544 2689 1647 2721 Tusc.

914 2735 956 2765 iv.
995 2737 1043 2765 15.
1076 2743 1140 2764 sua
1169 2738 1278 2774 sponte
1311 2732 1486 2763 laudabilis
1526 2734 1646 2765 virtus.

913 2778 1006 2808 Verr.
1038 2778 1060 2808 i.
1085 2779 1139 2808 4⁶2.
1169 2787 1229 2808 sua
1260 2781 1367 2817 sponte
1395 2776 1558 2807 scelerata
1585 2787 1649 2809 res.

913 2821 971 2851 Or.
1000 2823 1053 2852 3⁶2.
1090 2831 1152 2851 sua
1173 2825 1283 2860 sponte
1313 2819 1525 2859 squalidiora.
1562 2820 1652 2852 *sua

913 2869 1022 2905 sponte
1035 2864 1145 2894 facere
1168 2864 1291 2894 dicitur
1307 2864 1424 2901 etiarn,
1441 2865 1497 2902 qui
1521 2864 1652 2903 primus

914 2909 1007 2945 facit,
1025 2913 1065 2938 ut
1084 2913 1202 2939 auctor
1219 2907 1265 2939 rei
1289 2907 1355 2938 dici
1381 2908 1496 2948 possit.
1520 2906 1613 2939 Verr.
1631 2907 1656 2939 i.

958 2959 976 2981 r
993 2952 1007 2982 f
1027 2953 1047 2983 2
