1985 3206
190 48 247 86 42

191 142 359 174 Misenum
387 145 422 173 et
457 143 617 174 Minervae
650 146 916 184 promontorium

195 186 448 223 amoenissimus,
463 186 502 216 de
524 196 588 226 quo
603 196 633 217 v.
657 186 776 217 Strabo
790 187 814 218 l.
835 199 866 219 v.
881 188 916 219 in

194 236 234 257 eo
251 231 285 256 et
301 227 402 259 Baiae.

242 268 351 306 Creta,
368 269 476 300 insula
491 270 605 301 Graeca
615 270 702 301 inter
716 271 868 311 AEgaeum
883 276 916 303 et

196 311 412 351 Cyrenaicum
429 322 530 342 mare.

244 352 365 389 Cretes,
380 354 479 385 Tusc.
495 355 530 384 ii.
548 357 595 384 14.
612 354 729 384 incolae
744 355 863 386 Cretae.

244 395 446 432 Orod-anum,
472 406 531 436 pro
559 396 684 426 Fontei.
709 399 738 427 5.
768 407 827 437 pro
853 408 917 437 quo

195 435 253 466 alii
281 437 469 467 Crodimum
496 439 632 477 legunt:
657 438 746 468 locus
775 440 838 469 fuit
861 441 918 470 ob-

195 488 309 508 scurus
334 480 367 509 in
398 480 566 519 provincia
590 480 711 518 Gallia,
738 481 823 511 forte
851 491 918 513 non

197 521 312 561 procul
325 522 457 551 Tolosa.

245 562 528 600 Crommiu-Acrm,
555 563 596 594 ad
615 563 691 594 Div.
715 564 770 594 xii.
791 575 841 605 ep.
868 569 917 597 13.

196 607 461 644 promontorium
484 606 595 645 Cypri,
611 605 744 648 κςομμύε
761 608 840 650 ἄκρα
860 609 917 639 Gr.

197 652 314 677 contra
335 648 563 683 Anemurium,
579 650 843 688 promontorium
866 651 921 682 Ci-

194 688 290 719 liciae.
306 700 336 718 v.
349 691 474 720 Victor.
490 690 529 720 ad
543 690 576 720 h.
591 691 614 720 l.

246 730 373 768 Croton,
390 731 430 762 ad
452 732 522 762 ΑΗ.
543 732 585 763 ix.
614 736 661 766 19,
685 733 761 763 urhs
785 734 818 764 in
837 734 921 765 Bru-

197 773 272 803 tiis:
298 774 383 804 unde
403 774 606 811 Crotoniatae,
622 775 661 804 de
678 775 808 807 Iuvent.
823 777 855 808 ii.
873 781 899 807 1.

245 814 458 846 (Jmstumessna
473 817 590 852 tribus,
608 817 719 848 Plane.
740 819 788 849 16.

246 857 378 895 Cularo,
395 869 424 888 v.
447 859 573 889 Calvam.

244 899 367 937 Curnoe,
395 901 471 931 urbs
499 902 708 941 Campaniae3
742 902 827 931 unde
861 903 923 933 Cu-

197 944 302 978 mani,
327 943 443 973 incolae
461 943 562 979 urbis,
587 949 621 974 et
645 944 812 974 Cummzus
834 955 922 985 ager,

198 983 275 1023 Agr.
293 985 325 1014 ii.
339 986 389 1015 26.

246 1027 443 1063 Cumanum,
467 1027 507 1058 ad
530 1028 600 1058 Att.
624 1029 664 1058 iv.
692 1031 738 1059 10.
765 1029 924 1069 praedium

198 1067 344 1109 Pompeii
361 1080 460 1110 prope.
477 1071 607 1100 Cumas.

245 1110 442 1149 Cumanum,
459 1112 557 1143 Acad.
574 1114 595 1143 i.
616 1116 643 1143 1.
663 1113 821 1153 praedium
843 1113 924 1143 Var-

195 1162 296 1183 «roms.

246 1195 356 1234 Cures,
371 1196 411 1226 ad
432 1196 508 1227 Div.
529 1206 579 1226 xv.
595 1208 646 1238 ep.
669 1199 720 1227 ⁶20.
742 1197 819 1227 urbs
835 1197 924 1227 Sabi-

197 1245 318 1268 norum
333 1240 495 1280 princePS‚
510 1238 596 1269 unde
619 1240 717 1271 Cares
732 1240 862 1270 Sctbt‘noe
877 1239 924 1270 di-

197 1284 330 1310 cuntur.

246 1321 415 1360 Cybiratoe,
430 1327 460 1353 v‘.
480 1323 655 1364 Cibyratae.

245 1363 406 1403 Cybistra,
422 1365 463 1395 ad
486 1366 559 1397 niv.
583 1375 637 1397 xv.
657 1376 708 1406 ep.
732 1368 762 1397 2.
779 1368 810 1396 4.
835 1366 926 1407 oppi-

199 1404 278 1436 dum
294 1407 519 1447 Cappadociae.

248 1448 389 1487 Cydnus,
402 1450 572 1480 flumenin
584 1449 711 1486 Cilicia,
722 1451 807 1480 Phil.
822 1451 854 1481 ii.
878 1453 925 1481 11.

247 1490 394 1530 Cymaeus
410 1492 556 1528 Fundus,
573 1502 630 1532 pro
650 1492 724 1523 Fac.
739 1495 790 1524 ΞΟ.
806 1493 846 1523 ad
868 1493 927 1533 Cy-

200 1542 287 1568 men,
301 1534 418 1564 AEoliae
434 1534 600 1574 oppidum.

249 1575 385 1615 Cyprus,
403 1577 509 1607 insula
531 1577 674 1606 Asiatica
689 1586 705 1606 e
722 1577 853 1616 regione
872 1577 926 1607 Ci-

200 1616 286 1647 liciae
304 1627 437 1657 asperae,
454 1619 540 1648 unde
563 1620 729 1649 Ciceronis
752 1620 926 1659 provinciae

203 1659 327 1690 Ciliciae
342 1662 504 1691 attributa
516 1666 597 1691 erat.

249 1701 391 1740 quenoe,
407 1713 466 1742 pro
482 1703 594 1733 Planc.
608 1705 637 1733 5.
649 1703 726 1732 urbs
740 1702 926 1742 Cyrenaicae

201 1745 342 1781 regionis
357 1745 389 1773 in
399 1746 519 1781 Africa,
534 1746 618 1775 unde
633 1745 815 1784 Cjzlremczm,
827 1745 926 1776 Tusc.

201 1786 265 1825 Qu.
281 1787 302 1816 i.
320 1789 371 1817 4⁰..
388 1794 422 1817 et
441 1788 647 1827 (yrenaicns,
664 1787 763 1817 Acad.
778 1788 818 1817 iv.
832 1790 883 1818 42.

250 1827 466 1867 Cyrrhestica,
481 1829 521 1859 ad
543 1830 614 1859 Att.
638 1840 667 1858 v.
700 1832 746 1860 18.
771 1839 844 1869 pars
868 1832 926 1870 Sy-

201 1869 270 1906 riae,
298 1872 436 1901 confinis
461 1872 597 1908 Ciliciae,
632 1881 751 1901 nomen
780 1871 878 1901 habet
908 1884 927 1902 a

207 1911 331 1950 (jur-rho
346 1914 438 1950 urbe,
456 1914 540 1945 Plin.
556 1924 586 1943 v.
603 1916 654 1945 23.
679 1923 751 1952 qua?
767 1923 833 1943 non
848 1924 926 1944 con-

201 1954 368 1985 fundenda
383 1960 433 1985 est
447 1966 520 1985 cum
540 1956 661 1993 Cym-ho
677 1955 891 1992 Macedoniae,
909 1967 928 1986 a

203 2005 267 2034 qua
291 1997 495 2035 Cyrrhestica
518 1999 672 2028 ,Minerva
690 1997 822 2034 dicitur,
842 1998 927 2036 quod

202 2038 237 2067 in
253 2049 290 2068 ea
304 2040 383 2069 urbe
399 2040 561 2079 templum
580 2041 737 2070 Minervae
752 2039 926 2070 Alexandri

201 2079 251 2110 Μ.
260 2081 350 2119 jussu
360 2087 562 2112 exstructum
577 2087 635 2111 est.
646 2081 849 2111 vid.Dio‹10r.
862 2082 925 2112 Sic.

203 2121 224 2151 l.
238 2123 326 2153 xviii.
338 2134 368 2163 p.
383 2127 454 2154 534.
470 2134 547 2154 nam
564 2125 607 2154 ibi
622 2134 680 2164 pro
694 2125 718 2154 ἔν
733 2123 821 2166 κύξνῳ
833 2123 860 2154 δὲ
875 2127 927 2158 τῆς

199 2164 342 2203 Ἀθηνᾶς,
365 2175 409 2196 sc.
433 2166 596 2205 templum
619 2168 741 2196 exstrui
756 2168 868 2205 jussit,
884 2167 928 2197 le-

201 2207 357 2245 gendum,
365 2213 498 2238 auctore
507 2209 664 2238 wesselin
670 2210 721 2246 gio
731 2209 770 2238 ad
778 2209 789 2238 1
796 2210 928 2239 tinerar.

204 2250 332 2280 Hieros.
349 2261 381 2289 p.
393 2251 464 2280 606.
478 2252 501 2280 ἔν
517 2251 617 2292 κύῤῥῳ.
657 2251 735 2281 Inde
749 2256 873 2287 autem,
889 2255 928 2281 ut

200 2291 263 2321 hoc
286 2292 454 2328 addamus,
479 2294 587 2323 cultus
611 2293 763 2329 migravit
786 2293 819 2322 in
842 2294 929 2332 Syri-

201 2344 268 2370 am,
283 2334 338 2364 ubi
355 2335 517 2374 templum
542 2336 753 2374 Cysrrlzestieoe
771 2336 930 2365 llffz'nerroe

202 2381 364 2406 memorat
385 2377 503 2406 Strabo
526 2378 548 2407 1.
575 2378 638 2407 xvi.
662 2388 692 2417 p.
720 2381 808 2410 1090.
856 2377 930 2416 Ipsa

202 2419 278 2448 urbs
307 2418 453 2457 (sm-rhus
468 2420 569 2459 Syriae
591 2421 630 2449 ab
650 2419 754 2449 altera
776 2419 929 2449 Macedo-

201 2461 266 2490 niae
290 2470 411 2490 nomen
433 2463 571 2491 traxisse
595 2461 736 2497 videtur,
761 2465 797 2490 ut
821 2461 929 2500 plures

202 2503 275 2532 alia:
297 2503 393 2532 urbes
425 2504 526 2543 Syriae
554 2505 767 2541 cognomines
796 2504 930 2532 urbibus

202 2545 406 2574 Maoedonioe
426 2551 460 2575 et
474 2545 654 2575 Thessaliae
670 2546 828 2581 invenias,
845 2545 931 2583 quod

202 2587 239 2616 iis
254 2587 401 2617 Thessali
416 2592 450 2617 et
471 2588 665 2617 Macedones
685 2597 818 2617 suarum
842 2588 931 2616 urbi-

202 2638 258 2658 um
284 2629 418 2659 nomina
434 2630 588 2660 tribuere.
605 2640 634 2659 ν.
648 2630 781 2659 Vossius
804 2628 844 2658 ad
859 2629 931 2659 Me-

201 2670 266 2700 lam
285 2681 314 2709 p.
331 2673 403 2701 443.

233 2714 400 2751 .('312icum
419 2718 453 2743 et
477 2712 621 2752 Cyzicus,
638 2713 714 2743 urbs
738 2712 852 2750 Mysiae
870 2713 931 2742 mi-

201 2756 303 2791 noris,
325 2755 366 2785 ad
393 2756 638 2796 Propontidem,
661 2765 686 2785 s.
712 2754 930 2793 Hellesponti.

200 2796 287 2827 Nam
316 2799 350 2827 in
380 2797 541 2827 Hieroclis
568 2797 767 2837 Synecdemo
794 2797 932 2835 Cyzicus

202 2838 411 2881 Hellesponti
428 2840 620 2881 metropolis
636 2843 699 2877 est,
721 2838 933 2879 quemadmo-

637 59 805 88 ‘INDEX
839 54 1243 90 GEOGRAPnl‘cUs.

957 145 1035 176 dum
1064 156 1094 176 v.
1124 157 1152 177 e.
1177 146 1390 185 Lampsacus,
1416 145 1502 186 qu'od
1530 146 1582 188 ap.
1611 145 1694 178 eie:

957 187 1050 218 Verr.
1066 188 1088 218 i.
1109 190 1161 219 24.
1178 187 1332 228 oppidum
1348 188 1381 218 in
1397 188 1613 230 Hellesponto
1634 189 1683 220 di-

958 230 1056 267 citur,
1072 230 1158 269 quod
1178 231 1218 260 ab
1233 230 1303 260 aliis
1319 229 1358 260 ad
1378 230 1516 271 Mysiam
1533 231 1682 262 refertur.

958 281 988 302 v.
1004 273 1038 302 in
1050 272 1288 311 Hellespontus.
1305 271 1343 301 In
1357 272 1441 303 bello
1456 273 1682 304 Mithridatico

960 314 1062 344 nobili
1080 314 1247 344 obsidione
1262 313 1427 352 inclaruit,
1442 319 1476 345 et
1491 315 1552 345 hoe
1575 315 1677 346 nomi-

959 364 1000 385 ne
1020 365 1105 396 saepe
1129 355 1215 396 apud
1234 356 1426 388 Ciceronem
1447 367 1683 389 commemora-

959 401 1026 428 tur.
1071 398 1151 429 Inde
1170 397 1352 438 Cyzicena-r.

1304 483 1349 514 D.

1003 564 1196 603 Dalmatia,
1220 567 1308 606 regio
1329 567 1483 609 Europae,
1498 567 1628 609 Illyrico
1648 569 1683 600 et

962 606 1087 638 Moesiae
1101 610 1251 639 confinis.

1004 649 1134 687 Danai,
1150 652 1269 688 Graeci,
1286 663 1306 682 a
1319 652 1448 683 Danao.

1005 692 1164 723 Dardani
1178 695 1266 724 Sext.
1281 696 1333 725 43.
1350 693 1467 724 incolae
1489 693 1681 731 Dardaniae,

963 744 1035 773 quae
1053 740 1104 766 est
1118 745 1191 775 pars
1207 736 1332 767 Moesiae
1349 736 1534 776 superioris,
1551 736 1683 777 Illyrico

963 783 998 806 et
1013 777 1215 808 Macedoniae
1232 778 1385 808 finitima.

1006 818 1124 856 Delus,
1140 820 1245 850 insula
1258 820 1390 850 celebris
1402 824 1536 860 propter
1546 819 1686 850 Latonae

963 865 1096 901 partum
1120 866 1155 892 et
1169 862 1374 901 religionem,
1389 863 1423 892 in
1445 863 1527 892 mari
1548 863 1684 901 AEgaeo3

965 903 1051 932 unde
1063 903 1234 942 Delicta-us,
1246 905 1376 935 Orator.
1389 908 1440 938 70.
1457 906 1491 934 et
1506 903 1635 940 Delius,
1646 904 1686 935 de

966 945 1076 975 Divin.
1094 947 1115 976 i.
1132 949 1183 977 54.
1228 947 1370 978 Deliaca
1385 956 1477 983 vasa,
1501 946 1596 976 Rosc.
1612 945 1687 976 Am.

966 988 1018 1016 46.
1039 988 1132 1018 Verr.
1153 990 1195 1020 iv.
1214 992 1241 1019 1.
1257 989 1399 1020 Deliaca
1417 990 1572 1028 supellex,
1594 989 1688 1019 Verr.

966 1029 999 1059 ii.
1018 1032 1068 1062 7⁶2.
1095 1040 1125 1061 v.
1153 1031 1314 1062 Harduin.
1331 1032 1371 1061 ad
1394 1031 1479 1061 Plin.
1501 1030 1610 1060 xxxiii.
1638 1033 1688 1060 ll.

967 1071 1126 1103 Deliacus
1146 1074 1364 1109 Gallinarius,
1380 1073 1477 1103 Acad.
1491 1073 1523 1102 ii.
1541 1083 1568 1102 c.
1582 1073 1632 1102 96.
1647 1071 1689 1102 cf.

967 1124 995 1144 c.
1012 1117 1059 1145 18.
1070 1112 1101 1145 vv.
1114 1115 1236 1156 Taylor
1253 1116 1293 1146 ad
1305 1115 1453 1147 Marmor
1473 1114 1688 1146 Sandvicense

967 1166 998 1196 p.
1016 1159 1066 1190 57.

1009 1198 1144 1238 Delphi,
1156 1199 1232 1229 urbs
1247 1198 1407 1229 Phocidis.

1009 1241 1177 1281 Delphica?
1192 1242 1326 1278 Mensoe,
1347 1241 1440 1272 Verr.
1451 1242 1494 1272 iv.
1514 1244 1565 1275 59.
1587 1249 1690 1279 genus

969 1283 1073 1320 abaci,
1090 1284 1140 1313 vel
1157 1286 1277 1314 mensae
1293 1294 1309 1313 e
1323 1293 1498 1319 marmore,
1519 1283 1605 1323 quod
1624 1283 1690 1323 pri-

969 1335 1060 1355 mum
1074 1325 1211 1367 Delphis
1222 1326 1345 1355 factum
1357 1331 1390 1355 et
1404 1326 1586 1356 inventum.
1602 1325 1689 1356 Plin.

968 1368 1074 1398 xxxiv,
1098 1371 1126 1398 5.
1147 1369 1202 1398 ubi
1220 1378 1249 1397 v,
1274 1367 1438 1398 Harduin.
1462 1368 1534 1398 add.
1563 1367 1691 1398 Ruben.

968 1409 1073 1440 Elect.
1089 1411 1109 1440 i.
1121 1410 1181 1440 ult.
1192 1410 1328 1440 Salmas.
1339 1408 1440 1449 adjus
1454 1410 1493 1440 R.
1503 1414 1537 1440 et
1548 1409 1587 1440 A.
1597 1420 1625 1439 e.
1639 1412 1691 1441 ⁶23.

1010 1447 1203 1489 Denseletae,
1219 1453 1251 1482 in
1269 1453 1379 1482 Pison.
1395 1455 1445 1483 34,
1468 1452 1618 1483 Thraciae
1632 1462 1691 1493 po-

968 1494 1037 1534 puli
1051 1506 1060 1532 3
1084 1496 1184 1525 etiam
1200 1494 1382 1525 Denteletoe
1395 1494 1561 1525 dicuntur.

1012 1535 1196 1573 Dertlzona,
1212 1535 1252 1567 ad
1267 1537 1341 1566 Div.
1357 1537 1399 1566 xi.
1413 1547 1463 1576 ep.
1482 1540 1530 1566 10.
1543 1535 1620 1566 urbs
1636 1534 1692 1565 Li-

968 1579 1083 1617 guriae,
1110 1579 1198 1608 inter
1231 1579 1380 1608 Genuam
1415 1583 1449 1609 et
1488 1578 1691 1609 Placentiam

969 1621 1044 1655 sita,
1061 1621 1200 1652 Colonia
1214 1621 1450 1651 Romanorum.

1011 1662 1190 1699 Dianium,
1213 1664 1247 1693 in
1268 1663 1362 1693 Verr.
1390 1663 1445 1693 lib.
1467 1663 1489 1694 i.
1507 1666 1558 1695 34.
1581 1672 1612 1692 v.
1638 1663 1690 1694 36.

968 1705 1123 1744 oppidum
1144 1705 1176 1735 in
1193 1705 1353 1745 Hispania
1368 1706 1493 1736 Baetica
1512 1704 1692 1743 maritima,

968 1747 1093 1777 dictum
1109 1758 1127 1777 a
1143 1747 1264 1783 Diana,
1280 1748 1441 1788 praecipue
1457 1747 1501 1777 ibi
1517 1748 1619 1777 culta.

1010 1789 1266 1828 Dionysipolita‘,
1283 1789 1323 1819 ad
1345 1790 1384 1829 Ω.
1410 1790 1462 1821 Fr.
1485 1790 1507 1819 i.
1531 1791 1559 1820 2.
1578 1792 1610 1820 2.
1634 1798 1695 1829 pro

968 1841 1032 1870 quo
1049 1831 1204 1861 Ursinus:
1223 1831 1485 1870 Dionysopoliloe,
1501 1842 1519 1861 a
1535 1831 1697 1874 Dz'o72y507

963 1875 1032 1912 poli
1060 1873 1209 1913 Phrygiae
1236 1874 1327 1909 urbe,
1356 1884 1427 1913 quae
1455 1873 1496 1903 ad
1527 1874 1695 1905 Ciceronis

970 1916 1169 1954 provinciam
1197 1915 1344 1945 Ciliciam
1372 1917 1544 1956 pertinuit,
1569 1916 1608 1946 de
1632 1926 1697 1955 qua

970 1958 1115 1996 loquitur
1131 1958 1256 1988 Cicero.

1012 2000 1163 2036 Dodona,
1176 2000 1253 2029 urbs
1267 2000 1371 2039 Epiri,
1387 2001 1419 2030 in
1435 2002 1526 2039 cujus
1542 2003 1695 2039 querceto

969 2042 1131 2081 templum
1151 2043 1241 2072 Jovis
1254 2046 1287 2071 ct
1308 2042 1491 2079 oraculum,
1514 2042 1600 2083 quod
1616 2042 1696 2072 dici-

970 2088 1026 2114 tur
1043 2084 1254 2118 Dodonoemn,
1269 2084 1307 2113 de
1326 2084 1400 2113 Div.
1416 2085 1438 2114 i.
1457 2087 1485 2116 1.

1012 2125 1164 2168 Dolopes,
1180 2125 1292 2166 populi
1309 2126 1410 2166 Epiri.
1502 2159 1503 2162 Ἴ

1012 2167 1164 2198 Domitia
1194 2169 1265 2204 Via,
1295 2168 1352 2198 Or.
1382 2177 1441 2207 pro
1474 2167 1571 2199 Font.
1600 2172 1631 2198 4.
1662 2167 1698 2198 in

971 2210 1079 2240 Gallia
1105 2210 1284 2249 provincia,
1312 2220 1410 2248 quam
1438 2220 1560 2240 nomen
1582 2210 1698 2240 tulisse

970 2256 1068 2292 putat
1089 2252 1322 2282 Hotomannus
1337 2263 1356 2281 a
1377 2252 1438 2282 Cn.
1463 2251 1626 2282 Domitio.
1642 2252 1710 2293 qui·

972 2294 1127 2324 Pro-Cos.
1156 2305 1231 2324 cum
1267 2294 1370 2324 Gallis
1400 2297 1434 2324 et
1465 2293 1698 2334 Allobrogibus

971 2336 1093 2366 bellum
1111 2337 1222 2375 gessit.
1703 2365 1707 2367 ,

1015 2378 1133 2413 Dares,
1157 2377 1270 2418 populi
1293 2377 1440 2413 Graeciae,
1464 2377 1498 2406 in
1520 2376 1657 2413 Aitolia,
1679 2388 1700 2408 a

973 2420 1064 2450 Doro
1091 2420 1159 2450 filio
1187 2419 1348 2456 Hellenis,
1374 2419 1430 2458 qui
1456 2423 1579 2449 terram
1608 2419 1699 2450 illam

972 2463 1096 2502 primus
1113 2462 1294 2502 occupavit.
1340 2494 1343 2496 ,

1015 2504 1223 2542 Dorylenses.
1238 2513 1298 2543 pro
1320 2502 1425 2532 Flace.
1445 2505 1492 2535 Π.
1511 2501 1627 2532 incolae
1642 2513 1701 2544 op-

973 2545 1044 2585 pidi
1055 2545 1212 2585 Doryloei,
1228 2545 1313 2584 quod
1326 2548 1396 2574 erat
1410 2545 1444 2574 in
1460 2543 1610 2582 Phrygia.
1641 2577 1643 2580 .

1016 2587 1280 2627 Drepanitanus,
1297 2587 1331 2616 in
1352 2586 1445 2617 Verr.
1461 2586 1496 2616 ii.
1515 2589 1566 2619 57.
1579 2597 1599 2615 a
1613 2585 1702 2617 Dre-

967 2639 1058 2669 pana
1074 2630 1191 2659 Siciliae
1204 2629 1323 2669 oppido
1335 2631 1370 2658 et
1384 2628 1624 2668 promontoria

1017 2671 1161 2710 Dymoei,
1177 2671 1217 2701 ad
1240 2671 1312 2701 Att.
1327 2670 1390 2700 xvi.
1411 2674 1437 2700 1.
1452 2680 1471 2700 a
1486 2669 1601 2708 Dyma
1617 2670 1700 2701 urbe

976 2713 1119 2749 Achaiae‚
1133 2714 1272 2751 inquam
1288 2712 1460 2752 Pompeius
1469 2711 1554 2742 bello
1566 2712 1703 2752 piratico
1740 2710 1744 2718 ¹

975 2756 1132 2794 magnum
1149 2754 1324 2785 numerum
1335 2753 1514 2794 piratarum
1525 2753 1702 2791 locaverat,

976 2801 1028 2832 ut,
1051 2797 1207 2836 quoniam
1229 2807 1268 2827 ea
1288 2795 1366 2826 urbs
1389 2796 1628 2826 mediterranea
1654 2806 1705 2826 es·

977 2841 1042 2877 set,
1057 2850 1077 2870 a
1092 2839 1220 2881 rapinis·
1231 2838 1405 2870 maritimis
1420 2836 1703 2871 abstraherentur.
