1920 3196
252 90 335 140 378

257 191 364 222 tradit
380 190 531 221 Servium
544 188 696 220 Tullium
715 189 749 219 in
767 189 846 219 locis
858 193 989 219 monta-

261 236 312 265 nis
329 238 363 264 et
379 239 498 264 natura
521 233 603 264 adeo
626 234 765 263 munitis
791 233 908 263 fecisse
936 243 989 263 ru-

260 278 353 308 sticis
369 277 532 317 perfugia,
550 281 584 306 et
600 286 701 317 pagos
718 277 832 307 Graeco
850 277 991 306 vocabu·

260 321 293 352 lo
309 322 440 351 dixisse.
486 321 576 351 Hinc
602 319 649 349 illi
679 320 843 356 homines,
871 322 925 359 qui
957 320 990 349 in

263 364 358 405 plebe
391 365 430 395 R.
461 370 570 401 erant,
587 364 745 402 quoniam
773 364 806 393 in
838 364 991 393 tribubus

261 408 398 439 urbanis
447 408 682 443 censebantur,
716 408 846 446 pagani
883 407 963 437 dicti
981 418 989 443 3

261 452 319 491 qui
337 461 404 482 non
421 451 579 482 differunt
596 461 615 480 a
630 452 810 486 montanis,
828 460 908 489 quos
936 450 989 480 lile

263 495 381 526 Cicero
412 501 674 531 connnemorat3
709 495 798 533 qnod
825 494 920 523 facile
950 504 989 523 cx

262 539 335 569 loco
353 539 504 579 Dionysii
523 537 732 576 intelligitur.
768 537 878 576 Pagos
901 548 992 567 com-

263 586 429 612 memorat
465 583 506 622 Ω.
539 582 654 611 Cicero
693 581 792 611 Petit.
831 582 929 611 Cons.
960 584 989 610 8.

264 626 437 664 Pagarum
467 626 595 655 mentio
624 635 676 664 ap.
699 625 831 654 Livium
862 635 934 654 xxv,
961 627 990 654 5.

263 669 316 700 De
334 669 371 698 iis
390 679 419 699 v.
436 668 631 700 Bimardum
649 668 736 698 Diss.
756 669 776 697 i.
794 678 822 698 e.
847 671 877 698 4.
902 667 991 707 apud

262 712 428 744 Blurator.
454 712 608 752 inscript.
631 715 658 741 t.
685 712 706 740 i.
735 721 810 751 pag.
842 715 888 745 19.
927 711 990 740 Sed

264 756 427 795 originem
450 765 660 796 paganorum
688 756 810 794 repetit
831 766 849 785 a
864 755 989 791 Numa,

264 801 466 830 auctoritate
483 799 633 839 ejusdcm
661 798 813 838 Dionysii
832 799 852 829 i.
870 809 900 838 p.
925 801 993 829 135.

263 843 298 874 ii.
315 854 346 883 p.
368 847 436 874 135.

309 887 410 918 Pala.
435 887 500 917 Off.
518 886 564 916 iii.
582 890 612 920 9.
631 886 712 926 pala
729 885 858 915 annuli.
885 884 990 921 Plato,

263 931 352 961 unde
374 931 429 960 ille
447 930 538 960 loeus
556 930 675 959 ductus
698 934 760 966 est,
777 926 913 967 σφενδὲνη.
931 938 992 958 un-

263 975 304 1004 de
337 974 462 1005 Plinius
493 973 613 1003 xxxvii.
645 976 675 1003 8.
700 972 839 1002 fundam
869 977 964 1001 vocat
982 984 988 1001 z

262 1018 321 1049 ubi
337 1018 376 1048 de
388 1020 470 1058 pala
486 1017 551 1047 vid.

310 1062 489 1098 Paloestra‚
537 1060 732 1090 exercitatio
789 1058 991 1096 umbratilis,

263 1105 388 1136 schola.
423 1105 480 1135 Or.
512 1105 532 1134 i.
565 1107 613 1134 18.
648 1104 792 1133 nitidum
824 1103 990 1141 quoddam

263 1159 368 1189 genus
381 1154 432 1179 est
447 1147 907 1186 verborum‚—sedpcclc}'slroe
924 1156 992 1176 ma-

263 1194 313 1232 gis
330 1199 365 1222 et
380 1193 456 1228 olei,
474 1201 571 1231 quam
589 1191 688 1229 hujus
707 1191 811 1220 civilis
828 1191 934 1220 turbae
952 1200 989 1219 ac

264 1236 338 1266 fori.
359 1236 579 1266 *artificium.
605 1235 675 1265 Att.
690 1245 717 1264 ν.
736 1238 782 1265 13.
805 1238 942 1264 utemur
953 1244 991 1263 ea

257 1282 430 1321 paloestra,
449 1289 549 1319 quam
575 1289 594 1308 a
622 1285 655 1309 te
682 1278 870 1308 didicimus.
887 1287 991 1317 v.pa-

263 1325 430 1354 Ioestricus.

311 1367 513 1398 Paloestrice.
537 1367 617 1406 Opt.
635 1376 665 1405 g.
683 1366 713 1395 d.
731 1368 761 1396 3.
778 1365 846 1394 sani
866 1368 900 1394 et
915 1364 992 1394 sicci

265 1412 466 1448 habeantur,
483 1410 541 1440 sed
558 1411 618 1446 ita,
646 1415 683 1439 ut
702 1410 896 1449 paloestricoe
919 1418 993 1448 spa-

262 1455 340 1485 tiari
358 1455 391 1485 in
409 1461 502 1495 xysto
518 1454 555 1484 iis
572 1453 682 1490 liceat,
695 1463 761 1483 non
777 1453 816 1482 ab
829 1452 992 1492 Olympiis

263 1508 421 1529 coronam
438 1502 577 1538 petant:
603 1497 635 1526 h.
654 1508 682 1527 e.
708 1506 746 1528 ut
773 1496 894 1526 scholae
921 1496 991 1535 apti

263 1544 344 1577 nint,
362 1551 427 1571 non
445 1541 529 1579 foro,
546 1541 657 1571 curioe.

308 1586 530 1616 Paloestricus.
564 1584 628 1614 Off.
668 1585 689 1614 i.
730 1585 781 1615 36.
816 1584 992 1623 palaestrici

265 1635 378 1660 motus
395 1639 482 1669 saepe
499 1633 579 1658 sunt
595 1627 773 1658 odiosiores
793 1640 798 1657 ε
837 1637 882 1657 sc.
912 1628 991 1666 quia

265 1674 366 1704 nimis
383 1678 464 1704 sunt
492 1671 695 1708 artificiales,
722 1671 754 1701 h.
783 1682 812 1701 e.
840 1671 990 1700 adstricti

264 1717 364 1747 certis
391 1722 582 1757 temporum
607 1715 800 1745 intervallis.
829 1725 856 1744 v.
874 1725 991 1744 nume—

263 1770 331 1792 rus.

309 1804 446 1840 Palam,
462 1803 611 1834 abundat
641 1802 733 1833 Verr.
750 1812 780 1832 v.
798 1802 851 1832 26.
874 1803 990 1841 palam

263 1852 342 1879 ante
358 1847 470 1878 oculos
496 1847 660 1877 omnium.
688 1845 850 1876 Similiter
876 1846 989 1876 Livius

263 1903 339 1922 xxv.
359 1895 407 1923 18.
428 1893 559 1931 palam,
576 1890 702 1920 duobus
715 1889 914 1920 exercitibus
932 1899 990 1918 au-

264 1935 445 1966 dientibus.

308 1978 483 2010 Palmum.
517 1977 597 2008 Nat.
624 1977 668 2008 D.
702 1977 735 2007 ii.
766 1980 815 2007 18.
834 1978 990 2016 palatum

263 2023 351 2059 coeli,
368 2028 406 2053 ut
434 2022 517 2052 dixit
543 2021 684 2051 Ennius.
703 2030 822 2060 nempe
855 2025 992 2060 propter

263 2066 646 2104 similitudinem‚quam
663 2064 763 2095 habet
781 2066 989 2104 cumpalato,

263 2115 300 2141 ut
328 2111 375 2140 ait
392 2110 536 2140 Isidorus
566 2109 680 2148 Origg.
706 2109 749 2138 xi.
770 2111 796 2138 l.
814 2108 878 2138 vid.
903 2108 990 2147 inpr.

266 2155 389 2185 Davies
405 2154 445 2184 ad
462 2153 494 2183 h.
512 2153 533 2183 l.
550 2152 637 2182 male
654 2152 744 2182 hunc
761 2151 872 2181 locum
887 2152 991 2180 inter-

261 2201 411 2238 pretatus
428 2201 479 2227 est
496 2196 607 2226 nescio
634 2196 707 2234 quis
732 2196 766 2224 in
793 2195 915 2225 Lexico
932 2194 991 2224 Fa-

261 2242 324 2272 bri.
342 2240 487 2272 Palatus
503 2239 661 2270 laudatur
673 2250 690 2268 e
707 2238 778 2268 Pin.
797 2239 830 2269 ii.
848 2241 877 2269 Β.
899 2237 956 2268 sed
973 2248 990 2267 e

263 2285 369 2316 Codd.
387 2285 488 2315 Paris.
514 2283 643 2313 duobus
662 2284 819 2322 palatum
843 2282 992 2312 restituit

263 2329 429 2360 Davisius.
459 2327 603 2367 Quidam
630 2327 721 2357 MSS.
739 2326 840 2356 etiam
865 2325 991 2355 habent

258 2374 428 2414 palatium
442 2370 524 2401 coeli.
542 2370 630 2410 quod
644 2370 773 2400 Ennius
786 2369 906 2399 dixisse
923 2378 990 2399 non

262 2419 390 2456 potest:
416 2416 494 2455 quia
519 2425 570 2445 res
598 2424 684 2444 nova
706 2418 778 2443 erat
805 2413 851 2443 sic
883 2412 991 2442 dicere

263 2464 416 2500 tempore
449 2459 605 2497 Augusti.
637 2457 700 2487 vid.
731 2456 826 2487 Ovid.
859 2456 944 2487 Met.
969 2456 992 2486 i.

307 2547 449 2584 Palilia,
466 2546 556 2576 feriae
581 2545 615 2574 in
639 2544 801 2574 honorem
824 2543 906 2574 Deae
935 2553 989 2572 ru-

261 2591 367 2628 sticae,
385 2600 457 2629 quae
469 2589 561 2619 Pales
574 2591 724 2624 vocatur,
737 2587 910 2617 celebratae
922 2587 992 2616 xiii.

263 2634 338 2674 Kal.
356 2635 434 2665 Mai.
452 2634 485 2663 in
499 2643 580 2672 quas
596 2631 716 2662 incidit
727 2630 846 2661 natalis
862 2631 989 2660 Romae.

263 2678 422 2708 dicuntur
439 2677 541 2706 etiam
563 2675 698 2706 Parilia
712 2687 721 2704 .·
747 2679 781 2704 et
796 2674 842 2704 sic
857 2683 990 2713 expres-

260 2723 307 2752 sit
329 2721 432 2751 editio
456 2720 669 2756 Gruteriana,
685 2728 784 2757 quam
810 2722 925 2747 nostra
941 2726 992 2746 se-

261 2769 342 2796 cuta
355 2769 418 2802 est,
443 2765 520 2795 Div.
539 2764 572 2794 ii.
594 2765 648 2796 47.
673 2762 714 2791 cf.
731 2760 827 2792 Ovid.
845 2761 932 2792 Fast.
949 2761 991 2790 iv.

264 2811 341 2843 721.
365 2818 435 2848 sqq.
453 2813 487 2838 et
499 2808 544 2838 ibi
561 2806 679 2837 Heins.

305 2851 553 2892 Palimpsestus.
571 2850 612 2881 ad
621 2849 752 2880 Divers.
762 2848 817 2878 vii.
832 2850 881 2878 18.
896 2846 991 2877 char-

259 2899 300 2927 ta
326 2904 542 2940 pergamena,
559 2895 594 2925 in
619 2902 685 2934 qua
712 2891 824 2923 deleta
853 2895 934 2923 sunt
955 2894 989 2922 et

805 102 950 130 INDEX
971 101 1071 130 LATI
1078 101 1104 128 N
1111 100 1265 128 ITATIS.

1032 199 1137 226 erasa,
1154 197 1226 227 quae
1243 189 1341 216 antea
1357 187 1481 228 scripta
1491 190 1597 217 erant.

1077 231 1192 262 Palla.
1226 230 1308 260 Phil.
1331 231 1378 260 iii.
1402 231 1431 261 6.
1465 230 1612 260 Herenn.
1640 230 1682 260 iv.
1705 231 1758 263 47.

1034 280 1086 305 est
1098 277 1195 315 pallii
1212 284 1330 312 genUS,
1356 276 1436 314 (non
1453 275 1582 311 tunica,
1597 279 1633 303 nt
1651 273 1759 302 visum

1033 324 1083 348 est
1101 318 1253 348 Rubenio
1269 317 1317 347 Re
1329 317 1420 347 Vest.
1436 318 1456 347 i.
1476 320 1529 349 ⁶20.
1561 323 1679 347 contra
1696 316 1763 345 dis-

1033 367 1175 402 putante
1196 361 1317 390 Ferrar.
1332 361 1427 391 Anal.
1445 361 1483 390 de
1500 361 1538 391 R.
1554 361 1593 391 V.
1606 371 1633 390 c.
1651 362 1704 390 ⁶25.
1717 359 1761 389 cf.

1036 406 1093 435 Rei
1113 406 1202 434 Vcst.
1221 405 1267 434 iii.
1289 406 1351 441 18.)
1373 414 1438 443 quo
1454 405 1639 434 utebantur
1655 402 1763 432 citha-

1036 449 1128 485 rccdi,
1145 447 1297 486 tragoedi,
1315 452 1486 477 matronae.
1511 447 1549 477 ln
1566 458 1630 486 quo
1645 453 1760 476 tamen

1034 492 1115 522 illud
1133 492 1463 521 animadvertendum
1483 496 1545 527 est,
1563 490 1650 529 quod
1671 495 1761 520 recte

1035 536 1167 565 monuit
1195 535 1245 564 Cl.
1274 534 1439 564 Clu-istius
1457 536 1492 564 in
1510 535 1636 564 Prolus.
1659 532 1762 563 Acad.

1034 579 1073 608 de
1092 579 1295 617 Imaginibus
1321 579 1508 615 Musarum,
1533 589 1564 618 p.
1583 581 1611 607 5.
1636 582 1674 606 ut
1686 578 1762 616 pal-

1035 625 1066 652 la
1080 622 1351 659 citharoedorum,
1364 621 1602 660 tragoedorum,
1612 621 1761 650 Dearum

1033 667 1135 695 etiam
1153 665 1360 704 quarundam
1377 665 1606 704 distinguatur
1622 674 1640 693 a
1664 665 1762 703 palla

1034 710 1262 740 Romanarum
1277 714 1310 738 et
1327 708 1426 748 pallio
1445 708 1648 738 Graecarum.
1675 708 1762 738 Nam

1035 764 1073 782 ex
1092 753 1292 791 imaginibus
1310 758 1460 791 apparet,
1473 762 1526 781 eas
1540 751 1701 781 induendi
1712 761 1764 780 ra·

1034 797 1125 826 tione
1139 796 1269 825 differre
1284 807 1293 832 ς
1319 805 1394 824 cum
1414 795 1470 825 illa
1485 795 1708 825 induerentur
1723 798 1764 824 ut

1037 840 1146 880 peplo.
1172 839 1233 869 bac
1260 839 1479 868 amicirentur
1510 844 1659 875 tantum,
1687 837 1762 868 add.

1035 883 1184 914 Broukh.
1204 883 1245 912 ad
1259 882 1381 912 Tibull.
1400 883 1441 912 iv.
1461 883 1491 912 6.
1510 886 1558 912 13.
1592 891 1594 893 ·

1079 927 1259 963 Ραίἰίαίιις,
1290 927 1471 966 opponitur
1493 930 1608 965 togato
1623 938 1629 955 ι
1667 925 1702 955 h.
1732 935 1761 955 e.

1034 972 1169 1001 Graecus
1184 970 1345 1000 Romano.
1383 969 1494 1000 Rabir.
1513 970 1600 999 Post.
1617 973 1646 1003 9.
1673 969 1760 999 Nam

1035 1014 1185 1044 Panium
1200 1019 1249 1043 est
1263 1013 1394 1043 habitus
1407 1013 1611 1043 Graecorum.
1625 1014 1644 1033 ³*
1656 1012 1697 1051 Ω.
1711 1011 1762 1042 Fr.

1035 1058 1080 1088 iii.
1094 1061 1119 1087 1.
1131 1067 1158 1087 c.
1169 1059 1198 1087 2.
1211 1057 1258 1086 illi
1269 1058 1401 1097 palliati
1410 1057 1584 1096 topiariam
1596 1056 1704 1085 facere
1713 1056 1762 1085 vi-

1034 1102 1165 1131 dentur.
1190 1101 1362 1130 Manutius
1380 1100 1621 1139 interpretatur
1636 1100 1676 1129 de
1693 1102 1760 1130 sta-

1034 1147 1102 1175 tuis
1121 1145 1208 1174 intcr
1224 1144 1410 1181 columnas,
1427 1143 1540 1173 habitu
1559 1144 1686 1173 Graeco.

1080 1188 1217 1224 Palma,
1230 1189 1423 1227 palmarum
1440 1187 1566 1217 radices
1583 1197 1642 1226 pro
1658 1187 1761 1217 victu.

1036 1232 1129 1262 Verr.
1148 1242 1176 1260 v.
1194 1235 1246 1262 33.
1274 1235 1325 1262 38.
1364 1230 1383 1248 ᾗ
1400 1231 1516 1260 caedes.
1542 1231 1637 1261 Rose.
1665 1231 1703 1260 A.
1730 1231 1762 1261 6.

1038 1276 1221 1306 multarum
1243 1277 1439 1315 palmarum
1462 1278 1556 1304 vetus
1586 1274 1760 1314 gladiator.

1036 1319 1077 1349 cf.
1095 1331 1123 1349 c.
1140 1322 1192 1349 30.

1080 1363 1249 1398 Palmari,
1265 1372 1324 1401 pro
1340 1361 1466 1392 adulari
1482 1361 1638 1391 laudatur
1649 1371 1688 1391 ex
1699 1361 1760 1401 Ep.

1035 1407 1076 1436 ad
1093 1407 1168 1436 Div.
1189 1417 1217 1436 x.
1236 1409 1288 1436 33.
1323 1405 1577 1444 defenditurque
1601 1415 1621 1435 a
1640 1405 1761 1435 Manu-

1034 1451 1095 1485 tio,
1112 1450 1199 1488 quod
1218 1449 1289 1479 haee
1313 1449 1412 1479 lectio
1427 1450 1576 1479 omnium
1593 1455 1644 1478 est
1664 1449 1759 1479 MSS.
1792 1471 1797 1475 .

1036 1493 1136 1524 Codd.
1155 1499 1188 1523 et
1211 1495 1328 1533 palma
1357 1493 1473 1522 eodem
1505 1492 1602 1522 modo
1632 1492 1763 1522 blandi-

1036 1547 1113 1567 mur
1129 1547 1166 1566 ac
1191 1537 1308 1576 palpo:
1344 1536 1402 1566 sed
1431 1536 1500 1573 alii,
1517 1542 1617 1575 atque
1645 1536 1679 1566 in
1710 1536 1760 1567 his

1034 1580 1120 1611 vict.
1139 1587 1173 1610 et
1200 1580 1363 1617 Graevius,
1388 1580 1564 1619 legendum
1597 1586 1758 1610 censent:

1034 1624 1174 1664 palpari,
1193 1624 1281 1662 quod
1296 1630 1329 1654 et
1342 1624 1410 1664 ipse
1423 1623 1544 1663 recepi.

1079 1668 1239 1707 Palpare,
1265 1667 1426 1697 tentando
1453 1676 1664 1706 cognoscere.
1690 1666 1760 1698 Att.

1033 1712 1075 1742 ix.
1087 1716 1116 1746 9.
1129 1713 1341 1752 palpaboque‚
1355 1720 1500 1750 quonam
1515 1711 1612 1741 modo
1622 1711 1761 1751 possim,

1035 1755 1209 1785 voluntate
1228 1756 1299 1793 ejus
1316 1756 1376 1784 &c.

1079 1799 1280 1836 Paludatus,
1290 1799 1536 1838 paludamento,
1552 1801 1642 1827 veste
1658 1797 1762 1838 impe-

1031 1843 1166 1879 ratoria,
1210 1843 1360 1873 indutus.
1398 1844 1490 1873 Sext.
1520 1845 1573 1872 33.
1603 1842 1761 1881 paludati

1032 1885 1197 1916 Vulturii.

1078 1930 1247 1968 Pangere,
1265 1930 1485 1967 constituere,
1508 1938 1644 1969 ponere.
1675 1928 1758 1967 Leg.

1035 1974 1056 2004 i.
1081 1976 1133 2005 21.
1159 1974 1281 2012 requiri
1298 1973 1473 2009 terminos,
1501 1982 1581 2011 quos
1610 1973 1762 2002 Socrates

1027 2019 1167 2058 pegerz‘c.
1182 2018 1217 2047 in
1235 2017 1300 2047 Pis.
1318 2017 1366 2048 16.
1391 2022 1507 2046 autem
1521 2019 1715 2046 constanter
1729 2020 1765 2046 et

1029 2061 1144 2100 scripti
1161 2066 1195 2090 et
1212 2060 1286 2090 edd.
1301 2060 1427 2090 habent
1444 2072 1450 2089 :
1477 2060 1561 2089 fines
1574 2060 1760 2099 pepigerat.

1078 2105 1163 2135 Par.
1188 2103 1273 2134 Phil.
1291 2105 1312 2134 i.
1336 2107 1385 2135 14.
1404 2114 1522 2145 parem
1537 2113 1613 2134 cum
1631 2103 1763 2133 ceteris.

1029 2158 1059 2179 v.
1075 2156 1145 2178 not.

1076 2192 1225 2229 Parare,
1255 2201 1314 2232 pro
1346 2200 1552 2231 comparare,
1583 2190 1618 2220 in
1650 2189 1762 2220 Caecil.

1033 2238 1086 2268 20.
1123 2236 1175 2266 lex
1200 2239 1327 2276 parata
1363 2240 1414 2264 est
1440 2235 1606 2265 sociorum
1648 2243 1761 2264 causa.

1035 2280 1284 2319 comparatione
1312 2278 1449 2319 pacisci.
1472 2277 1514 2308 ad
1540 2278 1617 2308 Div.
1645 2277 1668 2307 i.
1686 2281 1717 2311 9.
1734 2277 1761 2307 si

1035 2323 1165 2354 curiata
1193 2323 1245 2353 lex
1274 2331 1341 2352 non
1369 2325 1467 2359 esset,
1497 2331 1530 2352 se
1553 2325 1763 2361 paraturum

1034 2377 1112 2397 cum
1144 2366 1292 2405 collega:
1332 2375 1388 2405 np.
1423 2366 1456 2395 in
1491 2374 1591 2404 quam
1624 2364 1762 2403 quisque

1033 2411 1236 2451 provinciam
1263 2410 1338 2439 iret.
1364 2420 1395 2438 V.
1419 2408 1519 2439 Gron.
1545 2408 1624 2438 Obs.
1658 2408 1679 2437 i.
1714 2410 1763 2438 10.

1033 2458 1067 2483 et
1091 2464 1172 2493 quos
1217 2453 1332 2484 laudat
1361 2453 1474 2484 Lexic.
1507 2451 1601 2483 Fabri
1632 2451 1667 2481 in
1698 2450 1762 2481 hac

1035 2508 1127 2527 voce.

1079 2540 1242 2578 Paratus,
1256 2544 1406 2580 promtus
1417 2538 1688 2575 eonsilio‚manu.
1699 2537 1762 2569 Ca-

1032 2585 1086 2615 til.
1096 2584 1355 2619 iii.7.hominern
1369 2589 1439 2613 tam
1452 2588 1648 2619 acrem‚tam
1657 2592 1764 2622 para-

1034 2633 1119 2665 tum,
1133 2636 1203 2658 tam
1217 2627 1390 2658 audacem.
1405 2626 1469 2656 vid.
1480 2626 1586 2656 GraeV.
1607 2626 1626 2644 ²¹*
1638 2627 1764 2656 instru-

1034 2678 1121 2702 ctus.
1133 2672 1173 2701 ad
1189 2672 1264 2702 Div.
1281 2671 1350 2700 viii.
1367 2674 1414 2701 10.
1425 2674 1569 2709 paratus
1585 2670 1625 2700 ab
1639 2669 1764 2699 exerci-

1033 2721 1083 2746 tu.
1108 2715 1201 2745 Brut.
1215 2719 1266 2749 39.
1291 2714 1437 2744 Scaevola
1454 2714 1487 2743 in
1498 2713 1575 2752 jure
1586 2714 1763 2753 paratissi-

1035 2769 1117 2789 mus,
1140 2762 1158 2779 ²*
1171 2757 1338 2798 parabilis,
1355 2757 1475 2794 facilis,
1496 2757 1625 2794 obvius,
1648 2757 1704 2795 qui
1722 2756 1764 2786 ad

1033 2812 1172 2833 manum
1199 2806 1261 2832 est.
1292 2802 1350 2832 Or.
1367 2801 1402 2831 ii.
1425 2801 1476 2832 36.
1500 2799 1688 2840 philosophi
1704 2799 1763 2829 ha-

1032 2846 1114 2876 bent
1120 2850 1295 2886 paratum,
1307 2844 1386 2883 quid
1397 2844 1437 2874 de
1450 2853 1580 2883 quaque
1590 2853 1624 2874 re
1637 2843 1763 2873 dicant.

1030 2890 1072 2921 cf.
1081 2889 1187 2921 Graev.
1196 2889 1238 2921 ad
1249 2888 1345 2920 Catil.
1358 2888 1381 2919 l.
1392 2898 1420 2920 c.
1429 2888 1487 2929 qui
1495 2886 1581 2918 hanc
1591 2896 1707 2918 vocem
1715 2896 1766 2918 re-
