1920 3196
706 109 852 138 INDEX
882 108 1179 138 LATINITATIS.

171 199 397 230 vacillantibus
432 197 594 230 literulis:
633 198 748 238 quales
784 207 904 238 nempe

170 251 250 274 sunt
272 253 401 279 eorum,
420 244 490 282 qui,
512 247 648 283 propter
670 242 904 272 infirmitatem

170 287 314 325 aliquam
339 296 356 316 e
373 287 488 316 morbo
503 290 563 316 aut
584 290 758 316 senectute
781 291 903 322 ortam,

167 330 389 360 tremebunda
414 338 517 359 manu
546 329 708 359 scribunt.
748 328 847 359 Catil.
871 329 904 358 ii.

173 377 222 404 10.
261 374 316 412 qui
346 373 469 412 partim
500 372 633 409 inertia,
665 373 787 412 partim
818 371 904 402 male

168 416 313 456 gerendo
336 416 483 456 negotio,
506 417 628 456 partim
653 417 754 446 etiam
785 416 904 446 sumti-

167 460 240 497 bus,
265 460 298 489 in
324 464 432 489 vetere
457 470 521 490 aere
545 459 654 489 alieno
677 461 846 497 vacillant,
871 458 903 488 h.

165 513 196 533 e.
212 503 368 543 expedire
391 512 426 533 se
449 513 490 532 ex
513 512 566 540 eo,
582 508 616 532 et
632 504 812 533 consistere
836 512 904 532 non

166 551 316 586 possunt.

212 589 380 627 Vacuieos,
412 590 452 620 de
481 592 646 629 tempore,
677 600 742 628 quo
780 599 902 620 munus

163 633 312 672 aliquod,
324 634 572 673 magistratum,
586 643 685 663 nemo
699 634 838 663 obtinet.
863 634 903 663 ad

164 677 240 707 Div.
267 678 311 707 xi.
342 680 390 707 10.
423 682 585 716 quantam
616 677 902 716 perturbationem

164 729 276 751 rerum
294 721 497 751 urbanarum
515 720 631 750 afferat
654 721 764 750 obitus
784 730 902 750 consu-

165 763 250 801 lum,
274 770 436 803 quantam
464 764 684 803 cupiditatem
713 764 902 794 bominibus

164 807 296 847 injiciat
321 809 480 838 vacuitas.
512 807 656 837 GronoV.
674 807 716 837 ad
737 807 845 838 Tacit.
863 808 902 838 A.

165 851 198 880 ii.
216 851 270 881 46.
288 852 531 892 interpretatur
546 864 553 880 :
571 851 649 881 orba
667 851 809 890 respubl.
840 852 902 892 Ap.

161 893 320 925 Tacitum
360 894 381 925 1.
412 905 440 925 c.
474 905 586 925 vaeuae
625 894 771 934 legiones
809 899 901 933 sunt,

162 947 238 976 quae
269 938 389 969 ducem
420 948 488 968 non
518 938 652 968 habent.
698 948 728 968 v.
758 938 902 968 Gronov.

162 981 312 1012 Graevius
335 992 352 1011 e
376 981 524 1021 vestigiis
549 982 653 1012 Codd.
676 981 770 1012 MSS.
787 981 901 1021 legen-

161 1024 242 1055 dum
263 1024 414 1064 judicat:
446 1026 611 1055 vacivitas.
646 1035 746 1064 quem
771 1025 835 1055 vid.
859 1025 901 1056 ad

206 1112 348 1150 Vacuus,
364 1113 501 1151 otiosus.
525 1112 620 1142 Brut.
637 1115 666 1143 5.
694 1122 772 1142 cum
788 1117 823 1142 te
839 1113 902 1143 sci-

161 1165 272 1185 remus
288 1166 359 1186 esse
381 1165 535 1186 vacuum.
567 1159 586 1177 ²*
602 1155 700 1186 Catil.
717 1157 738 1185 i.
759 1156 789 1186 6.
822 1167 900 1186 cum

160 1204 269 1229 morte
299 1200 477 1240 superioris
507 1200 619 1230 uxoris
650 1200 742 1229 novis
774 1201 900 1240 nuptiis

159 1242 297 1273 domum
314 1253 454 1273 vacuam
470 1243 614 1273 fecisses.
644 1242 715 1273 haec
730 1243 837 1273 forma
853 1243 900 1274 lo-

159 1287 283 1325 quendi
311 1287 490 1326 significat,
518 1287 558 1317 de
590 1286 698 1316 medio
729 1286 899 1317 sublatum

158 1340 406 1370 quemcunque,
423 1341 488 1370 quo
504 1331 681 1370 superstite
699 1331 824 1370 nuptiae
842 1332 900 1361 fie-

159 1375 186 1404 ri
217 1373 319 1404 nullae
349 1378 499 1414 possunt.
546 1374 600 1404 Sic
631 1373 766 1404 Sallust.
799 1374 897 1406 Catil.

163 1419 210 1448 15.
236 1417 372 1448 Aurelia
386 1417 544 1448 Orestilla
559 1427 619 1457 pro
634 1424 725 1448 certo
737 1418 897 1457 creditur,

159 1465 277 1491 necato
308 1461 390 1499 filio,
417 1471 557 1492 vacuam
582 1461 719 1491 domuin
751 1461 898 1492 scelestis

157 1505 284 1544 nuptiis
314 1505 442 1535 fecisse.
476 1506 533 1544 ubi
563 1504 628 1535 vid.
653 1505 797 1535 Cortius.
835 1505 899 1536 Sed

155 1552 192 1578 et
215 1549 255 1585 is,
272 1550 327 1588 qui
353 1555 505 1579 mortuus
528 1553 592 1585 est,
613 1549 737 1579 dicitur
758 1559 897 1580 vacuam

157 1591 295 1622 domum
319 1592 442 1628 facere,
466 1602 519 1632 ap.
550 1591 622 1623 Liv.
653 1593 674 1623 i.
703 1593 756 1623 46.
787 1593 896 1624 Aruns

155 1634 358 1675 Tarquinius
374 1641 410 1666 et
431 1635 544 1666 Tullia
567 1636 678 1666 minor
692 1646 794 1676 prope
819 1646 896 1666 con-

154 1679 295 1710 tinuatis
325 1679 497 1710 funeribus
529 1689 606 1709 eum
636 1680 749 1710 domos
775 1690 897 1710 vacuas

156 1732 240 1752 novo
263 1724 479 1754 matrimonio
501 1723 676 1753 fecissent:
701 1724 722 1754 i.
748 1734 776 1753 e.
808 1734 896 1755 mor-

154 1767 207 1796 tui
242 1772 367 1805 essent,
398 1776 506 1806 neque
543 1766 685 1807 amplius
723 1767 896 1798 obstarent

153 1810 248 1840 fratri
271 1811 452 1850 sororique,
475 1821 541 1850 quo
572 1812 682 1840 minus
711 1820 745 1840 se
771 1810 896 1850 junge-

154 1859 230 1883 rent
252 1855 477 1884 matrimonio.
510 1854 582 1884 vide
606 1857 719 1884 tamen
750 1854 791 1884 ad
814 1854 847 1885 h.
871 1854 893 1886 l.

151 1896 224 1927 Jae.
242 1897 384 1928 Gronov.

197 1941 325 1971 Vadam·
370 1946 433 1977 est,
463 1941 582 1979 jubere
620 1941 766 1981 aliquem
806 1941 892 1972 datis

151 1985 365 2024 sponsoribus
393 1984 555 2025 polliceri,
578 1995 613 2015 se
641 1985 682 2015 ad
708 1985 797 2015 diem
821 1995 893 2015 cer-

151 2033 222 2057 tam
246 2028 287 2058 ad
311 2028 481 2068 agendum
503 2029 543 2059 de
567 2039 602 2059 re
626 2029 738 2068 aliqua
759 2032 890 2060 certum

150 2071 194 2101 ad
216 2071 326 2102 locum
350 2078 553 2111 venturum,
579 2078 696 2111 estque
719 2073 888 2112 petitoris:

150 2115 240 2145 unde
262 2122 375 2146 autem
399 2116 540 2156 petitur,
561 2116 789 2146 vadimonium
815 2126 890 2156 pro-

151 2159 270 2189 mittit.
299 2159 415 2199 Quint.
432 2160 463 2190 6.
491 2169 525 2189 se
543 2160 615 2197 jam
641 2169 748 2199 neque
771 2160 889 2191 vadari

149 2201 307 2242 amplius,
340 2212 448 2242 neque
486 2203 712 2233 vadimonium
750 2204 888 2243 promit-

148 2250 232 2275 tere.
271 2246 364 2277 Verr.
390 2247 435 2277 iii.
467 2250 516 2278 15.
556 2257 633 2277 cum
658 2247 824 2287 Apronius
847 2258 888 2277 ex

149 2289 316 2321 Leontino
332 2300 436 2330 usque
460 2289 643 2331 Lilybaeum
660 2290 806 2330 aliquem
830 2301 887 2321 va-

147 2333 287 2363 daretnr
301 2344 340 2363 ex
356 2334 484 2364 miseris
498 2334 693 2364 aratoribus.
713 2334 755 2364 cf.
767 2334 886 2374 Quint.

151 2378 201 2410 19.
227 2377 268 2407 cf.
286 2377 423 2408 Salmas.
440 2377 529 2407 mod.
546 2377 645 2408 Usur.
661 2387 688 2407 c.
707 2378 755 2408 16.

191 2420 422 2451 Vadimonium
446 2425 498 2451 est
523 2424 550 2451 1.
565 2421 746 2460 praesentia
767 2426 827 2451 aut
844 2422 885 2453 ab

145 2472 198 2500 eo,
223 2474 324 2503 quem
347 2466 420 2504 quis
443 2468 493 2495 est
517 2464 668 2502 vadatus,
687 2464 773 2495 datis
796 2465 885 2496 vadi·

145 2506 219 2545 bu8‚
257 2516 284 2538 s.
316 2508 542 2549 sponsoribus,
571 2508 747 2548 promissa,
777 2513 836 2539 aut
866 2519 886 2539 a

143 2551 371 2590 sponsoribus,
394 2552 452 2591 qui
478 2551 522 2589 ei,
545 2552 602 2591 qui
625 2552 778 2590 vadatur,
800 2562 885 2592 prae-

143 2594 289 2624 sentiam
319 2594 455 2625 alterius
485 2605 546 2625 sua
576 2595 640 2624 fide
670 2602 706 2625 et
734 2593 884 2635 periculo

143 2646 204 2667 suo
219 2638 438 2677 promittunt.
482 2638 572 2668 Hinc
590 2638 742 2669 formuloe
765 2637 885 2679 Quint.

143 2681 174 2711 6.
204 2681 427 2713 vadimonium
444 2683 653 2723 promittere.
676 2680 756 2712 ibid.
772 2686 803 2716 7.
827 2692 884 2713 υα-

141 2725 320 2755 climonz'um
337 2725 452 2756 sistere
477 2726 537 2755 &c.
569 2727 599 2756 2.
614 2726 686 2765 ipsa
701 2724 884 2765 pestolatio

142 2771 176 2797 et
200 2769 374 2808 promissio
391 2769 591 2809 praesentiae.
618 2768 697 2799 ibid.
715 2768 744 2799 6.
776 2768 884 2799 homi-

143 2820 219 2841 nem
237 2811 271 2841 in
288 2812 467 2851 praesentia
483 2821 550 2842 non
565 2811 722 2842 vadatur:
747 2812 796 2842 ita
810 2813 883 2843 sine

142 2855 321 2886 vadimonio
347 2855 540 2886 disceditur.
570 2854 649 2886 ibid.
673 2858 703 2885 5.
734 2865 784 2885 res
811 2866 882 2887 esse

140 2897 175 2927 in
201 2899 423 2931 vadimonium
450 2899 568 2940 coepit:
598 2898 630 2930 h.
657 2908 684 2929 e.
712 2899 773 2930 sibi
799 2899 884 2931 invi·-

1612 92 1698 140 467

950 207 1021 227 cem
1040 197 1252 237 praesentiam
1270 198 1361 226 certo
1384 193 1437 225 die
1454 193 1692 235 promiserant.

948 241 1028 271 ibid.
1048 244 1096 272 18.
1129 240 1294 280 quaesivit‚
1311 249 1376 278 quo
1399 238 1451 268 die
1465 238 1690 268 vadimonium

946 284 1037 314 istud
1060 285 1186 314 factum
1211 292 1282 313 esse
1302 283 1438 312 diceres.
1470 281 1511 311 ad
1527 282 1568 321 Q.
1586 281 1636 311 Fr.
1652 281 1687 311 ii.

952 331 999 358 15.
1039 337 1138 357 nemo
1167 327 1232 357 fuit
1264 327 1299 356 in
1329 331 1427 356 tanta
1453 324 1689 363 multitudine,

947 372 1003 410 qui
1017 372 1239 402 vadimonium
1263 369 1436 409 concipere
1459 372 1581 408 posset.
1609 368 1640 398 h.
1657 377 1689 399 e.

944 414 1064 451 actus,
1091 415 1147 453 qui
1179 412 1359 443 formulam
1388 417 1501 452 posset
1529 411 1687 448 scribere,

946 467 1011 496 qua
1041 459 1262 488 vadimonium
1291 455 1518 497 postularetur
1546 461 1580 484 et
1613 464 1690 494 pro-

946 503 1146 531 mitteretur.
1177 504 1208 531 3.
1225 501 1296 540 ipsa
1318 499 1400 537 dies,
1421 509 1487 538 qna
1508 499 1690 539 praesentia.

945 544 1113 584 postulata
1128 550 1162 575 et
1178 546 1341 584 promissa
1357 548 1427 573 est:
1452 542 1510 572 der
1532 541 1685 572 Termin.

946 588 1030 618 Cato
1042 592 1072 622 7.
1091 589 1274 618 meminere
1286 587 1473 617 vadimonia
1488 586 1686 615 constituta.

943 631 1061 671 Quint.
1079 635 1109 662 5.
1133 642 1209 662 cum
1234 631 1423 661 vadimonia
1438 629 1542 660 dilata
1561 633 1685 659 essent.

944 676 1032 706 conf.
1049 675 1091 706 ad
1109 675 1185 706 Div.
1202 675 1235 705 ii.
1254 678 1283 705 8.
1316 675 1434 714 Quint.
1453 674 1501 704 16.
1533 673 1576 703 ad
1590 673 1686 703 vadi·

946 723 1090 749 monium
1109 719 1233 749 venire.
1264 718 1343 749 ibid.
1374 717 1524 747 deserere
1539 717 1686 746 vadimo-

943 764 1046 793 nium.
1076 763 1166 793 obire
1189 762 1421 792 vadimonium.
1467 761 1520 791 De
1542 761 1687 790 vadimo-

942 807 995 836 m'o
1025 805 1125 846 longa
1153 810 1205 836 est
1241 805 1423 846 disputatio
1460 814 1514 844 ap.
1545 803 1686 834 Salmas.

944 849 1032 880 mod.
1058 850 1156 880 Usur.
1180 860 1209 880 e.
1233 850 1282 880 16.
1316 849 1364 890 (in
1388 858 1454 887 qua
1475 852 1591 877 tamen
1615 857 1685 878 non

943 894 1057 924 omnia
1073 904 1161 931 vera,
1177 896 1363 933 tamquam,
1381 891 1470 931 quod
1482 901 1513 931 p.
1530 891 1605 926 696.
1633 891 1685 922 di-

943 937 1001 974 cit,
1024 937 1249 967 vadimonium
1265 938 1456 976 promittere
1483 935 1585 966 fuisse
1608 938 1686 965 tan-

942 984 1015 1010 tum
1040 990 1252 1021 sponsorum,
1268 990 1346 1011 cum
1370 979 1410 1009 de
1427 989 1483 1009 reo
1499 979 1544 1009 sit
1560 978 1684 1010 diserte

942 1025 1032 1064 apud
1056 1025 1162 1055 Cicer.
1185 1025 1304 1065 Quint.
1327 1024 1357 1054 6.
1389 1033 1423 1053 se
1440 1023 1513 1061 jam
1538 1032 1605 1054 non
1629 1033 1688 1053 va·

942 1067 1013 1098 dari
1044 1068 1200 1109 amplius,
1228 1077 1335 1107 neque
1360 1067 1580 1098 vadimonium
1605 1077 1685 1107 pro-

942 1111 1095 1151 mittere.)
1134 1112 1177 1142 ef.
1199 1112 1363 1143 Budaeum
1387 1110 1429 1141 ad
1453 1110 1556 1141 Pand.
1581 1121 1612 1151 p.
1637 1120 1684 1142 m.

941 1158 994 1186 40.
1010 1166 1080 1195 sqq.

986 1199 1101 1239 Vafer,
1125 1199 1264 1240 peritus,
1287 1202 1419 1236 acutus,
1442 1199 1584 1229 honesto
1607 1207 1683 1229 sen·

941 1252 997 1273 su:
1031 1243 1108 1273 Nat.
1126 1243 1169 1274 D.
1187 1244 1208 1274 i.
1235 1247 1284 1274 15.
1311 1243 1518 1273 somniorum
1540 1241 1683 1282 vqfervi-

941 1296 1014 1316 mus
1035 1287 1209 1327 interpres.
1253 1288 1307 1317 Sic
1331 1286 1426 1317 Ovid.
1449 1287 1530 1317 Her.
1553 1297 1606 1316 xx.
1629 1289 1684 1317 30.

933 1330 1021 1369 juris
1056 1329 1170 1370 vqf'er:
1216 1335 1332 1370 estque
1370 1331 1541 1370 proprium
1579 1329 1684 1360 JCto-

940 1383 1026 1404 rum.
1057 1374 1122 1405 vid.
1146 1375 1264 1405 Horat.
1289 1375 1359 1405 Sat.
1383 1375 1405 1404 i.
1425 1377 1456 1405 3.
1479 1377 1549 1405 130.
1580 1377 1614 1404 et
1637 1374 1683 1404 ibi

939 1417 1036 1448 Acro.

984 1461 1122 1501 Vagam.
1153 1462 1248 1492 offic.
1273 1462 1307 1492 ii.
1327 1464 1358 1493 2.
1388 1461 1428 1492 de
1452 1461 1680 1492 Academicis:

939 1513 1005 1535 non
1021 1507 1112 1535 enim
1132 1515 1248 1536 sumus
1265 1506 1300 1543 ii,
1317 1515 1459 1545 quorum
1475 1506 1607 1535 animus
1623 1515 1683 1536 va-

935 1553 1038 1587 getur
1067 1559 1194 1579 errore:
1225 1549 1258 1579 h.
1282 1560 1311 1580 e.
1342 1551 1483 1587 nesciat,
1507 1549 1588 1589 quid
1614 1554 1683 1580 sta-

938 1596 1026 1630 tuat,
1044 1593 1124 1632 quid
1139 1593 1306 1624 decernat.
1332 1593 1416 1624 *On
1435 1593 1455 1624 i.
1472 1595 1526 1624 48.
1551 1603 1592 1623 ne
1607 1602 1682 1623 ora-

936 1636 985 1666 tio
1008 1639 1128 1676 vagari
1151 1644 1303 1677 cogatur,
1318 1637 1358 1666 de
1382 1636 1575 1677 λογομαχὲη
1599 1637 1682 1667 diei-

936 1684 1006 1717 tur,
1024 1681 1117 1711 nulla
1140 1681 1309 1721 proposita
1332 1681 1393 1717 rei,
1410 1681 1450 1710 de
1473 1690 1540 1719 qua
1554 1681 1679 1720 agitur,

937 1723 1145 1762 definitione,
1163 1735 1188 1754 s.
1205 1724 1245 1754 de
1263 1725 1317 1762 iis,
1333 1725 1389 1764 qui
1404 1725 1561 1754 nesciunt
1575 1725 1628 1755 via
1643 1729 1680 1755 et

936 1768 1078 1805 ratione,
1109 1768 1205 1798 initio
1235 1778 1255 1798 a
1283 1768 1535 1798 definitionibus
1574 1767 1679 1807 facto,

935 1811 1116 1851 disputare.
1154 1812 1244 1842 *On
1267 1812 1314 1842 iii.
1336 1814 1390 1843 44.
1421 1813 1542 1850 vagari
1565 1811 1677 1850 verba,

935 1860 970 1885 et
991 1858 1045 1890 49.
1069 1857 1191 1894 vagari
1213 1856 1318 1886 oratio
1343 1855 1478 1893 dicitur,
1502 1865 1580 1885 cum
1603 1865 1677 1886 ver-

934 1898 976 1929 ba
1006 1908 1074 1929 uon
1102 1905 1184 1930 sunt
1214 1900 1262 1929 ita
1291 1900 1425 1939 juncta,
1455 1909 1564 1938 neque
1594 1899 1676 1939 ipsae

934 1943 1112 1973 sententiae
1149 1942 1292 1983 periodis
1336 1942 1598 1983 comprehensae,
1637 1945 1678 1973 ut

934 1995 1094 2016 numerus
1117 1988 1249 2016 existat.
1281 1986 1411 2018 *Tusa
1428 1987 1474 2016 iii.
1492 1987 1522 2017 6.
1553 1986 1675 2017 deinde

932 2031 1130 2069 vagabamur
1156 2034 1271 2060 nostro
1297 2031 1474 2061 instituto:
1509 2029 1543 2060 h.
1568 2040 1597 2060 e.
1628 2030 1678 2061 la-

931 2074 999 2104 tius
1012 2078 1047 2104 et
1059 2075 1222 2114 copiosius
1235 2074 1435 2104 disseremus
1447 2073 1487 2103 de
1500 2084 1545 2104 re.
1557 2073 1675 2105 *Mar-

931 2117 1005 2147 cell.
1028 2122 1059 2152 9.
1096 2118 1276 2156 vagabitur
1301 2127 1422 2148 nomen
1449 2123 1549 2148 tuum
1575 2117 1675 2158 longe

931 2160 1031 2200 a'tque
1054 2160 1133 2200 late,
1156 2166 1284 2191 certam
1308 2161 1445 2201 quidem
1467 2161 1581 2192 sedem
1605 2170 1674 2192 non

929 2203 1073 2237 habebit.

977 2248 1118 2288 Vagina.

929 2300 1023 2322 scens
1047 2293 1158 2322 culmo
1181 2297 1294 2323 erecta
1316 2292 1522 2332 geniculatO,
1541 2294 1673 2333 vaginis

922 2335 994 2374 jam
1012 2337 1106 2375 quasi
1123 2336 1306 2376 pubescens
1323 2335 1520 2366 includitur.

973 2379 1097 2419 Vagus.
1127 2380 1224 2410 Brut.
1241 2383 1294 2411 31.
1323 2390 1446 2419 vagum
1464 2379 1596 2410 dicendi
1613 2390 1671 2419 ge-

928 2431 1000 2452 nus.
1016 2423 1049 2454 h.
1065 2434 1095 2453 e.
1114 2424 1298 2464 copiosum.
1321 2423 1409 2454 conf.
1426 2425 1557 2462 vagari.
1582 2423 1668 2455 *On

927 2466 961 2496 ii.
985 2467 1034 2497 16.
1060 2476 1148 2506 vaga
1165 2468 1305 2506 quaestio
1321 2472 1386 2504 cst,
1403 2477 1477 2506 quae
1494 2468 1529 2497 in
1546 2477 1668 2506 genere

926 2516 1090 2548 versatur,
1107 2520 1174 2540 non
1197 2511 1296 2541 certis
1316 2511 1465 2550 personis
1481 2513 1516 2540 et
1537 2516 1671 2551 tempo-

926 2553 1017 2583 ribus
1040 2554 1211 2584 adstricta.
1241 2554 1433 2584 *incertus
1463 2553 1544 2585 Nat.
1566 2555 1611 2585 D.
1632 2555 1668 2587 ii.

1166 2248 1250 2279 Cato
1284 2252 1334 2281 15.
1371 2248 1520 2279 viriditas
1556 2248 1676 2279 herbe-

929 2599 957 2626 1.
988 2602 1023 2627 et
1041 2597 1081 2627 de
1106 2598 1178 2628 Diis
1201 2597 1323 2628 habere
1348 2608 1414 2628 non
1438 2602 1607 2628 errantem
1630 2605 1667 2630 et

923 2649 1061 2679 vagam,
1087 2645 1124 2671 ut
1152 2641 1358 2679 Academici,
1381 2641 1451 2678 sed,
1476 2646 1515 2671 ut
1546 2643 1665 2680 nostri,

924 2683 1078 2714 stabilem
1117 2689 1310 2724 certamque
1342 2686 1557 2715 sententiam.
1595 2685 1666 2717 *de

923 2728 1074 2758 oratione
1092 2737 1159 2761 non
1177 2729 1374 2768 composita,
1391 2738 1453 2758 nec
1476 2738 1667 2761 numerosa.

923 2771 1018 2802 Orat.
1033 2773 1086 2802 23.
1114 2771 1263 2802 solutum
1280 2771 1438 2811 quiddam
1457 2773 1514 2810 sit,
1531 2782 1594 2803 nec
1609 2783 1669 2803 va-

920 2824 1004 2852 gum
1026 2818 1157 2852 tamen,
1181 2820 1221 2845 ut
1243 2815 1373 2854 ingredi
1395 2815 1510 2854 libere,
1534 2825 1602 2847 non
1624 2820 1667 2849 ut

924 2857 1067 2888 licenter
1081 2868 1190 2888 errare
1205 2858 1367 2889 videatur.

969 2900 1082 2932 Valde.
1115 2901 1184 2933 Att.
1201 2902 1246 2933 xi.
1267 2905 1316 2935 15.
1348 2911 1456 2943 neque
1479 2903 1574 2935 valde
1595 2904 1667 2946 opi·

964 2951 988 2973 n
1006 2944 1028 2974 h
1042 2944 1062 2974 2
