1920 3196
695 127 843 158 INDEX
873 125 1171 156 LATINITATIS.

179 220 222 251 bo
234 229 252 250 e
265 218 423 251 Cicerone
433 216 541 249 dicere
552 217 727 256 constitui,
741 216 920 258 proferam,

182 264 332 294 tironum
355 272 467 299 causa,
484 262 594 292 dicere
621 261 759 299 attinet,
775 260 854 300 quid
870 261 920 290 in-

181 308 279 337 tersit
305 307 395 336 inter
419 307 590 336 veritatem
612 310 647 336 et
663 313 787 335 verum.
831 303 921 334 Nam

183 350 336 380 homines
363 349 480 386 nostri,
497 348 698 379 Germanica
720 348 850 379 ratione
867 346 924 376 de-

181 394 282 433 cepti,
298 402 385 432 saepe
401 394 572 423 veritatem
589 391 720 428 dicunt,
735 391 792 421 ubi
808 399 929 420 verum

183 436 293 467 dicere
326 435 501 466 debebant.
532 440 707 474 tamquam
728 447 735 464 ε
772 434 926 464 veritates

184 488 284 510 novas
302 479 464 516 invenire,
475 480 647 509 veritatem.
665 478 772 508 dicere
785 478 845 507 διο.
858 476 925 507 Re-

184 522 264 562 gula
279 532 357 561 ergo
373 522 445 552 haec
467 526 518 552 est
535 535 541 552 :
579 521 709 552 Veritas
732 521 869 558 dicitur,
885 524 925 550 ut

181 565 370 606 philosophi
387 566 583 604 loquuntur,
595 565 776 601 abstracte,
789 564 822 594 11.
838 573 867 594 e.
885 562 925 594 de

184 619 274 646 vero,
309 613 474 648 quatenus
505 609 710 648 cogitatione
737 607 928 647 sejungitur

184 662 203 683 a
220 653 330 687 rebus,
358 652 469 691 sactis,
493 652 604 690 dictis,
620 652 740 691 quibus
758 652 855 681 inest.
872 649 926 680 Sic

185 696 291 727 latine
309 695 432 725 dicitur
446 708 452 725 :
472 705 587 726 amans
603 696 764 733 veritatis,
777 694 928 724 studium

181 741 340 777 veritatis,
373 740 587 779 investigatio
617 740 775 776 veritatis,
806 738 927 768 veritas

183 784 218 813 in
251 788 354 823 puteo
384 783 470 813 latet
501 784 561 813 ἃς.
598 792 672 822 quae
702 782 816 812 omnia
847 785 927 811 sunt

184 826 415 857 Ciceroniana.
451 836 528 857 nam
566 826 600 856 in
634 826 685 856 his
718 835 782 856 non
815 824 928 864 agitur

184 870 224 900 dc
257 875 349 900 certo
386 870 489 908 facto,
524 870 614 900 dicto
653 870 713 899 &c.
752 868 841 908 quod
874 877 928 897 ve-

183 924 258 944 rum
289 914 345 950 sit,
370 913 427 944 sed
458 913 498 943 de
526 923 603 943 vero
631 922 692 953 per
720 922 766 942 se.
804 911 842 942 In
875 911 926 942 his

184 957 341 987 omnibus
367 963 481 986 autem
499 962 533 986 et
558 958 680 986 veritas
695 960 729 986 et
744 965 860 986 verum
877 965 927 985 rc-

185 1005 239 1030 cte
261 1000 396 1030 dicitur.
423 1000 546 1030 Verum
572 1004 686 1030 autem
714 1000 816 1029 etiam
848 1008 926 1029 con-

185 1050 276 1073 crete
292 1044 428 1080 dicitur,
440 1043 474 1073 h.
492 1054 520 1073 e.
537 1053 614 1073 cum
641 1053 700 1073 vox
726 1043 929 1073 Germanica

184 1087 237 1117 die
254 1086 430 1117 lVahrheit
445 1087 614 1126 significat
643 1096 759 1117 verum
785 1087 926 1123 factum,

186 1131 315 1161 dictum
333 1131 392 1160 ἀρ.
410 1131 444 1160 in
471 1131 590 1170 quibus
608 1139 782 1169 nunquam
804 1131 928 1160 veritas

186 1174 320 1212 dicitur,
342 1174 400 1204 sed
427 1184 558 1214 semper
579 1184 694 1204 verum
708 1186 717 1202 :
740 1177 791 1211 ut,
810 1183 926 1203 verum

186 1217 309 1255 dicere,
324 1227 441 1247 verum
466 1227 599 1247 narrare
627 1217 686 1247 ἃς.
710 1217 828 1256 Neque
854 1222 927 1247 tur-

186 1262 264 1292 bare
281 1271 482 1300 quemquam
493 1260 616 1291 debent
629 1260 794 1300 exempla,
806 1261 840 1290 in
855 1261 929 1300 qui-

187 1306 248 1335 bus
275 1305 373 1335 aliter
396 1314 466 1334 esse
487 1304 634 1342 videtur,
654 1307 694 1334 ut
720 1303 790 1334 Inv.
820 1304 841 1334 i.
874 1305 927 1335 36.

186 1358 260 1388 quae
277 1349 487 1388 perspicuam
505 1348 660 1378 omnibus
677 1349 830 1378 continet
845 1350 929 1378 veri·

187 1396 289 1422 tatem
311 1393 484 1429 assumtio,
506 1391 591 1421 nihil
614 1391 744 1431 indiget
767 1391 929 1431 approba-

186 1436 300 1466 tionis.
324 1436 413 1466 Nam
429 1437 464 1466 in
480 1435 529 1465 his
547 1445 678 1474 quoque
690 1435 796 1464 verbis
808 1436 930 1465 veritas

187 1479 352 1509 abstracte
380 1479 505 1509 dicitur
531 1478 595 1508 hoc
612 1488 733 1508 sensu:
759 1480 854 1517 cujus
879 1488 929 1509 as-

187 1523 366 1553 sumtionis
377 1523 498 1553 veritas
507 1522 662 1552 omnibus
673 1527 823 1562 apparet.
839 1521 857 1540 '³³‘
868 1521 928 1552 Ve-

189 1567 274 1596 ritas
288 1566 460 1597 interdum
485 1573 535 1596 est
559 1566 739 1596 necessitas
764 1569 799 1595 et
824 1574 930 1606 oppo-

187 1611 282 1640 nitur
312 1611 404 1640 casui
430 1609 580 1640 fortuito.
612 1603 688 1639 Div.
717 1610 738 1640 i.
770 1612 819 1641 13.
845 1619 926 1640 num

188 1663 266 1684 casu
279 1652 406 1684 factum
419 1663 488 1684 esse
502 1657 625 1693 potest,
640 1653 729 1692 quod
738 1662 854 1683 omnes
869 1662 931 1683 nu-

188 1706 298 1727 meros
320 1699 469 1728 veritatis
482 1697 592 1727 habet.
616 1697 697 1727 Nat.
712 1697 756 1727 D.
773 1697 794 1726 i.
808 1699 860 1727 90.
885 1707 929 1727 ae-

187 1745 287 1771 terna
311 1742 443 1771 veritas.
479 1743 498 1762 *
517 1740 697 1771 certitudo.
733 1740 812 1771 Nat.
836 1740 878 1770 D.
908 1741 930 1771 i.

188 1786 242 1815 ⁶22.
261 1784 452 1824 persuaderi
465 1783 548 1814 mihi
558 1793 624 1814 non
634 1783 743 1814 solum
757 1784 930 1824 opinione,

187 1827 248 1858 sed
271 1828 374 1858 etiam
407 1828 448 1858 ad
476 1829 649 1858 veritatem
678 1827 777 1867 plane
818 1827 930 1858 velim.

190 1871 210 1889 ³*
225 1872 378 1910 aequitas,
389 1871 536 1910 justitia.
560 1872 634 1902 Act.
649 1871 672 1901 i.
684 1871 779 1901 Verr.
796 1873 822 1900 l.
846 1872 933 1901 veri-

188 1919 241 1945 tas
263 1915 481 1954 judiciorum.
511 1914 552 1945 ad
579 1915 655 1945 Div.
688 1914 756 1944 viii.
781 1915 812 1945 6.
836 1915 863 1945 si
889 1915 931 1945 ad

189 1967 357 1988 summam
382 1960 552 1989 veritatem
569 1959 626 1996 jus
646 1958 837 1997 legitimum
854 1968 932 1988 exe-

190 2003 289 2041 geris.
313 2002 332 2019 *
346 2002 399 2031 Sic
409 2003 678 2043 interpretantur
689 2002 791 2032 etiam
802 2011 831 2031 v.
843 2011 872 2031 c.
883 2001 931 2031 lo-

191 2055 269 2075 cum
287 2046 421 2076 Mnren.
440 2047 492 2080 99.
517 2045 630 2086 paullo
646 2046 793 2085 asperior
808 2055 846 2075 ae
870 2044 931 2075 du-

190 2089 269 2124 rior,
286 2099 386 2128 quam
403 2090 523 2119 veritas
537 2094 596 2119 aut
621 2094 744 2119 natura
768 2089 930 2128 patiatur.

190 2132 290 2162 male.
314 2142 392 2162 nam
420 2133 455 2163 in
482 2132 559 2170 hoc,
585 2137 619 2162 et
642 2132 806 2162 similibus
837 2132 932 2170 locis,

190 2178 312 2206 veritas
336 2175 508 2215 eleganter
525 2176 649 2206 dicitur
671 2175 711 2206 de
729 2186 763 2206 re
779 2176 863 2216 ipsa,
879 2186 934 2206 ve-

192 2229 229 2250 ra
245 2221 291 2249 rei
309 2221 449 2250 ratione.
474 2219 641 2250 duriorem
658 2229 737 2259 ergo
762 2219 845 2250 dicit
862 2229 933 2250 esse

193 2262 371 2301 Catonem,
389 2272 489 2302 quam
505 2273 556 2293 res
569 2264 653 2303 ipsa,
670 2273 748 2293 vera
764 2264 810 2293 rei
836 2263 933 2300 ratio,

189 2307 351 2346 patiatur.
376 2307 430 2337 Sic
456 2306 498 2336 ad
515 2307 591 2337 Div.
606 2307 649 2337 vi.
672 2310 699 2337 l.
723 2316 823 2345 quam
848 2308 934 2337 veri-

191 2354 243 2381 tas
257 2354 291 2381 et
312 2350 396 2380 ratio
421 2350 617 2390 praescribit.
633 2360 664 2380 v.
679 2350 787 2380 Graev.
803 2350 844 2380 ad
861 2350 895 2380 11.
911 2350 934 2380 1.

190 2393 307 2425 Parad.
323 2404 353 2424 ν.
370 2397 400 2424 3.
426 2399 511 2424 extr.
541 2395 628 2424 ratio
655 2399 690 2423 et
716 2395 839 2424 veritas
865 2395 936 2434 ipsa

193 2438 372 2468 convincit.
410 2438 464 2467 Sic
480 2437 643 2477 adjectivo
657 2447 773 2467 verum
789 2447 868 2467 usus
886 2444 937 2467 est

193 2481 312 2511 Horat.
330 2482 436 2511 Serm.
453 2481 474 2510 i.
494 2484 525 2511 3.
548 2482 602 2515 96.
625 2481 719 2520 queis
747 2481 842 2520 paria
863 2490 934 2510 esse

190 2525 259 2555 fere
277 2525 404 2564 placuit
422 2529 573 2564 peccata,
586 2524 751 2561 laborant,
766 2534 843 2555 cum
856 2534 936 2554 ven-

190 2571 264 2598 tum
282 2568 324 2598 ad
338 2577 453 2599 verum
470 2572 530 2598 est.
555 2569 678 2598 Sensus
692 2578 867 2607 moresque
885 2577 937 2597 re-

191 2616 347 2651 pugnant
362 2625 368 2641 :
394 2611 450 2642 ubi
461 2611 549 2641 male
563 2621 696 2650 aequum
710 2611 936 2651 interpretan-

191 2661 259 2684 tur.
284 2654 322 2685 ln
349 2665 389 2685 ea
414 2655 516 2685 verba
539 2656 804 2685 commentarius
830 2655 935 2684 estin

191 2697 243 2728 his
268 2699 374 2729 verbis
401 2698 583 2728 Ciceronis.
607 2697 678 2728 Fin.
711 2698 754 2728 iv.
785 2701 834 2732 19.
860 2707 934 2737 quae

193 2742 372 2781 magnifice
387 2742 496 2782 primo
512 2741 576 2771 dici
593 2741 762 2779 videntur,
784 2741 936 2771 conside-

191 2791 266 2815 rata
283 2787 393 2816 minus
411 2785 606 2825 probantur.
631 2786 754 2814 Sensus
771 2785 861 2815 enim
877 2795 936 2814 cu-

184 2828 307 2867 jusque
320 2835 354 2859 et
371 2835 492 2859 natura
507 2838 633 2865 rerum,
647 2831 748 2866 atque
764 2828 836 2868 ipsa
850 2829 936 2858 veri-

192 2877 244 2901 tas
268 2872 391 2902 clamat
415 2871 675 2910 quodammodo,
692 2880 760 2901 non
783 2881 878 2911 posse
903 2881 937 2901 se

195 2914 328 2954 adduci,
346 2921 383 2947 ut
402 2917 490 2947 inter
505 2924 560 2945 eas
578 2924 628 2946 rcs
646 2914 728 2946 nihil
753 2915 939 2947 interesset.

1614 113 1696 162 475

965 214 1029 245 Sed
1045 214 1144 254 plura
1157 212 1312 253 exempla
1326 212 1498 244 addamus,
1523 213 1581 245 Or.
1603 214 1625 244 i.
1652 217 1702 248 17.

961 258 1147 294 videamus,
1165 267 1206 287 ne
1220 256 1293 296 plus
1305 258 1428 287 oratori
1442 257 1584 294 tribuas,
1600 266 1700 297 quam

963 311 1014 332 res
1032 306 1066 332 et
1082 302 1201 332 veritas
1216 301 1288 340 ipsa
1310 301 1480 331 concedat.
1497 301 1540 331 ib.
1558 304 1611 332 33.
1627 311 1703 341 pro-

960 345 1002 375 bo
1019 346 1094 383 ista,
1111 348 1151 374 ut
1165 353 1265 373 causa
1279 343 1391 382 aliqua
1406 344 1514 384 posita
1536 343 1703 375 consimili

964 398 1078 418 earum
1111 396 1301 423 causarum,
1318 396 1392 426 quae
1419 388 1453 417 in
1480 387 1589 418 forum
1614 387 1705 418 ‹lese-

965 436 1100 468 runtur,
1115 431 1232 461 dicatis
1250 440 1348 468 quam
1367 431 1512 460 maxime
1530 431 1570 461 ad
1583 432 1703 461 verita—

967 479 1029 505 tem
1058 473 1307 505 accommodate
1323 486 1329 504 ι
1369 483 1489 514 nempe
1507 479 1545 504 ut
1561 484 1638 504 vera
1653 484 1704 505 res

965 524 999 548 et
1016 527 1127 554 causa,
1144 527 1211 547 non
1229 517 1309 547 ficta
1324 518 1376 556 agi
1394 517 1556 547 videatur.
1581 519 1638 548 Or.
1655 518 1703 548 iii.

965 565 1019 596 57.
1042 563 1164 592 veritas
1180 561 1283 591 vincit
1299 561 1537 591 imitationem.
1566 561 1645 592 ibid.
1663 561 1698 592 ii.

969 608 1006 639 17
1013 628 1020 634 .
1033 605 1121 635 actio
1130 606 1276 635 veritatis
1287 603 1397 644 plena.
1413 604 1426 634 1
1430 613 1484 635 nv.
1497 605 1532 635 ii.
1547 606 1704 636 lma-itas

963 648 1168 679 transfertur
1183 658 1221 678 ex
1240 648 1377 678 animali
1394 647 1547 688 exemplo
1574 649 1611 678 in
1627 658 1702 679 mu-

965 696 1039 722 tum
1056 692 1285 722 simulacrum.
1308 693 1365 722 Or.
1384 692 1404 721 i.
1423 694 1475 722 34.
1492 698 1701 723 commenta-

966 736 1013 766 tio
1039 736 1169 766 inclusa
1185 735 1219 765 in
1234 736 1383 766 veritatis
1405 734 1515 766 lucem
1533 735 1705 776 proferen-

967 780 1010 810 da
1024 784 1075 810 est
1089 791 1098 818 ;
1114 779 1147 809 11.
1164 789 1193 809 e.
1205 780 1241 809 in
1256 779 1341 810 veris
1357 779 1465 809 causis
1478 780 1511 809 in
1524 779 1594 809 foro
1610 779 1704 810 adhi-

967 823 1087 859 benda.
1113 823 1180 860 Sic,
1193 823 1228 853 ii.
1248 825 1298 856 19.
1321 822 1436 853 rhetor
1450 823 1572 853 dicitur
1587 833 1704 863 expers

967 868 1129 904 veritatis,
1146 867 1225 906 quia
1239 867 1273 896 in
1291 867 1410 897 umbra
1424 866 1546 897 scholae
1560 866 1654 905 dicit,
1671 873 1707 898 et

968 910 1077 948 docet,
1097 920 1164 940 nou
1181 910 1251 949 agit
1267 920 1358 940 veras
1375 920 1500 940 causas.
1517 910 1596 940 ibid.
1615 912 1637 941 i.
1651 913 1705 942 51.

967 955 1024 994 qui
1039 953 1278 984 tolerabiliores
1294 953 1413 984 volunt
1424 962 1550 992 esse,et
1566 953 1608 984 ad
1623 956 1706 984 veri-

966 1002 1067 1028 tatem
1083 998 1157 1027 vitae
1171 997 1306 1037 propius
1330 997 1500 1035 accedere,
1516 998 1705 1037 permedio-

967 1052 1038 1072 cres·
1055 1052 1092 1071 ac
1118 1041 1228 1081 potius
1249 1041 1337 1071 leves
1363 1047 1474 1072 motus
1499 1041 1605 1072 animi.
1632 1052 1702 1073 esse

967 1085 1086 1115 debere
1099 1085 1229 1115 dicunt.

1010 1129 1261 1159 Vermiculatus.
1274 1128 1390 1164 Br.79.
1410 1128 1539 1159 nullum
1553 1129 1706 1167 verbum,

966 1173 1029 1202 nisi
1044 1172 1117 1202 loco
1133 1173 1292 1212 positum,
1303 1178 1338 1203 et
1353 1176 1518 1203 structum
1532 1177 1706 1212 tamquam

966 1217 1001 1246 in
1018 1215 1220 1246 emblemate
1232 1218 1454 1246 vermiculato.
1471 1217 1513 1247 cf.
1523 1217 1581 1248 Or.
1594 1217 1640 1247 iii.
1653 1219 1708 1248 43.

966 1259 1055 1300 Quid
1079 1260 1124 1290 sit
1148 1261 1414 1297 vermiculatum,
1430 1259 1470 1290 de
1487 1271 1526 1291 eo
1542 1270 1611 1291 non
1628 1270 1708 1291 con·

967 1304 1120 1334 sentiunt
1144 1303 1214 1334 Viri
1241 1303 1344 1334 docti.
1389 1303 1453 1334 Alii
1485 1305 1574 1335 enim
1603 1304 1708 1334 inter-

967 1351 1158 1387 pretantur,
1175 1347 1316 1377 minutis
1343 1347 1526 1385 tesserulis,
1541 1354 1705 1388 tanquam

966 1390 1171 1428 vermiculis,
1199 1396 1368 1421 structum
1399 1395 1434 1421 et
1468 1392 1677 1431 variegatum
1695 1404 1702 1421 z

967 1433 1024 1464 alii
1037 1444 1135 1464 cocco
1147 1436 1309 1472 tinctum,
1323 1434 1411 1474 quod
1423 1435 1513 1465 color
1528 1436 1705 1466 coccineus

970 1478 1010 1507 fit
1026 1488 1042 1507 e
1059 1477 1262 1515 vermiculis,
1275 1479 1332 1517 qui
1344 1482 1423 1508 sunt
1435 1479 1469 1509 in
1486 1479 1589 1509 bacca
1605 1480 1709 1517 cocci,

969 1521 1169 1552 vermiculus
1199 1522 1301 1552 etiam
1330 1523 1399 1562 ipse
1430 1526 1464 1552 et
1490 1523 1709 1554 vermiculum

968 1575 1028 1605 pro
1044 1575 1142 1595 cocco
1158 1565 1292 1596 dieitur.
1308 1565 1395 1596 hane
1411 1567 1617 1597 sententiam
1634 1577 1708 1607 pro-

968 1608 1049 1639 tulit
1077 1616 1112 1639 et
1141 1608 1293 1639 defendit
1323 1609 1503 1640 Salmasius
1534 1610 1575 1640 ad
1606 1610 1710 1640 Solin.

969 1663 1002 1693 p.
1037 1654 1107 1687 192.
1135 1655 1209 1683 854.
1235 1653 1388 1692 sequitur
1414 1663 1492 1684 eum
1516 1653 1710 1684 Harduinus

970 1695 1012 1726 ad
1043 1696 1129 1726 Plin.
1158 1695 1202 1726 H.
1231 1697 1275 1727 N.
1304 1697 1412 1727 xxxvi.
1439 1698 1470 1727 6.
1505 1697 1636 1728 videtur
1661 1704 1710 1728 et-

970 1740 1037 1770 iam
1065 1739 1205 1780 probare
1242 1739 1428 1771 Bochartus
1467 1741 1656 1771 Hierozoic.
1687 1746 1713 1772 t.

970 1784 1006 1814 ii.
1034 1783 1054 1813 l.
1082 1784 1126 1814 iv.
1151 1785 1204 1818 27.
1236 1785 1300 1814 Sed
1323 1788 1361 1814 ut
1387 1786 1558 1816 sententia
1583 1785 1712 1816 Salma-

971 1828 1066 1858 siana
1088 1836 1156 1856 non
1179 1828 1223 1857 sit
1248 1828 1320 1858 sine
1345 1829 1468 1868 specie,
1491 1833 1526 1858 et
1550 1830 1712 1860 vermicu-

974 1873 1080 1901 latum
1109 1880 1179 1900 esse
1203 1872 1310 1912 possit
1339 1881 1438 1902 cocco
1461 1873 1633 1911 tinctum3
1660 1878 1711 1903 ta-

974 1924 1052 1944 men
1069 1913 1176 1944 altera
1191 1919 1242 1945 est
1261 1915 1492 1953 verosimilior,
1508 1919 1543 1946 et
1567 1916 1640 1947 loco
1658 1917 1713 1946 Ci-

973 1960 1152 1988 neroniano
1183 1962 1217 1988 et
1244 1958 1398 1989 Pliniano
1419 1960 1714 1991 accommodatior.

973 2002 1086 2031 Primo
1109 2002 1136 2031 si
1152 2003 1405 2033 vermiculatum
1423 2003 1457 2033 in
1472 2002 1535 2033 hac
1550 2013 1584 2033 re
1602 2004 1641 2033 de
1659 2014 1713 2033 co-

974 2045 1043 2075 lore
1061 2045 1243 2083 diceretur,
1261 2056 1466 2085 consequens
1484 2053 1583 2085 esset,
1600 2053 1639 2077 ut
1652 2052 1712 2078 aut

974 2098 1090 2119 omnes
1107 2088 1153 2118 illi
1169 2089 1274 2129 lapilli
1289 2091 1436 2119 coccinei
1454 2090 1609 2129 fuissent,
1625 2092 1713 2130 quod

977 2142 1076 2162 nemo
1092 2133 1154 2163 sibi
1177 2133 1368 2173 persuaderi
1385 2134 1549 2173 patietur:
1574 2135 1715 2166 fuerunt

974 2177 1066 2206 enim
1097 2177 1301 2207 diversorum
1335 2176 1497 2216 colorum,
1522 2181 1563 2208 ut
1588 2179 1715 2218 effigies

975 2229 1087 2250 rerum
1105 2224 1139 2250 et
1154 2221 1352 2250 animalium
1365 2221 1604 2253 exhiberentur
1622 2235 1628 2253 :
1646 2223 1716 2253 Aut

978 2265 1230 2295 vermiculatum
1258 2272 1347 2294 esset
1372 2265 1407 2294 in
1438 2275 1559 2304 genere
1590 2265 1718 2297 colora-

975 2312 1050 2337 tum
1067 2319 1077 2345 3
1102 2308 1190 2346 quod
1207 2309 1337 2348 probari
1355 2309 1483 2338 nemini
1498 2311 1635 2349 poterit,
1652 2319 1715 2340 nec

977 2350 1138 2381 Salmasio
1154 2352 1189 2381 in
1205 2356 1355 2381 mentem
1371 2353 1464 2382 venit
1483 2353 1630 2391 credere,
1656 2359 1717 2384 aut

978 2394 1220 2425 demonstrare.
1238 2395 1375 2426 Accedit
1390 2395 1436 2434 id,
1449 2396 1538 2435 quod
1549 2407 1619 2427 rem
1637 2407 1717 2427 con-

977 2438 1062 2475 ficit,
1088 2448 1141 2478 ap.
1173 2438 1334 2477 Plinium,
1361 2438 1434 2469 loco
1460 2449 1539 2470 mox
1567 2440 1716 2479 citando,

976 2481 1079 2518 tradi,
1096 2486 1225 2512 crustas
1241 2483 1415 2513 marmoris
1431 2484 1466 2513 in
1482 2493 1581 2524 opere
1596 2487 1716 2515 vermi-

977 2526 1086 2555 culato
1101 2525 1162 2555 sub
1181 2526 1321 2556 Claudio
1337 2526 1474 2557 demum
1492 2528 1628 2567 coepisse
1642 2529 1718 2569 pin-

979 2569 1024 2607 gi.
1048 2569 1179 2599 Deinde
1196 2571 1231 2600 in
1248 2570 1342 2607 locis,
1358 2571 1414 2600 ubi
1430 2569 1493 2600 hoc
1509 2572 1645 2602 verbum
1663 2582 1718 2602 oc-

979 2613 1098 2649 currit,
1122 2613 1303 2644 clarissime
1327 2618 1479 2654 apparet,
1503 2624 1572 2645 non
1598 2617 1717 2656 respici

979 2655 1021 2685 ad
1038 2655 1183 2686 colorem
1208 2656 1413 2697 lapillorum,
1438 2657 1496 2688 sed
1513 2658 1553 2688 ad
1568 2664 1719 2690 structu-

978 2709 1050 2729 ram
1079 2703 1113 2730 et
1136 2700 1389 2741 dispositionem
1418 2711 1547 2732 eorum.
1567 2702 1683 2733 Oratio
1700 2713 1720 2735 a

978 2743 1111 2773 Lucilio
1140 2749 1176 2774 et
1206 2744 1368 2774 Cicerone
1397 2752 1614 2785 comparatur
1640 2757 1718 2778 cum

977 2788 1192 2817 vermiculato
1221 2797 1332 2828 opere,
1363 2797 1430 2818 non
1459 2789 1590 2819 ratione
1621 2800 1721 2821 orna-

978 2837 1186 2868 mentorum,
1203 2831 1322 2870 quibus
1347 2832 1442 2870 quasi
1459 2831 1624 2863 coloribus
1641 2833 1720 2864 illu-

979 2873 1111 2904 minata
1125 2878 1159 2904 et
1183 2875 1276 2915 picta
1297 2877 1370 2913 est3
1395 2874 1453 2905 sed
1479 2876 1609 2906 ratione
1632 2882 1720 2908 stru-

980 2920 1085 2948 cturae
1111 2917 1289 2950 verborum
1318 2918 1506 2950 artificiosae
1520 2931 1528 2950 z
1562 2919 1653 2953 unde
1683 2925 1719 2955 et
