1985 3206
746 88 890 117 {Nnssx
920 87 1216 116 LATlNlTATls.
1646 78 1685 112 2³

225 187 265 208 ea
292 179 486 210 columnarii
515 177 610 214 dicti,
634 176 722 216 quod
752 177 795 206 ibi
827 177 873 206 rei
897 186 947 205 es-

223 227 312 259 sent,
333 221 409 262 (vid.
440 221 609 258 Columna)
629 224 667 250 ut
682 220 811 250 videtur
827 219 948 249 Manu-

222 265 271 294 tio
295 264 335 294 ad
358 265 390 294 h.
416 264 438 294 l.
463 265 614 303 aliisque,
635 269 706 300 aut,
727 263 815 302 quod
839 264 947 303 potius

222 308 432 345 crediderim,
453 308 530 347 quia
557 308 644 337 circa
666 317 739 337 earn
763 309 948 336 columnam

220 352 281 381 otii
305 351 441 381 fallendi
465 361 564 380 causa
584 354 804 387 versarentur,
821 350 946 381 similes

219 395 442 424 subrostranis
465 399 500 424 et
523 393 786 430 snbbasfficanis,
808 403 888 432 quos
912 398 947 423 et

220 438 307 477 ipsos
331 439 408 467 inde
432 437 537 467 dictos
561 438 696 474 seimus,
713 437 800 476 quod
820 447 878 477 pro
895 447 946 466 ro-

220 482 297 511 stris
313 486 347 511 et
362 481 403 511 ad
420 481 568 511 basilicas
584 490 653 510 esse
666 481 820 511 solerent.
847 481 945 510 Coni-

218 524 474 564 prehenduntur
486 525 584 554 turba
594 525 729 561 forensi,
742 524 835 564 plebe
849 524 945 553 urba-

220 577 275 605 na,
291 568 331 598 de
347 578 413 607 qua
428 578 513 608 saepe
531 568 657 598 Cicero,

268 612 442 642 Comerlere.
467 612 537 642 Att.
557 613 597 641 vi.
617 614 642 640 1.
669 621 788 640 numos
804 610 943 648 alicujus

217 656 388 686 comedere.
419 655 460 685 ad
484 656 558 685 Div.
576 655 618 685 ix.
636 657 688 686 20.
721 664 760 683 nc
784 658 843 684 tua
858 655 944 683 bona

218 700 383 736 comedim,
397 699 531 736 antique¹
548 709 606 738 pro
622 699 784 728 comedam
797 709 803 727 τ
826 697 865 727 de
878 708 943 736 qua

217 742 325 772 forma
340 753 368 772 v.
387 743 503 772 Heius.
529 742 570 771 ad
585 742 675 780 Virg.
701 742 776 771 [En.
794 741 848 771 xii.
867 744 940 771 801.

216 785 311 816 Bona
333 796 393 815 sua
415 786 587 822 comedere,
611 786 713 815 etiam
738 784 779 814 ad
802 785 877 814 Div.
896 786 940 814 xi.

215 831 269 861 21.
288 830 442 859 occurrit.

267 872 377 903 Comis.
414 873 482 902 Fin.
508 873 542 902 ii.
568 874 620 903 ⁶25.
651 873 746 902 comis
769 872 802 901 in
826 873 940 901 amici-

216 916 272 947 tiis
284 916 428 946 tuendis.
448 917 603 946 Ceterum
617 916 672 954 qui
685 917 781 945 comis
796 915 939 952 dicatur,

217 960 298 998 quid
320 961 364 989 sit
387 962 528 997 comiter,
548 959 695 989 declarat
720 959 834 989 Cicero
857 960 938 1000 ipse.

215 1011 245 1033 v,
263 1005 404 1034 comiter.

265 1047 456 1077 Comissatio.
490 1046 578 1077 Mur.
603 1046 633 1076 6.
666 1046 738 1076 Cat.
769 1046 802 1075 ii.
828 1049 858 1076 5.
889 1051 940 1075 est

216 1091 404 1120 convivium
418 1094 616 1120 nocturnum
629 1090 879 1129 tempestivum,
890 1090 940 1118 in-

214 1134 329 1173 primis
353 1133 568 1173 compotatio‚
585 1143 662 1163 cum
686 1133 861 1171 vagatione
881 1142 939 1162 uo-

215 1180 333 1206 cturna
356 1187 414 1217 per
432 1178 521 1206 urbis
537 1177 624 1206 vicos
641 1181 675 1206 ct
690 1176 829 1216 plateas,
846 1176 940 1206 adhi-

214 1219 291 1250 bitis
308 1221 403 1250 taedis
420 1225 453 1250 et
469 1220 676 1260 symphonia.
694 1231 723 1249 v.
740 1221 857 1250 Lamb.
874 1219 938 1250 Bos

212 1263 252 1293 de
269 1264 367 1293 verbo
383 1262 528 1302 κωμάζειν
545 1265 578 1293 in
597 1264 741 1294 Exercit.
758 1263 800 1293 ad
816 1264 858 1294 N.
872 1264 912 1294 T.

260 1306 459 1337 comissator.
491 1308 592 1337 Attic.
609 1307 630 1338 i.
651 1308 700 1338 16.
726 1308 939 1338 comissatores

164 1388 167 1392 .
211 1351 461 1389 conjurationis.

261 1394 424 1425 Comitum:
456 1393 555 1424 Tusc.
581 1405 610 1424 v,
634 1397 685 1424 524.
715 1394 818 1424 tardis
845 1404 938 1424 men-

210 1437 298 1468 tibus
323 1440 426 1468 virtus
451 1447 516 1467 non
531 1439 716 1468 comitatur.
739 1439 792 1468 Sic
809 1442 843 1467 et
858 1438 936 1468 ibid.

210 1487 261 1511 est
278 1492 306 1511 e.
323 1484 376 1512 31.
854 1518 857 1519 ⁷

259 1525 434 1556 Comitatus
465 1525 528 1565 adj.
556 1524 657 1555 Tusc.
688 1535 717 1555 v.
748 1528 802 1559 39.
833 1535 935 1566 puero

211 1578 277 1598 uno
292 1570 482 1599 comitatior.

258 1612 445 1647 Comitatus,
470 1612 540 1641 Fin.
562 1612 596 1642 ii.
613 1614 667 1643 34.
691 1612 771 1650 quid
788 1622 869 1652 opus
886 1617 936 1643 est

207 1659 302 1685 tanto
314 1656 477 1686 virtutum
490 1657 644 1685 comitatu
654 1655 670 1684 .⁹
686 1655 874 1686 Antecessit
885 1657 934 1686 in-

206 1702 431 1729 strumentum
457 1699 491 1728 in
507 1699 642 1739 optimis
659 1699 783 1729 artibus
801 1709 934 1740 compa-

207 1743 317 1772 randis
341 1743 556 1779 honestorum
580 1742 766 1772 studiorum
794 1753 934 1774 concur-

206 1794 262 1816 sus
280 1787 339 1817 δίο.
364 1786 383 1804 ²*
395 1787 434 1816 de
451 1786 656 1826 adjutoribus
671 1790 722 1816 est
734 1785 884 1817 Marcell.
899 1790 931 1818 4.

206 1832 325 1860 ceterae
349 1830 432 1860 duce
454 1834 488 1860 te
505 1833 607 1869 gestae
623 1834 704 1859 sunt
720 1839 850 1869 magnae
867 1830 932 1861 illae

205 1873 354 1912 quidem,
381 1873 439 1904 sed
463 1878 579 1903 tamen
605 1872 714 1903 multo
744 1883 931 1913 magnoque

204 1918 368 1947 comitatu.
391 1917 513 1947 ⁷'‘Verr.
526 1917 572 1948 iii.
587 1919 617 1948 8.
639 1918 827 1948 comitatum
841 1927 931 1956 quae-

204 1969 290 1997 rere,
308 1961 329 1990 i.
346 1971 375 1990 e.
399 1961 455 2000 qui
479 1961 629 2001 ejusdem
651 1961 695 1991 sit
717 1960 930 1999 conditionis,

202 2002 349 2033 fortunae
365 2004 424 2034 &c.

253 2046 389 2078 Comiter
416 2046 496 2087 quid
518 2047 696 2087 significet,
712 2047 852 2079 docetur
869 2058 929 2089 pro

203 2088 307 2120 Balbo
335 2091 383 2121 16.
413 2100 534 2130 nempe
564 2091 635 2121 sine
665 2091 740 2121 dolo
768 2092 867 2122 malo.
899 2102 928 2122 v.

205 2132 310 2163 Graev.
332 2134 374 2164 ad
401 2134 422 2164 1.
438 2144 466 2164 c.
491 2134 596 2164 Drak.
621 2135 662 2164 ad
688 2134 759 2166 Liv.
785 2138 927 2167 xxv.12.

201 2176 361 2207 Dukerus
378 2177 420 2207 ad
435 2177 534 2208 eund.
552 2179 684 2208 xxxviii.
704 2182 752 2209 ll.

250 2220 382 2251 Comites
412 2221 513 2251 ProC.
538 2226 573 2251 et
597 2222 712 2252 ProPr.
736 2227 828 2259 sunt,
853 2233 926 2262 quae

200 2267 236 2294 et
262 2264 378 2294 cohors
404 2265 559 2304 praetoria
586 2265 720 2296 dicitur.
746 2275 776 2296 v.
801 2275 924 2306 supra:

200 2307 361 2347 praefecti,
379 2308 513 2344 medici,
528 2309 655 2346 scribae,
668 2309 871 2349 haruspices,
884 2310 927 2340 ad

198 2351 269 2381 Att.
293 2352 335 2383 vi.
364 2354 411 2382 ll.
436 2352 539 2392 legati
561 2357 596 2382 et
619 2352 767 2392 praefecti
793 2364 812 2383 a
830 2356 924 2384 comt-

199 2395 284 2425 tibus
300 2395 565 2435 distinguuntur.

247 2438 393 2469 Comitia.
423 2438 487 2478 Qu.
504 2439 555 2470 Fr.
572 2440 605 2469 ii.
626 2443 674 2470 15.
703 2441 835 2471 comitia
851 2450 925 2480 gra-

196 2482 296 2518 tuita,
320 2482 354 2511 in
382 2483 502 2521 quibus
526 2482 619 2512 nulla
642 2482 773 2522 largitio
798 2488 926 2514 versata

197 2528 258 2554 est.
283 2526 360 2555 Sen.
385 2536 417 2565 p.
445 2525 482 2556 R.
512 2528 559 2555 ll.
590 2528 718 2557 comitia
735 2529 829 2567 justa
845 2533 926 2558 sunt

197 2569 396 2598 centuriata.
426 2568 519 2599 verr.
538 2569 559 2599 i.
575 2573 606 2603 7.
637 2580 712 2600 mea
735 2572 874 2608 comitia,
893 2571 924 2600 h.

196 2621 226 2640 c.
256 2611 290 2641 in
318 2613 437 2651 quibus
457 2613 580 2652 petitor
605 2613 664 2642 sui.
691 2614 783 2644 Vct-r.
810 2614 843 2644 ii.
873 2617 924 2645 5⁶2.

195 2656 325 2685 comitia
355 2656 456 2686 etiam
485 2656 524 2685 de
555 2656 718 2686 electione
744 2657 924 2688 sacerdotis

197 2707 256 2737 per
279 2699 487 2729 sortitionem
506 2700 538 2730 in
556 2700 669 2730 Sicilia
693 2701 792 2737 facta,
809 2701 925 2730 dicun-

196 2746 264 2770 tur.
298 2742 377 2772 (30¹1.
411 2746 441 2773 ὃ.
474 2745 601 2773 comitia
633 2743 822 2781 pontificia,
846 2748 925 2774 sunt

197 2785 348 2815 creandis
373 2786 602 2823 Pontificibus,
620 2787 653 2816 in
678 2788 795 2826 quibus
814 2788 924 2818 Ponti-

197 2827 276 2857 fices
293 2833 461 2866 creantur,
478 2830 525 2859 sic
543 2830 751 2868 consularia,
768 2832 926 2861 Praetoria

197 2871 256 2901 ἃς.
280 2872 333 2903 De
352 2873 527 2912 generibus
544 2875 745 2906 comitiorum
761 2875 828 2906 suis
844 2875 924 2905 locis

1676 78 1698 112 [v

1704 75 1725 120 x}

990 176 1112 215 agitur.

1037 219 1224 249 Lvnzttialis.
1253 217 1318 256 Qu.
1342 216 1392 247 Fr.
1414 216 1448 246 ii.
1468 216 1499 246 2.
1529 215 1597 245 dics
1620 217 1716 246 comi-

987 264 1094 299 tiales,
1111 263 1144 292 h.
1160 272 1189 291 e.
1207 271 1265 301 per
1288 270 1369 298 quos
1388 260 1517 290 comitia
1536 259 1716 296 habentur,

989 310 1048 336 aut
1063 305 1174 335 haberi
1188 307 1337 344 possunt.
1358 303 1398 333 cf.
1413 302 1491 333 ibid.
1506 302 1535 332 6.
1560 303 1613 332 Sic
1623 303 1718 333 Verr.

988 349 1022 379 ii.
1039 350 1090 379 52.
1115 349 1237 378 mensis
1253 348 1435 377 comitialis.

1036 393 1236 427 comitiatus,
1255 400 1303 420 us.
1325 400 1382 429 pro
1399 390 1545 420 comitiis.
1570 389 1649 429 Leg.
1667 390 1714 420 iii.

986 438 1018 466 4.
1042 436 1226 466 comitiatus
1243 434 1407 463 maximus
1423 433 1546 463 dicitur
1562 433 1601 462 de
1615 435 1714 463 comi-

987 480 1041 509 tz'is
1064 478 1275 514 centuriatis,
1293 478 1448 515 quoniam
1475 477 1508 506 in
1532 476 1571 505 iis
1595 486 1711 506 omnes

985 523 1117 552 ordines
1130 521 1242 562 populi
1256 521 1412 559 suffragia
1424 521 1548 556 ferunt,
1559 520 1592 549 in
1605 520 1711 550 tribu-

984 566 1028 596 tis
1045 566 1136 605 plebs
1152 571 1299 595 tantum.

1033 610 1215 639 (onmium.
1243 607 1336 637 Brut.
1355 609 1406 637 34.
1423 606 1516 636 verr.
1530 606 1552 636 i.
1568 609 1616 640 19.
1634 607 1711 637 Div.

985 653 1006 682 i.
1037 656 1082 686 17.
1116 652 1206 682 locus
1231 652 1265 681 in
1295 651 1366 680 foro
1388 650 1552 687 Romano,
1579 650 1647 686 ubi,
1671 656 1711 679 ut

985 699 1100 725 auctor
1123 703 1171 725 est
1204 695 1307 724 Varro
1324 694 1361 724 L.
1379 694 1415 724 L.
1432 695 1473 723 iv.
1491 696 1543 723 32.
1576 694 1710 723 coibant

983 741 1118 769 comitiis
1140 739 1275 769 curiatis
1299 744 1333 767 et
1358 737 1468 767 litium
1491 746 1601 773 causa,
1621 738 1708 766 unde

983 786 1018 812 et
1040 793 1162 813 nomen
1185 783 1290 812 duxit.
1318 781 1405 810 Nam
1431 780 1590 810 Consules
1614 780 1709 817 olim,

983 832 1058 866 post
1069 832 1227 866 praetores
1240 826 1347 864 ibijus
1360 824 1528 860 dicebant,
1541 828 1579 853 ut
1593 824 1708 854 inultis

982 870 1066 900 Livii
1087 870 1174 899 *locis
1197 874 1299 910 patet.
1346 868 1395 898 Ex
1417 877 1456 897 eo
1480 867 1589 897 aditus
1613 874 1647 897 et
1671 868 1707 897 in

982 923 1121 944 curiam.

1030 958 1240 987 Commotus.
1273 955 1392 992 literae,
1408 964 1481 993 quae
1502 958 1704 994 potestatem

982 1000 1063 1030 dant
1100 1000 1262 1030 abeundi:
1298 999 1381 1028 item
1412 998 1509 1027 venia
1537 997 1596 1027 ilia
1624 999 1706 1037 ipsa.

980 1044 1074 1074 verr.
1098 1054 1127 1074 ν.
1152 1047 1205 1074 43.
1233 1053 1310 1072 cum
1334 1046 1511 1071 commeatu
1536 1041 1705 1081 Syracusis

981 1088 1152 1118 remansit.
1176 1087 1251 1117 add.
1267 1085 1307 1116 ad
1324 1086 1395 1116 Att.
1412 1086 1480 1115 xiii.
1495 1088 1549 1114 41.
1673 1116 1676 1117 ⁷

1029 1131 1274 1162 Commendatio,
1307 1129 1376 1159 Fin.
1401 1129 1434 1158 ii.
1462 1130 1510 1159 12.
1540 1127 1705 1167 Epicurus

980 1185 1058 1204 cum
1080 1175 1116 1204 in
1137 1175 1246 1214 prima
1267 1173 1536 1204 commendatione
1555 1171 1707 1211 volupta-

978 1223 1049 1248 tem
1066 1218 1212 1248 dixisset.
1229 1217 1262 1247 h.
1279 1228 1306 1246 e.
1323 1217 1357 1246 in
1374 1217 1412 1245 iis
1429 1216 1538 1251 rebus,
1556 1224 1629 1253 quae
1647 1224 1705 1244 no-

980 1262 1028 1291 bis
1053 1263 1169 1302 primae
1188 1271 1207 1291 a
1228 1266 1349 1290 natura
1372 1260 1463 1298 quasi
1487 1259 1706 1288 commendari

980 1305 1146 1342 videntur,
1164 1305 1252 1344 quod
1268 1314 1321 1334 eas
1339 1310 1453 1333 nostra
1468 1308 1586 1342 sponte
1604 1312 1705 1342 appe-

978 1349 1095 1386 timus,
1113 1354 1147 1379 et
1170 1358 1284 1378 earum
1309 1357 1409 1376 causa
1431 1345 1511 1376 alias
1536 1351 1706 1375 consecta-

979 1402 1064 1422 mur.
1113 1393 1131 1410 *θ
1144 1392 1256 1422 Plane.
1286 1394 1334 1421 13.
1367 1390 1598 1420 commendatio
1632 1388 1705 1418 dul-

977 1436 1111 1466 cissima
1134 1441 1278 1473 naturae,
1295 1435 1328 1464 h.
1343 1444 1371 1464 e.
1389 1443 1462 1473 qua!
1487 1433 1594 1463 oritur
1609 1443 1629 1462 a
1646 1443 1705 1462 na-

977 1483 1063 1510 tura.
1088 1480 1140 1509 Sic
1157 1479 1213 1509 Or.
1231 1480 1252 1510 i.
1268 1479 1321 1510 26.
1344 1477 1520 1517 probitatis
1545 1486 1704 1506 commen-

976 1524 1072 1553 datio.
1096 1523 1193 1553 Brut.
1205 1525 1258 1553 25.
1282 1521 1513 1552 commendatio
1525 1520 1702 1559 majorum.

976 1567 995 1584 ²*
1010 1567 1065 1597 Or.
1095 1567 1129 1596 ii.
1164 1570 1216 1600 87.
1253 1565 1426 1595 oculorum
1459 1564 1703 1599 commendatio,

976 1620 1053 1640 cum
1081 1620 1162 1650 quas
1189 1620 1238 1639 res
1263 1609 1433 1639 memoriae
1456 1607 1586 1638 tradere
1610 1606 1702 1637 volu-

976 1663 1063 1691 mus,
1077 1663 1131 1683 eas
1145 1653 1250 1683 oeulis
1262 1654 1446 1683 intuemur.
1459 1652 1523 1681 Or.
1536 1654 1588 1681 31.
1612 1649 1702 1680 hunc

976 1698 1097 1728 librum
1120 1698 1146 1727 si
1165 1698 1275 1727 minus
1292 1701 1406 1726 nostra
1420 1694 1702 1732 commendatione,

973 1745 1034 1772 tuo
1067 1746 1183 1771 tamen
1218 1740 1353 1771 nomine
1378 1738 1540 1778 divulgari
1568 1748 1701 1768 necesse

974 1790 1036 1815 est.

1021 1828 1261 1860 Commendare.
1286 1826 1367 1866 Leg.
1386 1827 1418 1856 ii.
1436 1826 1484 1856 16.
1509 1835 1602 1855 sacro
1618 1835 1702 1856 com—

973 1873 1177 1909 mendatum,
1195 1872 1228 1902 h.
1245 1881 1273 1901 e.
1291 1871 1325 1900 in
1348 1870 1475 1910 templo
1498 1869 1700 1909 depositum.

971 1916 991 1934 ³*
1005 1916 1047 1946 ad
1075 1916 1152 1947 Div.
1167 1925 1220 1946 xv.
1237 1917 1290 1946 20.
1318 1914 1493 1944 Oratorem
1514 1923 1625 1942 meum
1642 1914 1701 1942 Sa—

971 1959 1050 1990 bino
1073 1959 1304 1990 commendavi.
1336 1957 1473 1994 credidi,
1490 1956 1613 1987 tradidi
1636 1956 1698 1987 tibi

970 2003 1218 2044 perferendum.

1018 2047 1237 2078 Commentari
1267 2044 1438 2081 dicuntur,
1462 2043 1518 2084 qui
1546 2044 1698 2083 cogitant

970 2096 1004 2121 et
1033 2091 1197 2126 scribunt,
1221 2098 1294 2128 quae
1318 2087 1440 2117 dicturi
1463 2092 1561 2117 sunt:
1594 2086 1696 2123 unde,

969 2134 1127 2174 quicquid
1141 2137 1296 2163 accurate
1313 2132 1500 2171 cogitamus
1513 2134 1571 2161 aut
1583 2130 1698 2161 scribi—

969 2188 1056 2216 mus,
1081 2178 1114 2207 id
1137 2176 1348 2207 commentari
1371 2174 1525 2205 dicimur.
1548 2173 1590 2203 ad
1618 2173 1694 2204 Div.

969 2223 1010 2252 ἰν.
1027 2222 1058 2252 6.
1088 2227 1125 2251 ut
1150 2227 1229 2250 ante
1248 2222 1503 2249 commentemur
1518 2218 1606 2247 inter
1621 2227 1694 2254 nos,

968 2275 1033 2304 qua
1056 2266 1184 2295 ratione
1202 2263 1294 2293 nobis
1310 2261 1555 2292 traducendum
1571 2261 1615 2290 sit
1632 2260 1695 2291 hoe

965 2314 1111 2348 tempus.
1136 2307 1219 2338 Phil.
1236 2307 1278 2336 xi.
1295 2307 1325 2336 6.
1354 2315 1495 2345 quorum
1512 2304 1597 2335 alter
1610 2313 1694 2334 eom·

967 2357 1131 2383 menemus
1154 2356 1205 2381 est
1228 2351 1361 2389 mimos,
1378 2348 1464 2380 alter
1486 2349 1556 2386 egit
1571 2352 1693 2387 tragoe-

967 2396 1068 2426 diam.
1093 2395 1134 2425 ad
1158 2395 1233 2425 Div.
1252 2394 1306 2424 vii.
1328 2396 1355 2423 1.
1389 2397 1423 2423 te
1439 2393 1562 2432 ipsum,
1579 2392 1636 2430 qui
1661 2391 1696 2422 id

959 2441 1031 2478 jam
1047 2438 1169 2469 inultos
1191 2446 1295 2468 annos
1316 2436 1554 2472 commentaris,
1570 2435 1694 2465 docebo

967 2483 1127 2524 profecto,
1139 2481 1219 2521 quid
1232 2481 1276 2510 sit
1292 2479 1486 2510 humaniter
1502 2479 1621 2508 vivere.
1638 2478 1694 2509 ΒΓ.

966 2531 1018 2560 90.
1050 2526 1323 2556 declamitantem
1347 2523 1570 2554 commentari.
1593 2521 1694 2552 Tusc.

966 2571 1012 2600 iii.
1045 2572 1094 2600 14.
1129 2569 1260 2598 suturas
1289 2576 1423 2597 mecum
1453 2566 1695 2596 commentabar

966 2614 1126 2643 miserias.
1162 2612 1245 2642 Phil.
1270 2611 1315 2641 iii.
1341 2613 1389 2640 14.
1414 2609 1538 2639 multos
1563 2618 1694 2638 menses

966 2657 1006 2686 de
1028 2657 1182 2686 libertate
1200 2665 1276 2694 pop.
1301 2654 1396 2684 Rom.
1421 2653 1628 2684 commentati
1645 2656 1696 2681 at-

967 2711 1029 2739 que
1044 2700 1209 2730 meditati.
1228 2699 1304 2728 Div.
1320 2698 1340 2726 i.
1354 2700 1407 2727 41.
1419 2697 1630 2727 commentari
1647 2695 1696 2724 di-

967 2748 1092 2774 cuntur
1131 2742 1218 2779 magi
1250 2741 1439 2777 Persarum,
1469 2750 1546 2770 cum
1577 2748 1697 2769 conve-

969 2788 1068 2817 niunt
1095 2792 1130 2817 et
1155 2787 1244 2815 inter
1269 2795 1302 2814 se
1324 2784 1362 2814 de
1391 2785 1488 2814 rebus
1513 2783 1581 2813 suis
1597 2781 1698 2812 collo-

967 2836 1120 2870 quuntur
1142 2834 1175 2859 et
1200 2828 1396 2858 deliberant.
1428 2828 1486 2858 Or.
1512 2827 1557 2857 iii.
1574 2828 1626 2858 23.
1657 2826 1697 2854 de

969 2875 1128 2912 magistro
1152 2873 1354 2903 Samnitium
1375 2871 1597 2911 gladiatorum
1616 2869 1698 2899 diui-

1021 2927 1041 2946 ο
1058 2919 1077 2948 ‘2
