1985 3206
189 62 246 111 60

187 158 373 190 statuarius
387 164 444 195 est,
459 158 515 198 qni
530 161 733 189 memoratur
744 168 798 200 ap.
816 160 915 191 Theo-

187 201 309 233 critum
321 202 516 241 epigramm.
532 204 561 234 7.

233 243 276 274 L.
291 244 466 283 Afranius,
476 246 584 283 poeto,
596 243 692 274 Brut.
702 245 754 274 45.
765 244 917 275 imitatur

190 285 379 318 C.Titium.
395 285 465 316 Fin.
482 287 501 316 i.
515 289 544 316 3.
556 285 778 321 Menandrum
791 286 917 317 solebat

188 334 379 358 convertere
395 328 454 359 sc.
796 360 798 363 ,

234 370 275 401 L.
289 370 464 410 Afranius,
479 371 552 401 Att.
576 370 597 400 i.
621 372 669 401 18.
699 372 745 404 19.
765 372 816 401 20.
841 371 917 402 Auli

190 410 277 443 filius
302 412 433 442 dicitur.
456 413 496 442 ad
522 412 598 442 Div.
621 412 684 442 xvi.
716 415 764 443 12.
789 413 916 452 legatus

190 453 339 494 Pompeii
363 455 396 484 in
422 454 592 494 Hispania.
623 454 755 485 Nomen
776 457 844 495 ejus
867 459 918 486 est

190 496 291 526 etiam
306 496 347 526 ad
361 496 437 527 Div.
460 497 481 526 i.
502 500 527 526 l.
545 496 627 527 Phil.
643 497 710 526 xiii.
735 499 780 528 13.
802 498 919 528 Consul

178 537 258 577 suit
276 548 350 568 cum
371 539 503 569 spletcllo
523 538 630 569 Celere
642 539 683 568 A.
713 537 752 568 U.
769 548 916 570 nexem.

192 579 229 611 E
222 579 284 620 jus
299 590 351 610 res
359 587 459 620 gestae
473 591 548 611 cum
569 581 702 612 Petreio
716 586 830 612 contra
854 581 917 612 Cte-

192 632 304 652 sarem
323 627 405 653 ποία»
426 628 534 653 sante
550 625 570 653 l.
591 624 611 653 i.
643 623 776 653 Coesczris
799 624 837 654 de
856 625 917 654 bel-

192 665 222 705 lo
259 663 364 695 Civili.
394 664 461 696 Dio
488 667 508 695 I.
536 665 652 695 xxxvii.
681 675 715 705 p.
745 668 794 696 50.
827 666 916 702 dicit,

191 716 268 737 eum
291 708 406 737 melius
427 709 552 738 saltare
567 709 720 747 potuisse,
744 718 844 747 quam
867 718 918 739 res

211 759 318 779 erere.

189 759 210 790 8
236 790 280 821 P.
297 790 477 832 Africanus
498 789 617 832 major,
633 791 732 822 Acad.
751 791 784 821 ii.
802 794 831 822 ⁶2.
858 792 918 822 Pa-

194 834 331 864 naetium
348 844 457 864 secum
481 834 589 864 habet.
605 834 697 864 Offic.
714 833 746 863 ii.
771 835 822 865 22.
846 835 917 872 ejus

193 876 395 906 abstinentia
409 887 428 906 a
450 877 597 906 Panaetio
619 875 781 906 laudatur.
797 876 836 906 de
860 877 915 906 Or.

192 917 239 948 iii.
256 922 285 952 7.
301 919 335 948 iu
357 918 493 949 dicendo
509 920 624 958 gravis.
650 919 729 948 Har.
753 919 847 959 Resp.
868 921 915 950 12.

195 970 254 998 pro
269 960 367 990 Corn.
384 961 404 990 i.
421 962 456 990 in
477 961 619 991 secundo
636 960 819 991 Consulatu
841 971 917 991 cum

191 1002 246 1034 Ti.
269 1002 385 1042 Longo
408 1004 577 1033 Senatoria
596 1003 750 1033 subsellia
771 1014 790 1034 a
805 1003 918 1044 populi

194 1054 347 1075 consessu
360 1050 489 1085 separat
500 1046 532 1074 in
548 1045 802 1084 Megalensibus,
814 1050 848 1075 et
862 1047 918 1076 Se-

195 1088 288 1117 natui
312 1088 453 1128 primum
476 1088 585 1118 locum
601 1088 667 1118 dat.
683 1087 721 1118 de
738 1087 793 1118 Or.
809 1089 842 1118 ii.
865 1088 919 1121 67.

195 1129 328 1160 Censor.
344 1130 437 1160 Offic.
454 1131 474 1160 i.
498 1132 548 1160 33.
571 1134 642 1170 eJus
658 1129 744 1160 filius
764 1131 813 1169 (P.
832 1129 914 1171 Afr.)

193 1171 231 1202 L.
248 1172 354 1202 Paulli
369 1172 475 1202 filium
499 1172 655 1212 adoptat3
679 1178 814 1212 propter
828 1173 919 1203 iufir-

197 1216 349 1245 mitatem
373 1214 570 1245 valetudinis
593 1225 660 1244 non
683 1216 793 1254 potuit
817 1216 918 1256 patris

194 1256 309 1287 similis
332 1266 411 1287 esse.
436 1257 511 1287 add.
528 1257 621 1287 Brut.
644 1261 689 1291 19.
716 1257 794 1288 Fuit
809 1263 920 1288 tamen

194 1309 269 1329 cum
278 1303 376 1338 patre
393 1301 506 1338 legato·
510 1298 633 1336 fratris
648 1299 690 1330 L.
710 1300 867 1339 Scipionis
885 1301 920 1330 in

196 1342 274 1380 hello
291 1341 426 1380 Syriaco
440 1343 474 1371 in
489 1342 581 1377 Asia,
598 1342 673 1372 Lz'o.
688 1345 741 1378 37,
762 1345 792 1376 7.
807 1347 838 1372 et
852 1342 920 1372 Au-

195 1393 278 1422 gur,
292 1387 346 1419 40,
362 1386 414 1415 42.
431 1385 485 1414 ubi
499 1396 527 1414 c.
548 1384 660 1423 Sigon.
678 1384 808 1415 Habuit
826 1389 856 1414 et
871 1387 919 1415 al-

195 1430 304 1458 terum
320 1427 433 1464 filium
463 1426 604 1463 C‘uaeum,
627 1431 665 1457 ut
689 1429 832 1467 appellat
859 1428 920 1457 Va-

197 1471 256 1508 ler.
273 1469 321 1499 M.
338 1466 427 1499 ivs-5.
444 1471 473 1499 3.
489 1479 583 1509 quem
601 1469 746 1508 Pighius
762 1470 807 1499 acl
821 1470 858 1500 A.
880 1469 920 1500 U.

197 1514 269 1546 579.
281 1515 381 1550 putat
396 1521 460 1541 esse
474 1522 560 1547 eum,
574 1513 628 1551 qm*
639 1521 690 1551 ap.
709 1512 784 1542 Lizv.
801 1515 854 1549 41,
867 1514 918 1546 27.

197 1553 240 1585 L.
258 1554 364 1592 Scipio
379 1554 512 1591 dicitur,
522 1558 655 1595 proetor.
679 1565 709 1585 υ.
729 1554 863 1585 Torren.
878 1555 923 1584 ad

197 1596 272 1626 Val.
287 1596 336 1626 M.
355 1598 375 1625 l.
391 1606 418 1626 c.

239 1638 283 1669 P.
304 1638 485 1678 Africanus
508 1639 626 1675 minor,
650 1639 742 1669 Offic.
766 1639 787 1668 i.
813 1640 864 1669 32.
880 1638 919 1670 L.

196 1680 303 1712 Paulli
319 1681 364 1711 fil.
382 1692 409 1711 τ’.
431 1681 470 1710 L.
488 1680 631 1711 Paullus
644 1681 884 1718 lilacedonicus,
900 1691 921 1711 α

197 1733 257 1764 quo
281 1723 494 1755 AEmiltanus
521 1723 654 1760 dicitur,
681 1725 758 1763 quio:
773 1723 922 1763 ¹familioe

197 1765 443 1806 AEmz'liaefuit.
468 1765 544 1795 ibid.
564 1765 750 1804 eloquentia
772 1766 922 1796 cumulat

198 1808 276 1838 belli
313 1808 463 1847 gloriam.
508 1808 603 1838 Brut.
634 1810 684 1839 21.
715 1809 853 1838 Divinat
887 1809 921 1838 in

200 1850 285 1880 Caec.
303 1852 353 1882 21.
370 1853 501 1881 accusat
525 1850 562 1880 L.
581 1851 727 1881 Cottam.
747 1851 804 1882 Or.
821 1851 854 1881 ii.
870 1851 921 1884 67.

196 1891 292 1924 Brut.
308 1895 358 1926 87.
374 1893 448 1935 ἄξων
462 1892 567 1922 dictus
583 1898 631 1923 esv's
645 1903 664 1923 a
686 1893 811 1923 Fannio
826 1893 860 1924 iu
872 1893 922 1923 hi-

199 1935 312 1972 storia,
328 1934 367 1965 de
383 1936 453 1966 Fat.
469 1938 498 1968 7.
517 1935 574 1965 8,·0.
621 1935 855 1974 Carthaginem
870 1945 922 1966 ca-

196 1977 259 2017 pit,
274 1978 366 2008 Verr.
389 1979 410 2008 i.
426 1981 457 2009 4.
475 1978 673 2017 Carthagine
696 1982 792 2017 capta
807 1977 922 2010 Siculis

198 2021 405 2050 monimenta
432 2030 489 2050 sua
517 2020 674 2057 restituit,
704 2019 778 2051 Mil.
807 2023 837 2051 3.
867 2020 920 2051 Ti.

197 2061 382 2092 Gracchum
400 2065 476 2102 jure
492 2062 701 2092 interfectum
716 2072 774 2101 pro
792 2063 922 2093 concio-

199 2113 241 2134 ne
262 2104 483 2144 interrogatus
504 2105 689 2144 respondet,
711 2104 805 2135 offic.
826 2105 848 2134 i.
869 2107 921 2135 25.

198 2154 219 2175 a.
232 2146 273 2185 Ω.
288 2146 439 2183 Metello,
460 2146 700 2186 (Macedonico)
719 2148 788 2177 sine
801 2147 923 2177 acerbi-

200 2190 269 2218 tate
285 2187 447 2226 dissensit,
463 2189 504 2229 Ω.
530 2189 582 2219 fr.
599 2189 619 2219 i.
642 2192 672 2220 8.
693 2189 922 2228 Xenophontis

199 2230 425 2270 Cyropaediam
455 2241 521 2262 non
551 2231 645 2271 pouit
684 2232 723 2262 de
758 2231 921 2269 manibus,

199 2271 277 2304 Mil.
300 2277 331 2307 7.
347 2273 435 2303 domi
453 2278 554 2304 noctu
579 2274 788 2310 interficitur,
804 2273 842 2303 de
861 2274 919 2305 Or.

198 2313 233 2344 ii.
248 2317 300 2345 40.
322 2316 355 2345 in
371 2326 434 2355 qua
448 2316 534 2347 caede
549 2316 653 2346 socius
670 2316 733 2348 fuit
749 2316 786 2346 C.
803 2315 921 2347 Carbo.

143 2384 145 2388 ,
199 2355 266 2386 Sed
287 2357 325 2387 de
347 2359 460 2388 eadem
481 2369 518 2388 re
539 2363 668 2390 tantum
693 2363 863 2398 tamquam
885 2359 924 2388 de

198 2400 376 2439 suspicione
389 2402 557 2430 hominum
571 2402 713 2441 loquitur
724 2401 770 2432 acl
783 2400 863 2431 Div.
879 2401 922 2432 ix.

199 2442 250 2470 21.
273 2446 303 2472 et
329 2447 477 2473 auctores
498 2443 592 2474 ccedis
610 2445 712 2482 plane
736 2443 864 2472 incerti.
893 2453 923 2474 v.

201 2482 312 2514 Vellei.
325 2485 359 2514 ii.
372 2487 404 2515 4.
419 2485 530 2515 Valer.
546 2485 595 2515 M.
610 2486 652 2515 iv.
670 2488 697 2516 1.
713 2484 920 2515 Plutarchus

197 2525 233 2554 in
248 2525 396 2556 Romulo.
420 2528 464 2557 ad
478 2526 602 2557 Heren.
625 2529 667 2558 iv.
692 2530 741 2557 13.
765 2537 924 2558 memora-

196 2571 256 2606 tur
280 2568 439 2608 Scipionis
462 2570 602 2605 nomine,
624 2571 702 2599 item
716 2573 751 2598 in
770 2569 870 2599 Loetio
894 2575 924 2600 et

192 2611 310 2648 paucis
328 2611 403 2644 aliis
420 2613 507 2649 locis,
526 2612 611 2651 quod
622 2610 785 2651 res-facile
800 2612 924 2642 indica-

197 2652 253 2683 hit.

240 2694 436 2733 Agamedes,
449 2695 548 2727 Tusc.
572 2697 595 2726 i.
612 2698 664 2730 47.
680 2706 756 2726 cum
774 2696 804 2726 T
807 2696 925 2736 ropho-

197 2735 253 2766 nio
268 2736 388 2775 fratre
410 2739 573 2778 templum
598 2738 800 2779 Delphicum
824 2739 925 2770 aedifi-

198 2782 264 2809 cat.
312 2779 390 2819 Ejus
404 2784 531 2812 votum.

238 2821 479 2859 Agamemnon,
513 2824 711 2855 Homericus
738 2824 807 2862 ille,
841 2832 922 2865 soepe

198 2868 481 2897 commemoratur.

691 72 851 102 INDEX
879 73 1194 109 msromcus.

1000 158 1241 198 Agamemnon,
1274 168 1391 190 nomeu
1431 163 1516 194 servi
1562 168 1609 195 est
1649 165 1685 195 in

960 200 1070 240 Epist.
1087 203 1132 232 ad
1147 202 1302 231 Atticum.

1001 243 1202 282 Agathinus,
1221 244 1255 273 in
1270 244 1363 275 Verr.
1380 244 1414 276 ii.
1429 246 1482 277 36.
1497 247 1526 278 T
1529 246 1683 280 hermita-

961 294 1034 315 nus.

1001 327 1208 366 Agathocles,
1227 328 1260 358 in
1283 328 1376 360 Verr.
1400 330 1444 360 iv.
1468 332 1518 362 55.
1544 332 1683 363 AVotissi-

961 379 1033 399 mus
1050 369 1169 400 Sicilice
1186 369 1270 406 Rex,
1287 371 1325 400 de
1338 381 1397 411 quo
1417 373 1482 402 vid.
1499 373 1613 413 Polyb.
1630 377 1682 407 tib.

962 421 992 440 x.
1001 422 1038 451 p.
1053 414 1125 447 918.
1140 412 1351 452 inprimisque
1359 413 1496 445 Diodor.
1512 415 1612 446 Sicut.
1628 418 1684 456 qui

962 454 985 483 l.
1007 456 1054 487 19.
1071 455 1123 484 20.
1138 454 1327 492 Agathoclis
1344 457 1409 486 late
1421 464 1660 490 commemorat.

1003 496 1209 534 Agathocles,
1225 496 1263 526 de
1279 497 1354 527 Div.
1372 497 1394 528 i.
1411 500 1462 530 94.
1478 501 1548 539 ejus
1570 500 1682 532 Histo-

962 536 1010 566 ria
1038 544 1326 569 commemoratur.
1370 540 1564 578 Agathocles
1587 544 1683 574 histo-

961 580 1022 609 rici
1040 580 1103 610 duo
1122 584 1210 617 sunt,
1231 581 1444 620 Babylonius,
1460 585 1514 622 qui
1535 588 1566 614 et
1592 585 1681 624 Cyzi·

961 631 1058 652 oenus
1072 622 1204 659 dicitur,
1218 625 1302 662 quod
1312 624 1349 654 de
1368 623 1477 664 (Iis-:fico
1490 627 1615 666 scripsit
1624 641 1634 660 ,·
1652 633 1683 659 et

962 662 1109 700 Samius,
1139 665 1195 704 qui
1223 666 1261 694 a’e
1289 665 1369 706 Rep.
1397 667 1682 701 Pessinuntiorum

961 707 1100 746 scripsit.
1145 706 1211 736 Sed
1228 709 1312 738 hunc
1328 710 1431 738 locum
1450 710 1488 740 de
1503 710 1683 749 Babylonio

961 749 1184 787 accipiendum
1198 753 1299 788 putat
1314 751 1442 780 I‘bssius
1455 752 1492 781 de
1506 752 1598 783 Hist.
1621 755 1681 785 Gr.

963 791 983 819 l.
1002 790 1092 829 iii.p.
1112 793 1183 821 158.
1203 795 1226 820 t.
1244 792 1287 822 iv.
1309 792 1389 832 opp.
1419 793 1539 825 Utrum
1566 806 1602 826 ea
1616 796 1682 826 Ht-

960 833 1075 869 storia,
1095 842 1194 871 quum
1226 832 1333 864 Cicero
1354 834 1454 875 affert
1479 846 1518 866 ex
1541 838 1630 868 libris
1644 840 1683 870 tle

967 874 1194 913 Cfiyzicerzormn
1206 877 1311 912 rebus,
1327 886 1371 906 an
1386 887 1459 906 vero
1470 888 1508 907 ea·
1523 880 1587 909 alio
1594 890 1682 911 sum-

960 920 996 946 ta
1005 917 1058 953 sit,
1068 927 1130 947 non
1139 917 1287 948 direrim.
1302 918 1558 958 ‚Quatuordecim
1569 923 1683 952 hocno-

962 959 1048 989 mine
1062 960 1146 989 viros
1159 969 1197 988 ea:
1209 961 1405 1000 antiquitate
1415 963 1542 1000 collegit
1555 963 1682 996 Fabric.

962 1002 1053 1032 Bibl.
1085 1001 1144 1031 Gr.
1168 1001 1214 1032 iii.
1244 1005 1348 1042 11.]).
1371 1006 1443 1037 5273.
1467 1005 1580 1044 quibus
1601 1007 1684 1037 adde

962 1044 1122 1073 decimum
1136 1044 1287 1084 quintum
1299 1045 1525 1083 Agathoclem,
1540 1047 1683 1079 Archon-

962 1090 1027 1116 tem
1053 1086 1280 1117 Atheniensem
1311 1087 1440 1127 Olymp.
1474 1097 1527 1119 cv.
1558 1100 1591 1120 eo
1619 1092 1684 1130 ipso

962 1133 1113 1167 tempore,
1132 1138 1192 1168 quo
1213 1129 1365 1169 Delphici
1384 1131 1684 1171 Apoltiiiissmzum

962 1171 1102 1210 diripere
1126 1173 1275 1210 aggressi
1300 1176 1376 1202 sunt
1400 1172 1590 1205 Phocenses.
1615 1177 1683 1207 vid.

963 1212 1116 1243 Pausan.
1131 1223 1162 1243 x.
1173 1216 1205 1245 2.

1003 1255 1189 1293 Agesilaus,
1210 1256 1250 1286 ad
1268 1256 1396 1288 Divers.
1413 1266 1444 1287 v.
1472 1259 1519 1288 12.
1540 1259 1684 1299 Spartia-

961 1301 1024 1334 tes,
1047 1307 1149 1336 neque
1169 1298 1304 1338 pictam,
1318 1309 1422 1338 neque
1438 1299 1551 1330 fictam
1569 1302 1684 1340 imagi-

963 1349 1038 1370 nem
1066 1350 1159 1370 suam
1185 1346 1296 1371 extare
1321 1341 1439 1372 voluit.
1465 1341 1561 1373 Offie.
1590 1343 1624 1374 ii.
1652 1346 1683 1374 5.

963 1382 1032 1412 sinc
1060 1382 1255 1423 adjumentis
1281 1383 1453 1414 hominum
1477 1393 1611 1424 magnas
1634 1395 1683 1416 res

962 1424 1090 1454 efficere
1106 1425 1225 1465 potuit.

1004 1467 1098 1505 Agis,
1120 1467 1184 1497 Off.
1208 1467 1241 1497 ii.
1266 1469 1317 1498 23.
1340 1477 1393 1497 rex
1419 1466 1684 1500 Lacedaemonio-

964 1518 1049 1546 rum,
1069 1510 1214 1540 diversus
1235 1510 1276 1539 ab
1297 1519 1342 1546 eo,
1365 1509 1419 1548 qui
1441 1510 1522 1539 vivit
1544 1515 1687 1551 tempore

964 1551 1143 1590 Lysandri,
1158 1561 1218 1591 quo
1236 1552 1316 1582 duce
1330 1552 1538 1582 Athenienses
1558 1554 1603 1583 ad
1611 1553 1684 1594 flu·
1707 1570 1711 1574 ·

964 1603 1037 1623 men
1050 1594 1161 1632 AEgos
1175 1595 1251 1624 victi
1264 1596 1356 1624 suut.

1004 1637 1208 1676 Aglaophon,
1225 1636 1263 1666 de
1278 1636 1371 1666 Orat.
1393 1636 1440 1665 iii.
1454 1639 1484 1670 7.
1501 1637 1607 1677 pictor
1629 1649 1682 1668 ex-

963 1678 1094 1709 cellens.
1107 1679 1184 1709 Duo
1198 1678 1435 1719 Aglaophoiztes
1442 1680 1581 1718 pictores
1595 1685 1683 1718 sunt,

959 1721 1220 1761 patei-etfilius;
1244 1721 1282 1750 dc
1309 1722 1422 1761 quibus
1445 1726 1590 1752 veterum
1606 1724 1685 1754 locos

963 1764 1119 1801 congessit
1133 1763 1258 1794 Junius
1276 1763 1381 1793 Cotat.
1395 1763 1524 1804 Artific.

1004 1806 1048 1839 L.
1064 1806 1201 1844 Agrius,
1218 1806 1325 1836 Flacc.
1346 1808 1394 1836 13.
1410 1816 1507 1844 eques
1523 1807 1620 1839 Rom.

1005 1848 1140 1886 Agonis,
1155 1848 1188 1877 in
1205 1848 1315 1878 Caecil.
1335 1851 1382 1882 17.
1395 1847 1601 1889 Lilybaetana
1613 1860 1684 1881 mu·-

963 1889 1036 1925 lier‚
1050 1891 1185 1920 Veneris
1199 1890 1326 1920 liberta.

1008 1933 1045 1963 T.
1063 1933 1218 1972 Agusius,
1233 1932 1273 1962 ad
1289 1932 1364 1963 Div.
1386 1933 1454 1963 xiii.
1478 1936 1532 1967 ΤΟ.
1556 1933 1685 1964 Cicero-

964 1975 1014 2005 nis
1027 1985 1134 2005 comes
1150 1975 1184 2004 in
1199 1975 1306 2005 exilio.

1005 2017 1127 2054 Ahala,
1150 2027 1324 2055 cognomen
1348 2017 1572 2048 Serviliorum.
1594 2028 1627 2049 v.
1653 2030 1683 2051 c.

964 2059 1049 2090 Phil.
1068 2060 1102 2090 ii.
1123 2063 1171 2090 ll.
1187 2060 1243 2089 ubi
1265 2064 1311 2089 est
1323 2069 1427 2089 sermo
1441 2060 1479 2089 de
1496 2061 1534 2090 C.
1550 2061 1685 2092 Servilio

963 2101 1026 2132 Ah.
1042 2103 1096 2142 qui
1109 2102 1249 2132 Mettum
1262 2101 1435 2141 interjecit.
1479 2101 1578 2142 Quod
1590 2104 1625 2133 in
1638 2114 1687 2133 eo-

964 2144 1037 2174 dem
1064 2146 1169 2184 capite
1197 2146 1266 2174 ait.-
1301 2143 1387 2183 Quid
1416 2144 1495 2173 duos
1522 2146 1686 2184 Servilios,

965 2186 1081 2217 Cascas
1095 2196 1137 2217 an
1160 2186 1280 2217 Ahalas
1302 2186 1407 2216 dicam
1432 2187 1490 2216 ἃς.
1509 2187 1546 2216 id
1567 2189 1614 2218 ita
1637 2190 1687 2219 in-

965 2230 1074 2268 tellige
1085 2242 1093 2258 :
1118 2227 1444 2268 Servilios‚facinore
1459 2230 1515 2258 Ιιοι·
1527 2231 1688 2268 promeri-

965 2275 1023 2307 tos,
1039 2276 1076 2302 ut
1099 2272 1213 2301 Ahala>
1227 2273 1337 2311 potius
1357 2280 1456 2310 quam
1476 2271 1581 2301 Cascae
1605 2273 1689 2302 dice-

966 2318 1100 2343 rentur:
1122 2318 1160 2344 ut
1176 2318 1259 2343 recte
1281 2313 1455 2343 ,Manutius
1469 2317 1500 2343 et
1518 2313 1687 2344 Wbsselin-

962 2356 1039 2393 gius
1055 2356 1093 2386 V.
1115 2356 1148 2386 C.
1162 2357 1237 2386 obss.
1253 2356 1288 2386 ii.
1308 2356 1355 2385 16.
1370 2356 1424 2385 ubi
1440 2360 1470 2385 et
1482 2356 1582 2394 docet,
1604 2356 1688 2388 Cice-

964 2399 1051 2428 ronis
1063 2403 1158 2428 oetotc
1169 2399 1274 2428 nullos
1289 2397 1408 2428 Ahalas
1411 2396 1531 2437 fuisse.

1005 2441 1089 2470 Aius
1112 2441 1272 2480 Loquens,
1288 2439 1326 2470 de
1347 2440 1424 2470 Div.
1439 2440 1474 2471 ii.
1497 2443 1550 2472 32.
1566 2450 1688 2475 nomen

966 2481 1042 2519 Dei,
1055 2493 1111 2513 ara
1124 2484 1202 2523 ejus.

1006 2526 1071 2556 Ata
1087 2536 1125 2555 ex
1138 2525 1264 2561 Axilla,
1277 2533 1459 2563 cognomen
1476 2526 1614 2564 Servilii,
1629 2527 1689 2560 Or.

965 2570 1018 2598 45.
1048 2567 1103 2597 ubi
1143 2571 1255 2598 tamen
1283 2567 1400 2598 Lamb.
1428 2570 1568 2599 correxit
1593 2570 1690 2602 Haza

966 2620 1024 2650 pro
1039 2610 1161 2640 Ahala.

1008 2653 1212 2688 Alabandus,
1228 2652 1308 2682 Nat.
1330 2651 1374 2682 D.
1398 2652 1443 2682 iii.
1472 2655 1521 2684 15.
1540 2654 1692 2686 conditor

966 2694 1126 2725 Alabandi
1141 2700 1175 2724 et
1190 2695 1280 2724 Deus
1295 2694 1396 2725 urbis.

1008 2737 1220 2773 Alabarches,
1235 2736 1276 2766 ad
1298 2736 1369 2767 Att.
1393 2737 1428 2767 ii.
1449 2740 1497 2772 17.
1521 2743 1568 2769 est
1589 2739 1693 2770 Pom-

962 2780 1069 2819 peius,
1096 2780 1151 2817 qui
1168 2778 1325 2819 jactabat
1351 2789 1383 2809 se
1410 2781 1588 2819 vectigalia
1614 2792 1691 2822 pop.

969 2822 1064 2852 Rom.
1079 2822 1174 2851 valde
1195 2821 1334 2852 auxisse.
1379 2822 1493 2863 ,Quam
1513 2828 1625 2854 atatem
1639 2835 1692 2854 ac-

969 2863 1206 2895 commodatum
1224 2864 1264 2895 sit
1280 2865 1337 2895 hoc
1351 2874 1480 2904 nomen,
1495 2876 1534 2896 ecc
1552 2877 1586 2897 eo
1598 2867 1694 2898 intel·-
