1920 3196
709 118 851 146 INDEX
885 118 984 145 LATl
991 117 1017 144 N
1026 118 1139 146 ΙΤΑΤΙ
1146 118 1179 146 S.

201 207 356 237 stitutum
373 206 466 247 cupit
476 205 562 235 Plin.
580 205 640 246 Ep.
655 205 700 235 iii.
714 209 743 237 5.
756 206 812 236 ubi
829 206 926 245 vulgo

201 255 272 280 est:
311 253 382 279 erat
411 250 519 279 somni
553 250 749 288 parcissimi.
796 260 928 289 recepe-

202 300 345 332 runtque
356 293 488 323 Cot-tius
502 297 535 322 et
552 293 716 323 Gesnerus
732 305 738 322 :
757 293 857 331 male,
874 303 927 323 me

195 336 320 375 judice.
333 337 476 366 rationes
493 336 556 365 vid.
574 338 607 365 in
623 336 683 376 Ep.
697 336 834 366 Gesncri
851 337 928 366 sub-

196 380 289 418 jecta
306 380 412 409 Plinio
438 380 540 420 ipsius
556 391 565 417 3
595 380 628 408 in
647 389 711 418 qua
727 380 788 410 etsi
816 380 929 409 defen-

200 423 250 452 dit
265 433 339 453 eam
355 423 625 453 emendationi-ni
643 428 761 454 contra
777 424 925 453 rationes

200 475 303 503 meam,
327 474 441 497 tamen
460 466 541 496 mihi
559 466 706 495 nondum
737 467 926 506 persuadet,

201 514 239 538 ut
254 519 365 540 veram
382 515 510 550 putem.
535 510 553 527 ²*
570 520 645 538 (511111
663 511 767 548 {gt-nit.
794 511 874 549 ch.
892 511 925 539 ii.

199 553 252 583 26.
288 554 367 583 civis
406 553 541 583 tuendae
576 554 720 583 civitatis
749 555 924 594 paratissi-

198 605 283 626 mus.

244 639 455 677 Parentalia,
469 640 609 677 inferint,
625 644 657 669 et
671 640 805 679 quidem
819 640 927 679 publi-

199 693 266 714 cae:
292 684 324 713 h.
337 694 365 714 e.
381 684 515 724 publiea
533 686 744 719 auctoritate,
768 689 801 713 et
818 683 928 723 publi-

199 736 237 756 ce
264 727 478 758 celebrandae.
504 728 586 757 Phil.
604 729 625 757 i.
650 729 679 758 6.
698 727 762 756 vid.
787 727 927 756 Guthcr.

197 770 271 801 «Jur.
285 771 375 801 Man.
394 772 426 801 ii.
445 773 493 802 1⁶3.
510 773 552 801 cf.
564 777 754 811 parentare.
768 771 831 800 Sed
848 775 926 800 sunt

200 815 301 844 etiam
318 817 511 855 parentalia
527 816 667 855 privata,
687 824 760 853 quae
786 824 804 843 a
821 815 928 854 priva-

198 858 242 887 tis
259 859 445 897 agebantur
465 860 498 889 in
526 865 744 898 cognatorum
772 859 928 888 memori-

200 911 266 932 am.

246 944 445 983 Parentum,
463 952 511 976 est
529 946 663 975 inferias
683 944 789 974 facere
806 944 841 974 in
857 954 926 974 me-

201 989 354 1027 moriam,
383 990 542 1019 honorem
570 989 705 1019 mortui.
739 988 823 1018 Phil.
851 989 872 1018 i.
899 989 929 1019 6.

201 1033 295 1071 cujus
321 1034 510 1073 sepulcrum
540 1042 703 1071 nusquam
732 1036 836 1069 extet,
868 1033 925 1061 ubi

196 1081 400 1116 parentee‘ur.
424 1076 502 1115 Less.
522 1077 555 1106 ii.
578 1078 630 1107 ⁶21.
656 1076 763 1105 hostia
778 1076 925 1105 maxima

192 1125 384 1159 parentare.
420 1124 439 1141 ²*
457 1121 571 1150 ulcisci
601 1127 744 1149 mortem
771 1118 924 1158 alicujus.

200 1163 307 1193 Flacc.
324 1167 377 1195 38.
395 1170 610 1204 parentemus
627 1163 786 1201 Cethego.

245 1205 385 1238 Furens.
409 1208 472 1238 Off.
491 1209 512 1238 i.
539 1209 590 1239 ΞΩ.
610 1208 812 1246 parentiores
834 1216 927 1236 exer-

199 1251 299 1280 citus.

245 1294 417 1324 Parentes.
442 1293 512 1324 InV.
540 1295 560 1324 i.
586 1297 637 1324 54.
673 1298 781 1333 patres
809 1303 846 1323 ac
864 1303 928 1333 pa·

199 1343 305 1368 rentes
319 1351 326 1365 .-
351 1342 430 1368 sunt
445 1339 510 1374 avi,
528 1342 627 1377 atque
654 1337 708 1367 alii
736 1337 805 1375 ejus
826 1346 926 1376 gene-

200 1382 243 1412 ris
260 1382 408 1420 cognati,
424 1391 504 1420 quos
531 1382 576 1411 sic
605 1392 623 1411 a
646 1381 794 1421 patribus
821 1382 925 1410 etiam

198 1425 277 1456 ‹JCti
295 1425 519 1464 distinguunt.

245 1468 383 1499 Parere.
408 1469 488 1508 Leg.
518 1469 539 1498 i.
566 1470 617 1498 ΩΙ,
642 1468 762 1506 requiri
794 1468 924 1508 placere

200 1514 374 1550 terminos,
392 1523 471 1551 quos
490 1513 642 1542 Socrates
662 1512 804 1551 pogerit‚
822 1512 927 1550 iisque

193 1567 325 1597 parere.
359 1558 378 1575 2‘
392 1566 451 1596 pro
481 1565 652 1596 apparere,
691 1555 925 1592 demonstrari,

198 1601 336 1630 verbum
351 1600 481 1630 forense
505 1601 694 1638 antiquum.
717 1599 813 1629 Rosc.
830 1599 923 1628 Com.

200 1647 230 1674 4.
248 1644 274 1673 si
285 1649 393 1683 paret.

245 1687 386 1725 Parere,
404 1687 567 1723 invenire,
583 1687 781 1725 excogitare.
794 1686 865 1716 Fin.
879 1686 925 1716 iii.

205 1734 232 1761 l.
255 1731 536 1770 verbapan'emlu.
561 1730 618 1760 Or.
634 1731 667 1759 ii.
686 1732 738 1763 ⁶27.
762 1739 836 1768 quae
851 1735 926 1759 tota

201 1775 241 1805 ab
264 1780 393 1805 oratore
418 1776 619 1814 pariuntur,
643 1773 923 1812 excogitationem

201 1827 268 1848 non
284 1818 409 1848 habent
423 1818 604 1849 difficilem.
629 1818 669 1847 ad
698 1818 773 1847 Div.
802 1818 843 1847 iv.
876 1820 923 1847 13.

200 1871 274 1900 quae
298 1862 750 1902 ipse—ingenio—peperisti.
768 1861 808 1891 cf.
826 1860 867 1890 W
869 1871 927 1901 op-

201 1905 280 1936 ken.
303 1906 397 1936 Lect.
413 1905 501 1935 Tull.
519 1906 539 1935 i.
561 1906 609 1935 16.
640 1905 657 1921 ᾗ
671 1904 785 1934 Paullo
811 1904 926 1934 durius

200 1949 333 1979 videtur
359 1949 453 1985 illud,
477 1950 542 1979 Off.
570 1950 602 1978 ii.
630 1953 661 1982 9.
696 1948 779 1984 haec,
807 1948 926 1987 quibus

200 1993 296 2022 rebus
309 1995 495 2032 pariuntur
511 2003 529 2022 a
552 1991 704 2031 singulis,
721 1991 844 2021 eisdem
858 1992 926 2022 fere

201 2046 221 2065 a
233 2036 450 2066 multitudine
464 2051 470 2068 :
494 2036 527 2066 h.
543 2047 572 2065 e.
589 2046 647 2075 per
664 2045 736 2074 quae
754 2037 926 2074 consequi-

203 2089 290 2116 mur,
316 2085 355 2110 ut
380 2079 502 2118 singuli
527 2090 566 2109 ea
583 2079 675 2109 nobis
700 2079 852 2109 tribuant
868 2080 928 2109 &a

203 2123 257 2152 ubi
280 2133 310 2154 V.
338 2123 372 2153 F.
399 2123 590 2153 Fabricius:
615 2123 710 2159 cujus
728 2127 843 2152 tamen
869 2133 926 2153 ex-

201 2166 313 2206 empla
341 2176 407 2196 non
435 2172 515 2197 sunt
545 2167 677 2196 similia.
708 2166 782 2197 *de
809 2167 928 2197 causis.

199 2210 300 2241 Tusc.
318 2221 348 2240 v.
367 2212 396 2241 2.
419 2215 456 2240 tu
473 2211 571 2240 urbes
581 2211 745 2250 peperisti.

247 2253 427 2291 Par-ochus,
443 2255 499 2293 qui
516 2254 658 2284 redemit
675 2255 861 2284 necessaria
878 2253 927 2283 le-

202 2298 300 2336 gatis,
318 2298 512 2338 peregrinis,
525 2303 558 2328 et
572 2298 758 2337 hospitibus
775 2298 834 2327 διο.
845 2307 928 2337 prae-

199 2341 318 2371 benda.
348 2341 417 2371 Att.
435 2342 503 2372 xiii.
522 2343 552 2373 2.
585 2341 710 2372 Sestius
727 2345 852 2378 noster,
864 2352 927 2381 pa-

199 2386 314 2415 rochus
329 2385 493 2425 publicus.
510 2396 538 2415 V.
558 2384 638 2414 Intt.
657 2384 697 2413 ad
714 2385 831 2414 Horat.
856 2386 926 2415 Sat.

202 2428 223 2457 i.
243 2429 294 2459 56.
321 2428 364 2458 cf.
387 2428 473 2458 infra
500 2430 533 2458 in
556 2427 718 2466 Vectigal.
742 2429 928 2458 Burmann.

201 2470 241 2500 de
256 2472 419 2511 Vectigal.
444 2482 472 2503 c.
490 2474 519 2503 6.
543 2483 575 2512 p.
593 2476 645 2506 93.
664 2471 738 2501 add.
756 2472 790 2501 in
808 2472 927 2511 praebi-

200 2519 265 2545 tor.

243 2557 426 2589 Parricida
442 2559 576 2589 civium.
594 2559 694 2589 Catil.
711 2559 732 2588 i.
748 2561 796 2589 1⁶2.

245 2601 474 2633 Parricidium
500 2602 697 2633 fraternum.
723 2602 857 2632 Cluent.
878 2605 928 2633 ll.

201 2655 321 2685 nempe
338 2647 462 2676 dicitur
470 2645 509 2675 de
522 2647 612 2675 omni
627 2646 728 2682 caede,
745 2656 810 2684 qua
824 2646 926 2676 etiam

200 2689 315 2728 religio
332 2690 478 2728 pietatis,
495 2694 554 2719 aut
576 2689 717 2719 aliorum
744 2690 928 2720 officiorum

199 2733 353 2763 violatur.

244 2776 348 2814 Pars,
372 2776 407 2806 in
438 2785 540 2806 scena
569 2780 620 2806 est
649 2785 801 2815 persona,
825 2786 925 2815 quani

199 2820 273 2859 quis
303 2820 450 2860 suscepit
474 2819 649 2858 agendam.
674 2820 708 2848 in
736 2819 848 2850 Caecil.
878 2822 926 2850 15.

199 2869 328 2893 actores
344 2863 567 2893 secundarum
592 2867 626 2892 et
649 2863 826 2893 tertiarum
844 2873 927 2903 par-

197 2907 282 2937 tium
295 2919 305 2938 .·
330 2906 418 2938 unde
433 2906 552 2938 deinde
570 2906 612 2938 ad
627 2906 694 2937 alia
706 2907 924 2939 transfertur.

1615 110 1699 158 379

971 205 1077 236 Flam.
1109 209 1161 239 ⁶27.
1185 216 1297 236 servus
1328 207 1511 247 primarum
1534 211 1698 249 partium.

970 250 1080 288 *pars
1107 250 1208 279 *hilis
1240 250 1333 279 qlverr.
1363 252 1406 281 xii.
1434 255 1464 282 3.
1491 253 1556 283 vid.
1584 253 1698 285 virilis.

970 294 988 310 *Ψ
1005 302 1123 331 genus,
1154 294 1279 333 spot-{01
1318 300 1409 325 urat.
1438 296 1458 325 i.
1492 297 1521 326 6.
1541 307 1624 336 pars
1651 297 1701 327 di-

969 336 1079 367 cendi.
1101 336 1216 373 Topic.
1230 341 1259 370 3.
1286 337 1407 366 i'nrmas
1423 339 1479 376 qui
1495 340 1581 370 idem
1599 345 1699 380 putat

970 389 1054 414 esse,
1071 380 1158 418 quod
1170 385 1293 420 part:
1313 381 1486 411 sonsum-lit
1503 390 1609 413 artem
1638 385 1698 415 διο.

969 429 1003 453 et
1020 428 1135 452 tamen
1153 433 1239 463 serpe
1258 426 1303 452 «ic
1320 434 1399 454 usus
1427 425 1495 464 ipsc
1523 431 1585 456 est.
1607 437 1638 458 V.
1667 438 1698 458 e.

971 466 1105 496 luvent.
1129 467 1150 497 i.
1184 469 1235 497 ‘2ss.
1272 468 1388 497 Partit.
1417 471 1469 502 37.
1495 470 1536 499 ad
1564 471 1641 501 Div.
1665 481 1696 503 v.

971 513 1022 540 34.

1013 553 1196 592 Par-(icem,
1237 564 1313 584 cum
1353 554 1480 584 duobus
1526 557 1694 594 genitivis.

966 596 1058 626 verr.
1084 597 1106 627 i.
1134 600 1181 627 15.
1215 597 1368 628 Consulis
1394 600 1560 639 particeps
1589 602 1700 632 omni-

968 650 1023 669 um
1043 650 1153 670 rerum
1167 640 1279 671 fueris.

1014 684 1163 720 Partim,
1188 694 1263 714 cum
1289 687 1456 725 praeposit.
1482 696 1533 717 ex.
1557 687 1639 727 Leg.
1660 688 1695 720 ii.

971 730 1018 760 17.
1037 728 1167 767 partim
1183 737 1221 757 ex
1246 728 1312 758 illis
1329 729 1456 767 jacent.
1472 730 1514 760 cf.
1538 731 1617 770 Agr.
1648 732 1695 762 iii.

971 774 1018 800 14.
1044 781 1072 801 v.
1091 771 1235 802 Gronov.
1253 772 1331 805 Obs..
1352 773 1397 803 iii.
1416 775 1445 804 2.
1470 774 1489 791 *²
1505 784 1580 804 cum
1600 776 1696 815 geni-

967 815 1046 844 tivo.
1080 816 1175 845 Offic.
1204 815 1237 845 ii.
1260 818 1311 846 91.
1331 818 1457 855 partim
1485 827 1601 848 eorum
1637 819 1696 849 Or.

968 859 1002 887 ii.
1020 856 1215 888 4t).]’artit.
1246 861 1297 889 24.
1323 861 1415 889 Prov.
1436 861 1535 892 Cous,
1557 865 1605 893 10.
1630 873 1695 902 quo

967 902 1065 931 modo
1082 907 1116 931 et
1132 902 1186 931 alii
1202 903 1324 932 dixere.
1342 914 1370 934 v.
1384 903 1526 934 Gronov.
1551 906 1631 936 Obs.
1648 907 1696 937 iii.

968 947 997 974 ⁶2.
1022 946 1224 975 *interdum
1251 947 1353 976 semel
1383 952 1518 978 tantum
1546 950 1638 989 poni,
1655 960 1695 981 ex

967 988 1024 1018 illo
1049 989 1120 1028 ipso
1141 990 1212 1019 loco
1237 989 1330 1029 (Leg.
1356 991 1389 1020 ii.
1418 993 1479 1029 17.)
1506 997 1614 1031 patet,
1638 994 1695 1025 ubi

961 1032 1119 1071 jungitur
1134 1033 1281 1072 quidam.
1327 1034 1379 1063 Sic
1397 1040 1447 1066 est
1471 1037 1573 1066 etiam
1599 1037 1695 1069 Offic.

969 1077 988 1105 i.
1002 1079 1054 1106 45.
1082 1076 1233 1115 quaedam
1251 1077 1299 1107 ita
1314 1077 1411 1115 foeda,
1430 1080 1557 1117 partim
1573 1081 1621 1110 ita
1639 1081 1696 1110 fla-

966 1120 1096 1158 gitiosa.
1123 1120 1232 1150 Etiam
1249 1120 1333 1151 alius
1350 1122 1536 1161 jungi‚jam
1552 1124 1586 1154 in
1598 1123 1697 1155 Lexi-

967 1174 1005 1192 co
1026 1163 1117 1192 Fabri
1131 1164 1399 1194 demonstratum
1415 1171 1477 1196 est.

1013 1206 1156 1237 Partiri.
1181 1208 1237 1238 Or.
1255 1208 1300 1238 iii.
1318 1209 1347 1238 6.
1368 1211 1504 1248 partim
1514 1220 1693 1251 expressae·

967 1260 1030 1290 que
1048 1252 1236 1289 sententiae,
1255 1252 1276 1281 i.
1293 1262 1321 1281 e.
1339 1252 1518 1283 distinctae.

1012 1294 1154 1324 Parme.
1178 1295 1235 1325 Or.
1252 1297 1303 1325 ⁶28.

1014 1337 1169 1368 partitio.
1192 1338 1273 1378 Leg.
1296 1339 1329 1369 ii.
1357 1341 1409 1371 ⁶20.
1428 1343 1480 1370 21.
1514 1341 1573 1372 Est
1590 1351 1695 1382 genus

968 1381 1083 1420 legati,
1114 1392 1179 1420 quo
1210 1382 1389 1422 legatarius
1415 1388 1550 1414 tantum
1592 1387 1695 1425 capit,

967 1430 1132 1464 quantum
1156 1425 1250 1456 heres
1274 1427 1299 1456 si
1318 1437 1404 1456 unus
1421 1436 1485 1465 est,
1503 1433 1562 1459 aut
1578 1439 1694 1460 omnes

969 1469 1081 1505 simul,
1107 1469 1133 1498 si
1157 1469 1268 1509 plures
1291 1476 1393 1508 sunt3
1425 1471 1472 1500 ita
1496 1481 1630 1513 nempe,
1655 1477 1695 1503 ut

967 1512 1061 1542 heres
1086 1513 1224 1552 quisque
1241 1514 1417 1544 dimidium
1435 1515 1506 1552 ejus
1530 1518 1634 1556 partis
1662 1518 1692 1548 ei

969 1556 1038 1593 det,
1055 1567 1153 1595 quain
1172 1567 1210 1587 ex
1236 1557 1421 1588 hereditate
1438 1560 1538 1599 cepit.
1555 1570 1587 1591 v.
1612 1561 1696 1591 Gro-

969 1608 1043 1629 nov.
1062 1603 1148 1630 Sest.
1160 1601 1202 1630 iv.
1219 1604 1250 1634 7.

1012 1643 1174 1675 Partilor.
1202 1645 1236 1674 in
1256 1644 1369 1674 Vatin.
1398 1648 1428 1676 5.
1462 1645 1588 1677 habent
1619 1647 1694 1678 edd.

968 1698 1016 1727 pr.
1030 1698 1059 1717 v,
1076 1693 1145 1717 not.

1013 1731 1153 1768 Ρανιαε,
1170 1731 1209 1761 de
1234 1740 1336 1761 marc.
1360 1732 1461 1763 Tusc.
1478 1734 1512 1764 ii.
1539 1737 1569 1765 8.
1594 1734 1696 1766 Deia-

967 1776 1040 1804 nira
1070 1774 1169 1804 OEnei
1206 1779 1311 1815 partu
1355 1776 1455 1806 edita.
1504 1778 1557 1807 Sic
1587 1778 1695 1810 Graeci

967 1817 1075 1848 τίκτειν
1097 1818 1198 1848 etiam
1216 1819 1255 1848 de
1281 1823 1388 1858 patre.
1410 1830 1439 1849 v.
1464 1821 1585 1852 Davies
1602 1822 1645 1852 ad
1661 1822 1696 1854 h.

967 1862 988 1892 1.
1014 1867 1048 1892 et
1063 1862 1179 1891 Virum
1210 1863 1310 1892 Doct.
1342 1863 1376 1892 in
1404 1864 1592 1895 Miscellan.
1616 1866 1696 1897 Obs.

968 1916 1041 1944 quae
1073 1916 1153 1935 cura
1191 1905 1259 1935 Cel.
1295 1907 1448 1936 Dorvillii
1486 1909 1699 1947 prodierunt.

966 1949 1039 1979 Vol.
1053 1949 1073 1979 i.
1092 1959 1123 1988 p.
1139 1952 1214 1983 409.
1239 1950 1256 1967 ⁷*
1274 1949 1384 1980 foetus.
1419 1952 1476 1982 Or.
1496 1952 1594 1983 ii.40.
1617 1952 1696 1983 ferae

962 1998 1082 2033 partus
1097 2002 1173 2022 suos
1190 1993 1345 2031 diligunt.
1378 1993 1479 2025 Tusc.
1497 2005 1525 2026 v.
1552 1998 1606 2030 27.
1637 2006 1698 2036 pro

962 2042 1067 2078 partu
1085 2046 1144 2066 suo
1165 2042 1391 2076 propugnant.

1012 2080 1185 2116 parturio,
1199 2081 1425 2120 metaphorice
1443 2081 1483 2112 de
1501 2093 1534 2112 re
1551 2082 1698 2122 matura,

968 2134 1043 2153 mox
1076 2129 1238 2163 eruptura
1269 2124 1302 2153 in
1333 2124 1455 2155 lucem.
1480 2125 1614 2156 Muren.
1644 2130 1698 2162 39.

968 2167 1154 2206 periculum
1188 2172 1389 2207 conceptum
1427 2179 1512 2209 resp.
1535 2172 1699 2209 parturit.

970 2211 1053 2240 Phil.
1071 2211 1103 2240 ii.
1128 2215 1211 2241 extr.
1237 2212 1367 2241 utinam
1393 2213 1585 2253 reipublicae
1606 2213 1700 2246 dolor

968 2256 1088 2294 pariat,
1106 2254 1194 2293 quod
1212 2256 1284 2294 jam
1310 2255 1365 2285 diu
1387 2259 1550 2296 parturit.
1574 2257 1593 2275 ’κ’
1608 2257 1700 2288 labo-

970 2308 1052 2328 rare.
1077 2298 1158 2328 Lael.
1191 2302 1240 2329 13.
1263 2300 1443 2329 securitate
1469 2300 1537 2330 frui
1565 2301 1698 2332 animus

970 2351 1037 2371 non
1054 2346 1178 2381 potest,
1195 2342 1222 2371 si
1245 2345 1418 2382 tamquam
1436 2345 1588 2383 parturit
1610 2354 1698 2376 unus

971 2395 1030 2425 pro
1042 2385 1206 2425 pluribus.

1014 2429 1166 2459 Parcere.
1190 2429 1223 2459 in
1242 2439 1277 2458 re
1300 2430 1453 2469 augurali
1470 2441 1544 2461 aves
1557 2441 1701 2471 pascun-

968 2477 1037 2510 tur,
1054 2473 1131 2503 niv.
1147 2473 1181 2502 ii.
1202 2475 1253 2503 34.
1278 2483 1354 2503 cum
1373 2473 1465 2503 avide
1482 2475 1580 2505 offam
1596 2476 1700 2516 pultis

968 2517 1140 2552 devorant,
1169 2522 1207 2546 ut
1232 2516 1418 2556 tripudium
1447 2517 1517 2548 fiat.
1540 2518 1702 2559 *pascere

970 2560 1094 2589 dieitur
1109 2560 1148 2589 de
1164 2559 1215 2596 iis,
1232 2560 1288 2598 qui
1306 2570 1376 2591 rem
1397 2562 1589 2599 pecuariam
1606 2573 1703 2594 exer-

968 2609 1058 2634 cent.
1081 2603 1175 2634 Verr.
1188 2604 1222 2633 ii.
1238 2607 1269 2634 3.
1287 2604 1344 2643 qui
1360 2608 1469 2642 arent,
1488 2606 1544 2643 qui
1558 2612 1702 2645 pascant

968 2647 1026 2676 &c.
1044 2647 1140 2677 Offic.
1157 2647 1191 2676 ii.
1207 2649 1260 2677 ⁶25.
1294 2648 1376 2677 hene
1398 2658 1543 2687 pascere.
1578 2649 1702 2690 *pasci

966 2700 1025 2730 pro
1044 2691 1152 2720 vivere
1168 2701 1208 2720 ex
1226 2701 1259 2720 re
1276 2691 1398 2730 aliqua.
1430 2691 1493 2722 Off.
1518 2693 1553 2722 ii.
1574 2696 1622 2724 11.
1639 2695 1698 2734 qui

968 2734 1093 2763 scelere
1109 2740 1143 2764 et
1161 2733 1325 2764 maleficio
1334 2739 1532 2774 pascuntur.

1015 2777 1159 2807 Pascua.
1183 2777 1261 2816 Agr.
1284 2779 1304 2808 i.
1332 2781 1358 2808 l.
1384 2783 1500 2808 utrum
1526 2779 1614 2810 hanc
1637 2780 1696 2811 sil-

967 2831 1042 2851 vam
1055 2821 1090 2850 in
1103 2820 1227 2851 relictis
1238 2822 1512 2861 possessionibuS,
1521 2832 1564 2853 an
1574 2824 1609 2853 in
1619 2833 1699 2855 cen-

965 2874 1078 2894 sorum
1095 2866 1242 2904 pascuis,
1260 2866 1443 2895 invenisti?
1470 2865 1503 2895 h.
1520 2876 1549 2895 e.
1578 2875 1653 2906 quae
1676 2878 1698 2900 a.

964 2908 1157 2940 censoribus
1173 2908 1338 2941 locantur.
1354 2918 1385 2942 V.
1401 2909 1579 2950 scriptura.
