1920 3196
663 96 811 126 INDEX
842 97 1140 126 LATINITATIS.

132 192 168 223 in
189 189 312 227 numis,
329 193 505 226 tamquam
528 185 734 224 Germanici,
750 196 867 216 occur-

131 237 186 265 rit.
216 234 289 264 Act.
314 233 335 262 i.
366 232 460 262 verr.
484 234 515 264 7.
540 230 665 270 ιῙὸνιιιζι-
690 230 867 260 Fabianus.

129 278 223 308 Verr.
240 278 273 307 ii.
291 277 343 307 63.
375 275 474 313 liujus
485 272 608 312 fornix
631 275 664 304 in
681 274 751 304 foro
772 275 867 314 Syra-

132 321 219 351 cusis
244 325 307 357 est,
326 319 359 349 in
384 328 449 357 quo
467 317 575 347 nudus
593 318 682 347 filius
699 321 779 354 stat,
797 318 866 357 ipse

133 370 247 395 autem
273 373 312 393 ex
337 373 422 402 equo
446 361 607 391 nudatam
623 362 664 392 ab
680 370 714 390 se
732 361 865 401 provin—

128 408 215 437 ciam
250 406 435 448 prospicit3
471 414 572 443 quem
597 403 708 435 locum
733 406 865 444 egregie

127 450 299 482 illustrant
329 450 436 487 numi,
461 448 516 487 qui
534 448 682 488 Jbrnices
705 448 864 479 exhibent

126 495 249 525 statuis
266 493 430 534 impositis
447 498 592 522 ornatos.

171 539 319 569 Fortasse
335 548 393 579 pro
417 537 496 566 fere.
527 537 622 566 b‘rut.
646 536 698 567 63.
729 535 864 566 biennio

113 582 262 623 fin·las.·e
276 582 392 620 major.
421 581 477 610 Or.
495 580 547 611 56.
574 578 864 619 trigiittajbrtasse

127 636 251 657 versus.
296 626 350 655 Sic
374 624 482 654 Graeci
499 624 617 653 dieunt
642 622 666 653 εἴ
682 622 782 662 τύχοι,
800 633 862 653 un-

125 670 165 700 de
183 670 216 700 id
233 678 426 710 expressum
441 673 477 697 et
492 666 632 697 ductum
648 672 709 697 est.

169 713 273 745 Forte.
313 714 371 744 Or.
405 712 451 742 iii.
486 712 535 742 12.
576 716 611 741 et
641 711 801 750 aliquem,
833 711 861 741 si

113 757 222 798 sorte,
238 764 381 787 motum.

167 801 360 832 Forticulus.
389 799 489 829 Tusc.
520 799 554 829 ii.
588 801 638 833 19.
656 797 860 839 jin-ticulum

122 855 156 876 ne
174 846 310 886 praebet.

167 890 284 927 bortis,
302 889 341 919 de
359 890 564 922 accusatore,
580 886 615 916 in
640 884 751 916 Caecil.
768 889 800 920 7.
831 887 859 916 si

123 933 301 964 accusandi
332 932 487 962 voluntas
513 930 556 960 ad
582 931 668 959 viros
687 928 798 969 Jbrtes
824 934 859 960 et

123 981 289 1017 spectatos
312 975 476 1006 translata
499 974 552 1005 sit.
597 973 650 1004 De
671 973 857 1012 defensore,

122 1019 294 1050 advocato.
318 1020 437 1059 Quint.
454 1020 485 1050 52.
511 1017 614 1047 habet
629 1016 855 1047 adversarium

119 1064 219 1093 verbo
244 1064 275 1094 S,
292 1063 461 1100 Naevium,
478 1071 594 1092 revera
619 1061 717 1098 hujus
746 1062 855 1091 aetatis

120 1106 272 1138 homines
300 1107 550 1142 disertissimos,
566 1104 779 1145 fortissimos,
804 1114 856 1134 or·

120 1152 323 1181 natissimos.
344 1161 374 1180 v.
396 1150 503 1180 Graev.
520 1149 561 1179 ad
578 1149 609 1179 h.
629 1149 651 1179 l.
698 1149 852 1188 Denique

119 1194 295 1234 dejudice.
319 1194 393 1225 Aet.
411 1195 432 1224 i.
462 1194 495 1223 in
518 1192 612 1222 verr.
642 1195 690 1227 17.
721 1192 853 1224 verrin.

118 1238 140 1268 i.
174 1241 200 1268 1.
255 1238 294 1268 ln
324 1238 374 1268 his
400 1237 554 1267 omnibus
573 1236 678 1277 sortis
705 1241 769 1274 est,
796 1238 852 1276 qui

117 1291 225 1321 neque
241 1286 348 1319 metu,
365 1292 471 1320 neque
486 1280 649 1321 periculo,
663 1290 770 1318 neque
784 1280 853 1311 ulla

117 1325 183 1355 alia
207 1336 240 1356 re
265 1326 453 1356 deterretur
477 1325 516 1354 ab
534 1335 586 1361 eo,
604 1324 691 1363 quod
716 1327 767 1354 est
781 1328 852 1355 om-

117 1370 159 1399 cii
175 1371 225 1400 sui
240 1382 248 1399 t
274 1371 330 1409 qui
347 1369 448 1399 libere
465 1369 560 1405 dicit,
577 1378 651 1407 quae
668 1368 773 1398 sentit
790 1369 850 1398 ἃς.

116 1413 243 1443 Eodem
276 1413 373 1444 modo
406 1412 504 1443 Catil.
530 1413 577 1442 iii.
606 1413 636 1443 6.
656 1411 852 1452 fortissimoe

114 1458 292 1487 sententiae
305 1457 474 1487 dicuntur.
490 1456 509 1474 ³*
522 1456 631 1487 Fortes
642 1460 721 1486 sunt
732 1457 850 1495 etiam,

113 1502 170 1540 qui
196 1501 336 1538 labores,
358 1500 485 1531 dolores
508 1500 635 1538 ferunt,
658 1499 849 1540 voluptates

113 1544 293 1584 repudiant
309 1546 368 1574 δερ.
397 1544 468 1575 Att.
485 1553 536 1574 xv,
556 1546 606 1575 11.
633 1543 848 1584 Cassiusjbr-

111 1589 196 1619 tibus
217 1599 297 1618 sane
321 1587 426 1619 oculis
450 1593 593 1618 matrem
619 1592 783 1628 spectare.
806 1589 847 1619 fr.

112 1630 270 1663 Hortens.
294 1633 328 1662 in
352 1632 464 1662 dolore
481 1632 636 1672 podagrae
653 1631 758 1662 nihilo
767 1631 847 1671 sor-

111 1677 183 1706 tior.
199 1677 258 1706 Sec.
282 1677 301 1695 *²
313 1676 514 1713 Vehemens,
532 1677 653 1716 gravis,
671 1685 758 1707 acer.
785 1677 844 1707 Or.

110 1720 133 1749 i.
152 1723 203 1751 54.
229 1720 414 1750 orationem
432 1720 589 1750 disertam
606 1719 669 1750 sibi
685 1724 719 1749 et
735 1727 845 1750 orato-

110 1763 195 1793 riam
212 1763 477 1803 videri3jbrtem
502 1768 535 1794 et
558 1763 686 1793 virilem
712 1773 779 1794 non
797 1765 845 1794 vi—

110 1807 192 1838 deri.
220 1807 304 1838 Phil.
321 1808 377 1837 xii.
394 1810 425 1839 3.
458 1808 656 1838 acerrimam
678 1810 712 1837 et
722 1806 844 1847 sortis-

107 1853 224 1882 simam
242 1851 404 1882 libertatis
422 1851 657 1892 recuperandae
678 1851 843 1890 cupidita-

105 1901 178 1925 tem
195 1896 411 1926 imminutam
427 1900 462 1925 et
478 1895 697 1926 debilitatam.
721 1895 778 1925 Or.
796 1896 841 1926 iii.

105 1943 138 1973 9.
169 1949 275 1979 genus
299 1939 432 1969 dicendi
458 1939 597 1969 Antonii
611 1938 719 1978 forte,
743 1939 842 1970 vehe-

108 1992 216 2019 mens,
234 1988 443 2013 commotum
466 1984 526 2013 ἃς.

149 2026 343 2057 For-tissime.
367 2026 484 2067 Quint.
502 2031 532 2059 8.
556 2027 714 2067 injuriam
730 2026 839 2058 facere

92 2068 276 2107 fortissime
292 2075 492 2110 perseverat.

148 2113 329 2150 Fortitudo,
346 2114 426 2153 quid
443 2113 512 2145 sit?
536 2113 674 2145 Tuscul.
693 2124 721 2144 v.
743 2117 791 2145 14.

148 2157 311 2188 Fortuita.
335 2157 420 2189 Phil.
437 2168 469 2189 x.
496 2160 526 2190 2.
551 2158 701 2189 Graevius
722 2162 838 2190 tamen

102 2198 223 2232 habet:
248 2201 399 2233 fortuito.
434 2202 498 2233 Sed
521 2202 563 2234 cf.
586 2203 650 2233 Off.
675 2203 696 2233 i.
721 2204 773 2237 29.
802 2210 838 2234 et

102 2243 186 2275 adde
210 2245 328 2276 Burm.
357 2250 392 2277 et
417 2246 631 2287 Oudendorp.
660 2245 700 2277 V.
729 2246 766 2277 C.
795 2247 836 2278 ad

102 2287 195 2320 Suet.
209 2288 284 2320 Tib.
301 2292 354 2324 39.

145 2332 309 2371 Fortuna»,
334 2344 393 2374 pro
414 2332 563 2365 fortuna.
592 2333 686 2364 Verr.
713 2334 756 2366 iv.
781 2337 835 2370 37.

99 2375 263 2416 ejusmodi
279 2377 517 2417 essesortmzas
533 2378 668 2408 mortui.

144 2420 278 2452 Forum.
308 2423 366 2452 Or.
383 2422 405 2452 i.
422 2422 474 2453 36.
503 2431 564 2460 ego
582 2423 662 2452 istos
680 2431 747 2452 non
763 2433 834 2454 mo-

97 2462 140 2493 do
156 2466 298 2495 oratoris
316 2466 465 2503 nomine,
482 2465 540 2495 sed
556 2464 682 2505 neforo
697 2466 833 2505 quidem

97 2506 215 2546 dignos
232 2509 380 2548 putarim
396 2521 406 2548 3
431 2509 470 2539 de
488 2510 638 2549 patronis
655 2519 832 2542 causarum

97 2560 215 2590 pamm
242 2552 381 2583 idoneis.
412 2553 484 2583 *ad
512 2553 588 2583 Div.
616 2553 685 2583 xiii.
716 2556 764 2584 10.
795 2554 833 2585 in

82 2593 205 2633 stram
230 2596 353 2626 venire.
378 2597 457 2627 ibid.
482 2607 511 2627 v.
537 2600 566 2627 8.
582 2596 705 2636 jbram
729 2597 833 2628 attin-

95 2647 183 2676 gere.
202 2639 241 2669 dc
266 2640 305 2670 iis
328 2640 462 2678 dicitur,
479 2641 537 2679 qui
560 2650 679 2680 puram
701 2644 833 2680 togam,

96 2681 129 2712 h.
148 2694 177 2712 e.
196 2683 340 2721 virilem,
358 2684 476 2724 inforo
493 2689 696 2724 aeceperunt
712 2696 731 2715 a
747 2696 832 2725 prae-

93 2729 179 2764 tore,
197 2731 296 2766 atque
314 2728 432 2758 deinde
450 2728 631 2767 injudiciis
651 2730 773 2759 versari
797 2733 831 2760 et

94 2779 210 2800 causas
227 2781 325 2810 agere
342 2776 493 2811 possunt.
517 2772 535 2791 ²*
549 2772 637 2811 Quia
652 2772 769 2812 inforo
780 2777 830 2804 ta-

94 2812 205 2844 bernae
218 2816 486 2854 argentariorum
499 2822 592 2853 sunt,
606 2816 716 2855 ibique
730 2827 830 2857 pecu-

93 2856 158 2887 niae
173 2859 483 2899 perscriptionibus,
500 2860 830 2899 transcriptionibus-

92 2909 157 2938 que
180 2901 240 2940 διο.
265 2906 468 2942 tractamur,
484 2907 662 2945 propterea
685 2914 772 2946 saepe
793 2906 827 2936 in

1572 87 1656 135 307

912 195 946 215 re
978 186 1172 226 pecuniaria
1190 184 1266 226 firi
1293 184 1432 215 mentio.
1471 184 1590 216 Manil.
1620 191 1653 222 7.

911 230 997 259 ratio
1013 231 1248 269 pecuniarum,
1263 239 1336 268 quae
1354 229 1472 268 infero
1488 236 1651 261 versatur.

912 272 1018 302 Flacc.
1036 276 1088 307 29.
1119 274 1243 313 ὶιι]ονο
1259 274 1396 310 versari,
1414 273 1575 303 dicuntur
1592 283 1651 304 ne-

910 317 1104 355 gotiatores.
1134 317 1213 356 Agr.
1230 317 1252 347 i.
1270 320 1300 347 8.
1316 317 1418 346 fidem
1437 317 1561 356 dejbrn
1578 328 1650 348 sus-

908 360 1047 397 tulistis,
1073 360 1129 390 ubi
1157 360 1222 390 vid.
1251 359 1500 390 Lauredanuni.
1536 362 1649 392 Rabir.

910 403 998 434 Post.
1021 407 1068 435 15.
1094 404 1293 434 Postumum
1311 413 1378 433 non
1396 404 1595 435 haberemus
1612 406 1648 435 in

894 447 994 486 χόν-ο.-
1019 457 1056 478 er
1081 450 1166 477 wiire
1195 448 1426 486 bamquerout:
1453 447 1493 477 de
1518 458 1584 487 quo
1611 455 1648 479 et

894 490 974 530 foro
996 491 1113 521 cedere
1138 491 1271 521 dicitur.
1296 491 1451 522 *Forum
1472 496 1647 531 ornatum,

906 535 999 565 Verr.
1024 536 1044 565 i.
1071 537 1122 566 54.
1151 539 1202 565 cst
1223 538 1374 576 tempore
1402 536 1553 565 ludorum
1580 536 1648 567 Ro-

906 588 1083 609 manorum
1107 579 1166 609 ἃς.
1199 579 1241 608 cf.
1259 579 1300 609 iv.
1317 583 1348 610 3.
1381 579 1435 608 ubi
1455 589 1522 610 non
1545 580 1645 610 modo

904 623 1012 661 signa,
1040 623 1098 653 sed
1128 628 1162 653 et
1191 621 1316 653 tabulae
1348 628 1581 654 numm-antur
1608 624 1646 654 in

891 665 971 705 fitro
1001 667 1163 697 ornando.
1208 667 1382 705 Originem
1412 667 1459 696 rei
1490 667 1563 697 vide
1589 677 1643 708 ap.

902 709 975 740 Liv.
993 712 1035 741 ix.
1052 713 1105 741 40.
1130 710 1220 740 >¹*Pro
1238 711 1317 750 ipsis
1333 709 1419 740 ludis
1435 709 1644 750 gladiatoriis

903 753 1028 785 dicitur
1041 754 1173 794 forum.
1198 754 1333 785 Muren.
1361 757 1413 785 34.
1448 753 1565 785 *Fora
1592 755 1644 785 di-

902 803 1028 828 cuntur
1060 802 1244 829 conventus
1285 797 1516 838 provinciales,
1550 799 1582 828 h.
1610 808 1641 831 e.

902 850 968 871 non
988 842 1087 872 modo
1104 843 1268 880 civitates,
1286 842 1321 871 in
1338 842 1458 881 quibus
1475 847 1638 882 aguntur,

901 886 958 915 sed
971 887 1032 925 ipsi
1044 887 1145 916 ctiam
1159 887 1229 916 <lies
1242 890 1482 916 conventuum.
1508 885 1639 918 verriu.

901 929 946 959 iii.
967 932 1015 961 15.
1047 935 1141 961 extra
1152 930 1273 970 Jbrum
1290 939 1389 960 suum
1407 929 1639 963 vadimonium

900 973 1108 1012 promittere.
1140 974 1220 1004 ibid.
1239 975 1273 1004 ii.
1295 977 1342 1005 15.
1375 974 1542 1011 civitates,
1560 984 1636 1013 quae

899 1017 933 1046 in
951 1017 984 1047 id
994 1017 1117 1057 sorum
1137 1018 1366 1048 convenirent.
1392 1017 1433 1047 cf.
1457 1027 1486 1048 c.
1511 1021 1564 1052 70.
1594 1018 1638 1049 ad

898 1061 974 1091 Div.
992 1061 1039 1091 iii.
1058 1062 1088 1092 6.
1119 1062 1160 1092 ad
1177 1061 1246 1092 Att.
1268 1071 1299 1092 v.
1315 1063 1369 1093 ⁶21.
1388 1061 1509 1101 jin-um
1525 1071 1637 1101 agere.

899 1107 917 1126 *⁵
933 1105 1095 1135 Civitates
1122 1107 1226 1136 etiam
1252 1105 1357 1135 Italiae
1382 1105 1534 1144 quaedam
1549 1105 1637 1146 jin-a

897 1148 1070 1185 dicuntur,
1087 1154 1126 1179 ut
1148 1150 1189 1179 ad
1207 1149 1283 1180 Div.
1304 1160 1336 1179 x.
1356 1152 1404 1183 17.
1425 1148 1548 1189 Jbrzcm
1571 1150 1636 1181 «Ju-

896 1191 943 1222 lii.
971 1194 1071 1223 Catil.
1090 1194 1110 1223 i.
1128 1198 1158 1227 9.
1171 1192 1293 1233 flamm
1309 1192 1497 1224 Aurelium.
1514 1194 1574 1224 &a
1592 1194 1634 1224 de

896 1237 1015 1277 quibus
1039 1247 1069 1267 v.
1093 1237 1207 1277 Sigon.
1231 1237 1311 1267 Ant.
1333 1237 1407 1267 dur.
1433 1237 1507 1268 Ital.
1531 1238 1564 1267 ii.
1584 1241 1634 1270 15.

895 1280 1141 1311 *vestibulum.
1174 1280 1255 1320 Leg.
1280 1281 1314 1312 ii.
1340 1283 1393 1312 24.
1424 1280 1477 1311 lex
1496 1281 1634 1321 forum,

894 1324 928 1354 id
951 1328 1014 1361 est,
1031 1325 1236 1356 vestibulum
1260 1324 1418 1366 sepulcri,
1440 1325 1634 1364 bustumve‚

894 1369 1032 1408 usucapi
1049 1373 1152 1399 vetat.

937 1412 1068 1450 Favere,
1101 1413 1280 1443 delectare.
1313 1412 1403 1442 Mur.
1437 1414 1490 1443 35.
1511 1412 1633 1452 fovere

892 1464 1008 1486 sensus
1046 1455 1235 1486 hominum.
1274 1455 1504 1497 *amplexam
1543 1457 1631 1489 Gall.

891 1509 1048 1530 caresser.
1060 1539 1063 1542 ἱ
1076 1500 1117 1530 ad
1132 1501 1208 1531 Div.
1227 1500 1248 1530 i.
1264 1504 1295 1534 9.
1319 1500 1496 1530 inimicum
1513 1510 1629 1533 meum

890 1543 924 1573 in
949 1544 1103 1575 manibus
1127 1543 1309 1582 habebant,
1333 1545 1380 1574 sic
1392 1543 1565 1584 fovebant,
1581 1546 1629 1575 sic

889 1588 1139 1619 osculabantur.
1157 1587 1199 1618 cf.
1216 1587 1255 1627 Ω.
1273 1587 1324 1618 Fr.
1338 1588 1382 1618 iii.
1400 1591 1427 1618 l.
1440 1591 1470 1619 3.
1489 1587 1560 1619 Att.
1573 1599 1627 1620 xv.

894 1634 942 1662 13.
974 1631 1122 1662 *leun-e.
1152 1631 1224 1662 Att.
1252 1632 1308 1661 xii.
1341 1635 1390 1663 18.
1422 1641 1513 1670 nam,
1544 1632 1626 1663 dum

889 1675 973 1705 illud
1002 1676 1205 1714 tractabam,
1235 1676 1329 1715 quasi
1347 1675 1507 1716 fovebam
1534 1676 1627 1707 dolo-

889 1729 940 1750 res
958 1730 1061 1751 meos.

932 1763 1117 1802 angere,
1130 1763 1289 1794 refutare.
1301 1763 1402 1794 Acad.
1414 1763 1455 1793 iv.
1464 1761 1625 1802 Pafum·

883 1808 953 1845 gite
969 1809 1105 1838 soriten.
1130 1807 1171 1838 ad
1186 1808 1263 1838 Div.
1281 1808 1302 1838 i.
1319 1810 1350 1838 4.
1363 1807 1533 1847 finngere
1549 1817 1627 1837 sen-

885 1852 1031 1882 tentiam
1046 1851 1200 1891 alicujus.
1217 1850 1264 1881 *a
1275 1852 1445 1881 sententia
1459 1851 1625 1881 abducere

885 1900 919 1925 et
935 1895 969 1926 in
986 1905 1081 1926 suam
1100 1895 1277 1926 adducere.
1293 1894 1393 1925 Tusc.
1408 1896 1428 1925 i.
1448 1896 1501 1925 21.
1519 1900 1556 1924 ut
1572 1905 1624 1925 ra-

883 1939 1012 1969 tionem
1037 1939 1166 1970 nullam
1190 1939 1325 1969 afferret
1342 1939 1450 1976 Plato,
1469 1939 1540 1977 ipsa
1563 1949 1624 1970 au-

884 1984 1040 2014 ctoritate
1052 1994 1105 2014 me
1107 1982 1302 2023 Jiangeret.
1315 1982 1543 2023 *supprimere
1552 1993 1625 2013 mo-

882 2031 956 2057 tum
970 2028 1086 2058 animi.
1103 2027 1146 2058 ad
1160 2027 1236 2058 Div.
1250 2027 1506 2067 iv.6.fl·a21gere
1521 2036 1555 2056 se
1573 2027 1623 2067 ip—

881 2071 1144 2102 sumfdomare.
1154 2071 1232 2102 Sen.
1240 2081 1273 2111 p.
1283 2070 1365 2101 Red.
1377 2073 1407 2101 8.
1417 2069 1620 2101 sceleratum

882 2115 1002 2153 civem,
1026 2120 1087 2146 aut
1110 2115 1333 2145 domesticum
1356 2114 1467 2155 potius
1488 2113 1622 2145 hostem

875 2158 1005 2198 judicio
1009 2158 1246 2199 ⁸frangendum
1268 2168 1351 2189 esse.
1374 2158 1393 2176 ’ἦ
1406 2163 1538 2189 mutare
1562 2158 1624 2189 ali-

881 2212 981 2241 quem
998 2212 1093 2244 paene
1110 2203 1268 2233 invitum.
1285 2202 1327 2233 ad
1342 2203 1420 2233 Div.
1436 2202 1478 2232 iv.
1494 2205 1526 2234 4.
1538 2201 1618 2243 fre-

876 2247 929 2285 git
954 2246 1016 2278 hoc
1041 2257 1154 2277 meum
1180 2246 1359 2277 consilium
1385 2247 1524 2277 Caesaris
1550 2256 1621 2277 ma-

879 2291 1023 2330 gnitudo
1047 2294 1081 2321 et
1104 2296 1243 2321 senatus
1267 2291 1427 2321 officium.
1451 2290 1521 2320 *ad
1541 2290 1618 2321 Div.

879 2344 909 2364 x.
940 2337 989 2365 1⁶2.
1014 2338 1136 2374 rogatu
1162 2334 1292 2366 Servilii
1319 2334 1354 2365 P.
1379 2333 1491 2364 Titius
1513 2335 1621 2365 inter-

878 2378 990 2408 cessit.
1017 2388 1069 2409 res
1098 2379 1133 2409 in
1155 2383 1329 2419 posterum
1354 2377 1469 2408 dilata.
1515 2378 1619 2409 Venit

876 2426 1015 2462 paratus
1046 2422 1218 2460 Servilius,
1243 2422 1319 2453 Jovi
1345 2422 1407 2462 ipsi
1436 2422 1618 2461 iniquus—-

876 2465 967 2496 hune
984 2465 1460 2506 quemadmodumsregerim,
1473 2471 1618 2505 quanta-

875 2519 940 2548 que
965 2511 1182 2540 contentione
1206 2511 1461 2540 intercessorem
1488 2511 1619 2549 abjece-

876 2553 939 2583 rim
957 2554 1017 2585 &c.
1042 2557 1061 2575 ²*
1075 2553 1117 2584 ad
1128 2554 1204 2584 Div.
1218 2565 1248 2584 x.
1262 2556 1292 2585 3.
1318 2553 1504 2584 invidentes
1522 2554 1618 2593 iuge-

875 2598 931 2627 nio
948 2596 1336 2638 industriaquefrege'sti.
1362 2598 1447 2637 *Qui
1466 2597 1553 2627 male
1567 2597 1618 2628 di-

874 2641 1006 2680 vidunt,
1025 2641 1198 2681 eleganter
1218 2651 1288 2672 rem
1301 2640 1473 2681 finngere
1496 2641 1615 2671 dicun-

873 2691 941 2716 tur.
961 2685 1030 2715 Fin.
1046 2685 1078 2715 ii.
1094 2690 1125 2719 9.
1142 2685 1208 2715 duo
1222 2695 1345 2726 genera
1357 2694 1431 2723 quae
1447 2685 1615 2722 erant‚se·

874 2730 922 2760 cit
936 2729 1013 2759 tria.
1028 2728 1092 2759 hoc
1108 2733 1159 2759 est
1175 2738 1244 2759 non
1260 2728 1420 2766 dividere,
1438 2729 1495 2758 sed
1505 2727 1614 2767 =from-

870 2783 951 2812 gere
981 2782 1063 2803 rem.
1105 2772 1193 2803 *On
1228 2774 1250 2803 i.
1281 2773 1334 2803 652.
1377 2771 1530 2812 paullum
1562 2783 1614 2803 re-

872 2817 1035 2857 quiescet,
1050 2817 1129 2847 dum
1148 2826 1182 2847 se
1198 2815 1456 2857 calorfinngat.

916 2860 1038 2897 Fraus,
1060 2860 1201 2891 facinus
1226 2860 1308 2891 Rab.
1335 2859 1429 2890 Perd.
1453 2863 1483 2894 9.
1501 2858 1613 2900 fram

873 2903 1035 2945 capitalis
1060 2903 1153 2935 Verr.
1178 2905 1225 2934 iii.
1243 2904 1295 2939 76.
1321 2903 1355 2934 in
1367 2903 1534 2944 fraudem
1559 2904 1610 2933 iri—

957 2958 978 2978 x
996 2950 1014 2978 2
