<?xml version="1.0" encoding="UTF-8"?>
<!DOCTYPE html PUBLIC "-//W3C//DTD XHTML 1.0 Transitional//EN"
    "http://www.w3.org/TR/xhtml1/DTD/xhtml1-transitional.dtd">
<html xmlns="http://www.w3.org/1999/xhtml" xml:lang="en" lang="en">
 <head>
  <title>
</title>
<meta http-equiv="Content-Type" content="text/html;charset=utf-8" />
  <meta name='ocr-system' content='tesseract 3.04.00' />
  <meta name='ocr-capabilities' content='ocr_page ocr_carea ocr_par ocr_line ocrx_word'/>
</head>
<body>
  <div class='ocr_page' id='page_1' title='image "./clavisciceronian00erneuoft/clavisciceronian00erneuoft_0415.png"; bbox 0 0 1920 3196; ppageno 0'>
   <div class='ocr_carea' id='block_1_1' title="bbox 15 1850 27 2482">
    <p class='ocr_par' dir='ltr' id='par_1_1' title="bbox 15 1850 27 2482">
     <span class='ocr_line' id='line_1_1' title="bbox 15 1850 27 2482; baseline 0 0"><span class='ocrx_word' id='word_1_1' title='bbox 15 1850 27 2482; x_wconf 95' lang='lat' dir='ltr'> </span> 
     </span>
    </p>
   </div>
   <div class='ocr_carea' id='block_1_2' title="bbox 15 1850 27 2484">
    <p class='ocr_par' dir='ltr' id='par_1_2' title="bbox 15 1850 27 2484">
     <span class='ocr_line' id='line_1_2' title="bbox 15 1850 27 2484; baseline 0 0"><span class='ocrx_word' id='word_1_2' title='bbox 15 1850 27 2484; x_wconf 95' lang='lat' dir='ltr'> </span> 
     </span>
    </p>
   </div>
   <div class='ocr_carea' id='block_1_3' title="bbox 0 1022 35 3196">
    <p class='ocr_par' dir='ltr' id='par_1_3' title="bbox 0 1022 35 3196">
     <span class='ocr_line' id='line_1_3' title="bbox 0 1022 35 3196; baseline 0 0"><span class='ocrx_word' id='word_1_3' title='bbox 0 1022 35 3196; x_wconf 95' lang='lat' dir='ltr'> </span> 
     </span>
    </p>
   </div>
   <div class='ocr_carea' id='block_1_4' title="bbox 685 100 1158 136">
    <p class='ocr_par' dir='ltr' id='par_1_4' title="bbox 685 100 1158 136">
     <span class='ocr_line' id='line_1_4' title="bbox 685 100 1158 136; baseline -0.006 -4"><span class='ocrx_word' id='word_1_4' title='bbox 685 100 831 136; x_wconf 70' lang='lat' dir='ltr'>INDEX</span> <span class='ocrx_word' id='word_1_5' title='bbox 862 100 1158 130; x_wconf 77' lang='lat' dir='ltr'>LATINl&#39;rATIS.</span> 
     </span>
    </p>
   </div>
   <div class='ocr_carea' id='block_1_5' title="bbox 164 189 908 2942">
    <p class='ocr_par' dir='ltr' id='par_1_5' title="bbox 164 189 908 1192">
     <span class='ocr_line' id='line_1_5' title="bbox 164 189 906 235; baseline -0.007 -11"><span class='ocrx_word' id='word_1_6' title='bbox 164 193 275 235; x_wconf 73' lang='lat' dir='ltr'>prima</span> <span class='ocrx_word' id='word_1_7' title='bbox 289 189 445 231; x_wconf 85' lang='lat' dir='ltr'>judicum</span> <span class='ocrx_word' id='word_1_8' title='bbox 462 189 593 221; x_wconf 80' lang='lat' dir='ltr'>sortitio</span> <span class='ocrx_word' id='word_1_9' title='bbox 616 199 637 220; x_wconf 81' lang='lat' dir='ltr'>a</span> <span class='ocrx_word' id='word_1_10' title='bbox 649 194 791 229; x_wconf 85' lang='lat' dir='ltr'>praetore</span> <span class='ocrx_word' id='word_1_11' title='bbox 814 189 906 219; x_wconf 82' lang='lat' dir='ltr'>facta</span> 
     </span>
     <span class='ocr_line' id='line_1_6' title="bbox 167 233 905 275; baseline -0.008 -7"><span class='ocrx_word' id='word_1_12' title='bbox 167 242 232 275; x_wconf 88' lang='lat' dir='ltr'>est,</span> <span class='ocrx_word' id='word_1_13' title='bbox 249 241 388 274; x_wconf 86' lang='lat' dir='ltr'>utraque</span> <span class='ocrx_word' id='word_1_14' title='bbox 403 244 478 274; x_wconf 85' lang='lat' dir='ltr'>pars</span> <span class='ocrx_word' id='word_1_15' title='bbox 496 233 595 264; x_wconf 86' lang='lat' dir='ltr'>habet</span> <span class='ocrx_word' id='word_1_16' title='bbox 610 237 812 273; x_wconf 83' lang='lat' dir='ltr'>potestatem</span> <span class='ocrx_word' id='word_1_17' title='bbox 829 233 905 272; x_wconf 88' lang='lat' dir='ltr'>reji-</span> 
     </span>
     <span class='ocr_line' id='line_1_7' title="bbox 170 278 906 318; baseline -0.005 -8"><span class='ocrx_word' id='word_1_18' title='bbox 170 279 282 311; x_wconf 88' lang='lat' dir='ltr'>ciundi</span> <span class='ocrx_word' id='word_1_19' title='bbox 299 278 429 318; x_wconf 82' lang='lat' dir='ltr'>judices</span> <span class='ocrx_word' id='word_1_20' title='bbox 454 287 493 307; x_wconf 78' lang='lat' dir='ltr'>ex</span> <span class='ocrx_word' id='word_1_21' title='bbox 515 287 554 306; x_wconf 78' lang='lat' dir='ltr'>eo</span> <span class='ocrx_word' id='word_1_22' title='bbox 566 286 721 313; x_wconf 88' lang='lat' dir='ltr'>numero,</span> <span class='ocrx_word' id='word_1_23' title='bbox 740 286 821 315; x_wconf 86' lang='lat' dir='ltr'>quos</span> <span class='ocrx_word' id='word_1_24' title='bbox 845 287 906 316; x_wconf 92' lang='lat' dir='ltr'>pu-</span> 
     </span>
     <span class='ocr_line' id='line_1_8' title="bbox 167 320 905 360; baseline -0.007 -6"><span class='ocrx_word' id='word_1_25' title='bbox 167 329 219 354; x_wconf 88' lang='lat' dir='ltr'>tet</span> <span class='ocrx_word' id='word_1_26' title='bbox 229 328 286 354; x_wconf 85' lang='lat' dir='ltr'>aut</span> <span class='ocrx_word' id='word_1_27' title='bbox 295 322 447 352; x_wconf 82' lang='lat' dir='ltr'>inimicos</span> <span class='ocrx_word' id='word_1_28' title='bbox 457 321 532 357; x_wconf 88' lang='lat' dir='ltr'>sibi,</span> <span class='ocrx_word' id='word_1_29' title='bbox 541 326 600 350; x_wconf 83' lang='lat' dir='ltr'>aut</span> <span class='ocrx_word' id='word_1_30' title='bbox 610 320 759 360; x_wconf 88' lang='lat' dir='ltr'>cupidos,</span> <span class='ocrx_word' id='word_1_31' title='bbox 768 324 905 350; x_wconf 83' lang='lat' dir='ltr'>autnon</span> 
     </span>
     <span class='ocr_line' id='line_1_9' title="bbox 169 363 908 404; baseline -0.005 -7"><span class='ocrx_word' id='word_1_32' title='bbox 169 367 249 397; x_wconf 83' lang='lat' dir='ltr'>satis</span> <span class='ocrx_word' id='word_1_33' title='bbox 266 367 410 404; x_wconf 85' lang='lat' dir='ltr'>integros</span> <span class='ocrx_word' id='word_1_34' title='bbox 426 374 508 398; x_wconf 82' lang='lat' dir='ltr'>esse.</span> <span class='ocrx_word' id='word_1_35' title='bbox 531 364 625 394; x_wconf 81' lang='lat' dir='ltr'>Verr.</span> <span class='ocrx_word' id='word_1_36' title='bbox 639 364 672 394; x_wconf 93' lang='lat' dir='ltr'>ii.</span> <span class='ocrx_word' id='word_1_37' title='bbox 692 366 741 394; x_wconf 90' lang='lat'>13.</span> <span class='ocrx_word' id='word_1_38' title='bbox 766 373 842 394; x_wconf 88' lang='lat' dir='ltr'>cum</span> <span class='ocrx_word' id='word_1_39' title='bbox 859 363 908 393; x_wconf 86' lang='lat' dir='ltr'>al·</span> 
     </span>
     <span class='ocr_line' id='line_1_10' title="bbox 167 405 905 447; baseline -0.005 -7"><span class='ocrx_word' id='word_1_40' title='bbox 167 417 272 441; x_wconf 84' lang='lat' dir='ltr'>ternae</span> <span class='ocrx_word' id='word_1_41' title='bbox 285 410 435 439; x_wconf 78' lang='lat' dir='ltr'>civitates</span> <span class='ocrx_word' id='word_1_42' title='bbox 451 405 578 447; x_wconf 75' lang='lat' dir='ltr'>rejeclae</span> <span class='ocrx_word' id='word_1_43' title='bbox 592 413 689 437; x_wconf 84' lang='lat' dir='ltr'>sunt:</span> <span class='ocrx_word' id='word_1_44' title='bbox 716 407 748 437; x_wconf 91' lang='lat' dir='ltr'>h.</span> <span class='ocrx_word' id='word_1_45' title='bbox 762 417 791 437; x_wconf 89' lang='lat' dir='ltr'>e.</span> <span class='ocrx_word' id='word_1_46' title='bbox 807 407 905 437; x_wconf 79' lang='lat' dir='ltr'>alter-</span> 
     </span>
     <span class='ocr_line' id='line_1_11' title="bbox 168 451 906 492; baseline -0.004 -9"><span class='ocrx_word' id='word_1_47' title='bbox 168 454 233 491; x_wconf 86' lang='lat' dir='ltr'>nis,</span> <span class='ocrx_word' id='word_1_48' title='bbox 252 462 370 492; x_wconf 83' lang='lat' dir='ltr'><strong>nempe</strong></span> <span class='ocrx_word' id='word_1_49' title='bbox 387 452 427 482; x_wconf 90' lang='lat' dir='ltr'>ab</span> <span class='ocrx_word' id='word_1_50' title='bbox 444 456 585 490; x_wconf 79' lang='lat' dir='ltr'>utraque</span> <span class='ocrx_word' id='word_1_51' title='bbox 610 456 715 490; x_wconf 84' lang='lat' dir='ltr'>parte.</span> <span class='ocrx_word' id='word_1_52' title='bbox 761 451 815 480; x_wconf 85' lang='lat' dir='ltr'>Sic</span> <span class='ocrx_word' id='word_1_53' title='bbox 830 451 906 481; x_wconf 74' lang='lat' dir='ltr'>Vat.</span> 
     </span>
     <span class='ocr_line' id='line_1_12' title="bbox 172 493 905 535; baseline -0.004 -8"><span class='ocrx_word' id='word_1_54' title='bbox 172 500 222 528; x_wconf 82' lang='lat'>11.</span> <span class='ocrx_word' id='word_1_55' title='bbox 256 496 384 526; x_wconf 83' lang='lat' dir='ltr'>alterna</span> <span class='ocrx_word' id='word_1_56' title='bbox 408 494 547 525; x_wconf 79' lang='lat' dir='ltr'>consilia</span> <span class='ocrx_word' id='word_1_57' title='bbox 569 494 712 535; x_wconf 73' lang='lat' dir='ltr'><em>rejicere.</em></span> <span class='ocrx_word' id='word_1_58' title='bbox 742 493 833 524; x_wconf 86' lang='lat' dir='ltr'>Verr.</span> <span class='ocrx_word' id='word_1_59' title='bbox 858 495 905 524; x_wconf 85' lang='lat' dir='ltr'>iii.</span> 
     </span>
     <span class='ocr_line' id='line_1_13' title="bbox 168 537 906 580; baseline -0.005 -9"><span class='ocrx_word' id='word_1_60' title='bbox 168 541 222 571; x_wconf 87' lang='grc'>60.</span> <span class='ocrx_word' id='word_1_61' title='bbox 254 537 421 580; x_wconf 64' lang='lat' dir='ltr'>rejiciendi</span> <span class='ocrx_word' id='word_1_62' title='bbox 439 541 638 578; x_wconf 83' lang='lat' dir='ltr'>potestatem</span> <span class='ocrx_word' id='word_1_63' title='bbox 659 539 778 568; x_wconf 78' lang='lat' dir='ltr'>facere.</span> <span class='ocrx_word' id='word_1_64' title='bbox 817 538 906 568; x_wconf 83' lang='lat' dir='ltr'>Hinc</span> 
     </span>
     <span class='ocr_line' id='line_1_14' title="bbox 167 581 907 622; baseline -0.004 -8"><span class='ocrx_word' id='word_1_65' title='bbox 167 584 222 621; x_wconf 74' lang='lat' dir='ltr'>fit,</span> <span class='ocrx_word' id='word_1_66' title='bbox 235 589 272 613; x_wconf 91' lang='lat' dir='ltr'>ut</span> <span class='ocrx_word' id='word_1_67' title='bbox 290 592 496 622; x_wconf 87' lang='lat' dir='ltr'>consequens</span> <span class='ocrx_word' id='word_1_68' title='bbox 513 591 571 621; x_wconf 92' lang='lat' dir='ltr'>pro</span> <span class='ocrx_word' id='word_1_69' title='bbox 589 581 805 611; x_wconf 75' lang='lat' dir='ltr'><strong>antecedente</strong></span> <span class='ocrx_word' id='word_1_70' title='bbox 818 581 907 611; x_wconf 85' lang='lat' dir='ltr'>dica-</span> 
     </span>
     <span class='ocr_line' id='line_1_15' title="bbox 168 625 907 667; baseline -0.004 -10"><span class='ocrx_word' id='word_1_71' title='bbox 168 634 238 664; x_wconf 84' lang='lat' dir='ltr'>tur,</span> <span class='ocrx_word' id='word_1_72' title='bbox 255 628 322 656; x_wconf 79' lang='lat' dir='ltr'>sive</span> <span class='ocrx_word' id='word_1_73' title='bbox 343 637 400 667; x_wconf 83' lang='lat' dir='ltr'>pro</span> <span class='ocrx_word' id='word_1_74' title='bbox 417 630 489 656; x_wconf 81' lang='lat' dir='ltr'>tota</span> <span class='ocrx_word' id='word_1_75' title='bbox 503 626 635 655; x_wconf 78' lang='lat' dir='ltr'>actione</span> <span class='ocrx_word' id='word_1_76' title='bbox 653 625 822 664; x_wconf 83' lang='lat' dir='ltr'>judicum,</span> <span class='ocrx_word' id='word_1_77' title='bbox 838 635 907 655; x_wconf 90' lang='lat' dir='ltr'>sor-</span> 
     </span>
     <span class='ocr_line' id='line_1_16' title="bbox 166 669 907 710; baseline -0.001 -10"><span class='ocrx_word' id='word_1_78' title='bbox 166 675 202 700; x_wconf 78' lang='lat' dir='ltr'>t&#39;e</span> <span class='ocrx_word' id='word_1_79' title='bbox 219 677 253 701; x_wconf 87' lang='lat' dir='ltr'>et</span> <span class='ocrx_word' id='word_1_80' title='bbox 270 671 448 710; x_wconf 82' lang='lat' dir='ltr'>rejectione</span> <span class='ocrx_word' id='word_1_81' title='bbox 465 669 728 708; x_wconf 72' lang='lat' dir='ltr'>deligendorum.</span> <span class='ocrx_word' id='word_1_82' title='bbox 752 669 844 699; x_wconf 88' lang='lat' dir='ltr'>Verr.</span> <span class='ocrx_word' id='word_1_83' title='bbox 860 669 907 699; x_wconf 83' lang='lat' dir='ltr'>iii.</span> 
     </span>
     <span class='ocr_line' id='line_1_17' title="bbox 168 712 907 755; baseline -0.004 -10"><span class='ocrx_word' id='word_1_84' title='bbox 168 717 221 749; x_wconf 79' lang='lat'>59.</span> <span class='ocrx_word' id='word_1_85' title='bbox 252 720 414 755; x_wconf 70' lang='lat' dir='ltr'>praeterea</span> <span class='ocrx_word' id='word_1_86' title='bbox 429 716 612 743; x_wconf 85' lang='lat' dir='ltr'>conventus</span> <span class='ocrx_word' id='word_1_87' title='bbox 636 712 795 743; x_wconf 83' lang='lat' dir='ltr'>honestus</span> <span class='ocrx_word' id='word_1_88' title='bbox 812 713 907 752; x_wconf 82' lang='lat' dir='ltr'>Syra-</span> 
     </span>
     <span class='ocr_line' id='line_1_18' title="bbox 168 756 906 796; baseline -0.004 -8"><span class='ocrx_word' id='word_1_89' title='bbox 168 758 269 795; x_wconf 77' lang='lat' dir='ltr'>cusis,</span> <span class='ocrx_word' id='word_1_90' title='bbox 286 757 383 788; x_wconf 87' lang='lat' dir='ltr'>multi</span> <span class='ocrx_word' id='word_1_91' title='bbox 407 757 535 796; x_wconf 81' lang='lat' dir='ltr'>equites</span> <span class='ocrx_word' id='word_1_92' title='bbox 555 756 652 786; x_wconf 86' lang='lat' dir='ltr'>Rom.</span> <span class='ocrx_word' id='word_1_93' title='bbox 669 757 728 786; x_wconf 79' lang='lat' dir='ltr'>viri</span> <span class='ocrx_word' id='word_1_94' title='bbox 744 756 906 796; x_wconf 90' lang='lat' dir='ltr'>primarii,</span> 
     </span>
     <span class='ocr_line' id='line_1_19' title="bbox 168 798 905 842; baseline -0.004 -10"><span class='ocrx_word' id='word_1_95' title='bbox 168 812 209 832; x_wconf 80' lang='lat' dir='ltr'>ex</span> <span class='ocrx_word' id='word_1_96' title='bbox 226 812 292 841; x_wconf 82' lang='lat' dir='ltr'>qua</span> <span class='ocrx_word' id='word_1_97' title='bbox 307 802 402 842; x_wconf 85' lang='lat' dir='ltr'>copia</span> <span class='ocrx_word' id='word_1_98' title='bbox 426 806 673 840; x_wconf 83' lang='lat' dir='ltr'>recuperatores</span> <span class='ocrx_word' id='word_1_99' title='bbox 696 798 788 841; x_wconf 76' lang='lat' dir='ltr'>rejici</span> <span class='ocrx_word' id='word_1_100' title='bbox 809 809 905 840; x_wconf 88' lang='lat' dir='ltr'>opor-</span> 
     </span>
     <span class='ocr_line' id='line_1_20' title="bbox 168 844 906 884; baseline -0.003 -9"><span class='ocrx_word' id='word_1_101' title='bbox 168 850 270 883; x_wconf 82' lang='lat' dir='ltr'>teret,</span> <span class='ocrx_word' id='word_1_102' title='bbox 296 846 350 884; x_wconf 85' lang='lat' dir='ltr'>qui</span> <span class='ocrx_word' id='word_1_103' title='bbox 378 844 476 874; x_wconf 88' lang='lat' dir='ltr'>aliter</span> <span class='ocrx_word' id='word_1_104' title='bbox 493 844 644 883; x_wconf 85' lang='lat' dir='ltr'>judicare</span> <span class='ocrx_word' id='word_1_105' title='bbox 669 853 735 874; x_wconf 88' lang='lat' dir='ltr'>non</span> <span class='ocrx_word' id='word_1_106' title='bbox 759 848 906 884; x_wconf 80' lang='lat' dir='ltr'>possent.</span> 
     </span>
     <span class='ocr_line' id='line_1_21' title="bbox 170 886 906 929; baseline -0.004 -10"><span class='ocrx_word' id='word_1_107' title='bbox 170 889 250 919; x_wconf 88' lang='lat' dir='ltr'><strong>ibid.</strong></span> <span class='ocrx_word' id='word_1_108' title='bbox 267 891 320 923; x_wconf 76' lang='lat'>⁴29.</span> <span class='ocrx_word' id='word_1_109' title='bbox 350 891 598 929; x_wconf 82' lang='lat' dir='ltr'>recuperatores</span> <span class='ocrx_word' id='word_1_110' title='bbox 622 886 728 928; x_wconf 63' lang='lat' dir='ltr'>rejice,</span> <span class='ocrx_word' id='word_1_111' title='bbox 746 887 833 926; x_wconf 89' lang='lat' dir='ltr'>quod</span> <span class='ocrx_word' id='word_1_112' title='bbox 850 887 906 917; x_wconf 81' lang='lat' dir='ltr'>ad-</span> 
     </span>
     <span class='ocr_line' id='line_1_22' title="bbox 169 931 904 963; baseline -0.004 0"><span class='ocrx_word' id='word_1_113' title='bbox 169 942 281 963; x_wconf 74' lang='lat' dir='ltr'>versus</span> <span class='ocrx_word' id='word_1_114' title='bbox 293 932 441 962; x_wconf 85' lang='lat' dir='ltr'>edictum</span> <span class='ocrx_word' id='word_1_115' title='bbox 453 932 582 962; x_wconf 83' lang='lat' dir='ltr'>feceris.</span> <span class='ocrx_word' id='word_1_116' title='bbox 605 931 662 961; x_wconf 87' lang='lat' dir='ltr'>ubi</span> <span class='ocrx_word' id='word_1_117' title='bbox 678 931 801 961; x_wconf 78' lang='lat' dir='ltr'>frustra</span> <span class='ocrx_word' id='word_1_118' title='bbox 813 931 904 961; x_wconf 80' lang='lat' dir='ltr'>Grae-</span> 
     </span>
     <span class='ocr_line' id='line_1_23' title="bbox 170 975 905 1016; baseline -0.003 -10"><span class='ocrx_word' id='word_1_119' title='bbox 170 977 241 1007; x_wconf 83' lang='lat' dir='ltr'>vius</span> <span class='ocrx_word' id='word_1_120' title='bbox 257 977 463 1016; x_wconf 82' lang='lat' dir='ltr'>suspicatur:</span> <span class='ocrx_word' id='word_1_121' title='bbox 489 976 608 1014; x_wconf 85' lang='lat' dir='ltr'>recipe.</span> <span class='ocrx_word' id='word_1_122' title='bbox 639 975 716 1013; x_wconf 80' lang='lat' dir='ltr'>Non</span> <span class='ocrx_word' id='word_1_123' title='bbox 733 975 837 1014; x_wconf 84' lang='lat' dir='ltr'>magis</span> <span class='ocrx_word' id='word_1_124' title='bbox 856 985 905 1004; x_wconf 83' lang='lat' dir='ltr'>re-</span> 
     </span>
     <span class='ocr_line' id='line_1_24' title="bbox 169 1018 905 1057; baseline -0.003 -7"><span class='ocrx_word' id='word_1_125' title='bbox 169 1027 222 1050; x_wconf 88' lang='lat' dir='ltr'>cte</span> <span class='ocrx_word' id='word_1_126' title='bbox 247 1019 408 1049; x_wconf 86' lang='lat' dir='ltr'>sollicitat</span> <span class='ocrx_word' id='word_1_127' title='bbox 432 1019 542 1049; x_wconf 88' lang='lat' dir='ltr'>locum</span> <span class='ocrx_word' id='word_1_128' title='bbox 566 1018 659 1048; x_wconf 80' lang='lat' dir='ltr'>Verr.</span> <span class='ocrx_word' id='word_1_129' title='bbox 679 1019 724 1048; x_wconf 86' lang='lat' dir='ltr'>iii.</span> <span class='ocrx_word' id='word_1_130' title='bbox 745 1021 792 1048; x_wconf 94' lang='lat' dir='ltr'>ll.</span> <span class='ocrx_word' id='word_1_131' title='bbox 824 1018 905 1057; x_wconf 84' lang='lat' dir='ltr'>quid</span> 
     </span>
     <span class='ocr_line' id='line_1_25' title="bbox 167 1060 903 1103; baseline -0.001 -10"><span class='ocrx_word' id='word_1_132' title='bbox 167 1064 311 1103; x_wconf 62' lang='lat' dir='ltr'>praetor?</span> <span class='ocrx_word' id='word_1_133' title='bbox 345 1063 445 1102; x_wconf 85' lang='lat' dir='ltr'>jubet</span> <span class='ocrx_word' id='word_1_134' title='bbox 483 1068 731 1102; x_wconf 80' lang='lat' dir='ltr'>recuperatores</span> <span class='ocrx_word' id='word_1_135' title='bbox 761 1060 903 1103; x_wconf 72' lang='lat' dir='ltr'>rejicere.</span> 
     </span>
     <span class='ocr_line' id='line_1_26' title="bbox 166 1105 903 1145; baseline -0.001 -8"><span class='ocrx_word' id='word_1_136' title='bbox 166 1107 329 1138; x_wconf 89' lang='lat' dir='ltr'>Decurias</span> <span class='ocrx_word' id='word_1_137' title='bbox 353 1107 547 1143; x_wconf 83' lang='lat' dir='ltr'>scribamus,</span> <span class='ocrx_word' id='word_1_138' title='bbox 564 1115 644 1145; x_wconf 82' lang='lat' dir='ltr'>quas</span> <span class='ocrx_word' id='word_1_139' title='bbox 663 1105 836 1136; x_wconf 85' lang='lat' dir='ltr'>decurias?</span> <span class='ocrx_word' id='word_1_140' title='bbox 864 1106 903 1136; x_wconf 87' lang='lat' dir='ltr'>de</span> 
     </span>
     <span class='ocr_line' id='line_1_27' title="bbox 167 1148 828 1192; baseline -0.002 -12"><span class='ocrx_word' id='word_1_141' title='bbox 167 1151 304 1180; x_wconf 80' lang='lat' dir='ltr'>cohorte</span> <span class='ocrx_word' id='word_1_142' title='bbox 322 1161 396 1180; x_wconf 84' lang='lat' dir='ltr'>mea</span> <span class='ocrx_word' id='word_1_143' title='bbox 411 1148 546 1192; x_wconf 78' lang='lat' dir='ltr'>rijicies,</span> <span class='ocrx_word' id='word_1_144' title='bbox 563 1149 684 1188; x_wconf 88' lang='lat' dir='ltr'>inquit.</span> <span class='ocrx_word' id='word_1_145' title='bbox 709 1160 739 1179; x_wconf 83' lang='lat' dir='ltr'>v.</span> <span class='ocrx_word' id='word_1_146' title='bbox 758 1154 828 1179; x_wconf 89' lang='lat' dir='ltr'>not.</span> 
     </span>
    </p>

    <p class='ocr_par' dir='ltr' id='par_1_6' title="bbox 167 1193 906 1400">
     <span class='ocr_line' id='line_1_28' title="bbox 212 1193 904 1230; baseline -0.003 -5"><span class='ocrx_word' id='word_1_147' title='bbox 212 1193 351 1225; x_wconf 79' lang='lat' dir='ltr'>Relatio.</span> <span class='ocrx_word' id='word_1_148' title='bbox 381 1194 452 1224; x_wconf 79' lang='lat' dir='ltr'>Inv.</span> <span class='ocrx_word' id='word_1_149' title='bbox 476 1194 497 1223; x_wconf 89' lang='lat' dir='ltr'>i.</span> <span class='ocrx_word' id='word_1_150' title='bbox 526 1196 574 1223; x_wconf 91' lang='lat'>11.</span> <span class='ocrx_word' id='word_1_151' title='bbox 605 1195 719 1223; x_wconf 75' lang='lat' dir='ltr'>relatio</span> <span class='ocrx_word' id='word_1_152' title='bbox 742 1193 904 1230; x_wconf 86' lang='lat' dir='ltr'>criminis,</span> 
     </span>
     <span class='ocr_line' id='line_1_29' title="bbox 167 1238 906 1277; baseline -0.001 -9"><span class='ocrx_word' id='word_1_153' title='bbox 167 1242 231 1275; x_wconf 88' lang='lat' dir='ltr'>est,</span> <span class='ocrx_word' id='word_1_154' title='bbox 256 1248 331 1268; x_wconf 86' lang='lat' dir='ltr'>cum</span> <span class='ocrx_word' id='word_1_155' title='bbox 360 1248 435 1268; x_wconf 89' lang='lat' dir='ltr'>reus</span> <span class='ocrx_word' id='word_1_156' title='bbox 459 1238 494 1267; x_wconf 92' lang='lat' dir='ltr'>in</span> <span class='ocrx_word' id='word_1_157' title='bbox 516 1242 744 1267; x_wconf 81' lang='lat' dir='ltr'>accusatorem</span> <span class='ocrx_word' id='word_1_158' title='bbox 769 1238 906 1277; x_wconf 84' lang='lat' dir='ltr'>conjicit</span> 
     </span>
     <span class='ocr_line' id='line_1_30' title="bbox 168 1280 902 1321; baseline -0.001 -9"><span class='ocrx_word' id='word_1_159' title='bbox 168 1282 306 1319; x_wconf 83' lang='lat' dir='ltr'>crimen,</span> <span class='ocrx_word' id='word_1_160' title='bbox 324 1282 390 1312; x_wconf 87' lang='lat' dir='ltr'>sive</span> <span class='ocrx_word' id='word_1_161' title='bbox 407 1281 490 1311; x_wconf 91' lang='lat' dir='ltr'>illud</span> <span class='ocrx_word' id='word_1_162' title='bbox 505 1282 628 1321; x_wconf 81' lang='lat' dir='ltr'>ipsum,</span> <span class='ocrx_word' id='word_1_163' title='bbox 641 1281 707 1310; x_wconf 85' lang='lat' dir='ltr'>sive</span> <span class='ocrx_word' id='word_1_164' title='bbox 719 1280 820 1310; x_wconf 87' lang='lat' dir='ltr'>aliud.</span> <span class='ocrx_word' id='word_1_165' title='bbox 839 1281 902 1311; x_wconf 91' lang='lat' dir='ltr'>Pis.</span> 
     </span>
     <span class='ocr_line' id='line_1_31' title="bbox 171 1324 905 1356; baseline -0.003 0"><span class='ocrx_word' id='word_1_166' title='bbox 171 1328 222 1356; x_wconf 84' lang='lat'>13.</span> <span class='ocrx_word' id='word_1_167' title='bbox 253 1325 406 1356; x_wconf 81' lang='lat' dir='ltr'>Consulis</span> <span class='ocrx_word' id='word_1_168' title='bbox 422 1326 555 1355; x_wconf 79' lang='lat' dir='ltr'>relatio:</span> <span class='ocrx_word' id='word_1_169' title='bbox 588 1324 649 1354; x_wconf 88' lang='lat' dir='ltr'>int.</span> <span class='ocrx_word' id='word_1_170' title='bbox 673 1325 715 1355; x_wconf 85' lang='lat' dir='ltr'>ad</span> <span class='ocrx_word' id='word_1_171' title='bbox 738 1330 905 1355; x_wconf 85' lang='lat' dir='ltr'>senatum.</span> 
     </span>
     <span class='ocr_line' id='line_1_32' title="bbox 167 1369 491 1400; baseline -0.003 -1"><span class='ocrx_word' id='word_1_172' title='bbox 167 1369 209 1400; x_wconf 82' lang='lat' dir='ltr'>cs.</span> <span class='ocrx_word' id='word_1_173' title='bbox 227 1369 268 1399; x_wconf 90' lang='lat' dir='ltr'>ad</span> <span class='ocrx_word' id='word_1_174' title='bbox 281 1369 358 1399; x_wconf 80' lang='lat' dir='ltr'>Div.</span> <span class='ocrx_word' id='word_1_175' title='bbox 374 1369 443 1399; x_wconf 81' lang='lat' dir='ltr'>viii.</span> <span class='ocrx_word' id='word_1_176' title='bbox 465 1372 491 1398; x_wconf 92' lang='lat'>1.</span> 
     </span>
    </p>

    <p class='ocr_par' dir='ltr' id='par_1_7' title="bbox 166 1411 905 1488">
     <span class='ocr_line' id='line_1_33' title="bbox 212 1411 905 1452; baseline -0.001 -9"><span class='ocrx_word' id='word_1_177' title='bbox 212 1412 356 1444; x_wconf 76' lang='lat' dir='ltr'>Relator.</span> <span class='ocrx_word' id='word_1_178' title='bbox 386 1413 442 1452; x_wconf 87' lang='lat' dir='ltr'>qui</span> <span class='ocrx_word' id='word_1_179' title='bbox 459 1412 500 1443; x_wconf 90' lang='lat' dir='ltr'>ad</span> <span class='ocrx_word' id='word_1_180' title='bbox 515 1416 670 1442; x_wconf 88' lang='lat' dir='ltr'>senatum</span> <span class='ocrx_word' id='word_1_181' title='bbox 690 1411 803 1442; x_wconf 84' lang='lat' dir='ltr'>refert.</span> <span class='ocrx_word' id='word_1_182' title='bbox 835 1412 905 1443; x_wconf 87' lang='lat' dir='ltr'>Att.</span> 
     </span>
     <span class='ocr_line' id='line_1_34' title="bbox 166 1457 300 1488; baseline 0.015 -2"><span class='ocrx_word' id='word_1_183' title='bbox 166 1457 234 1487; x_wconf 85' lang='lat' dir='ltr'>viii.</span> <span class='ocrx_word' id='word_1_184' title='bbox 253 1460 300 1488; x_wconf 90' lang='lat'>15.</span> 
     </span>
    </p>

    <p class='ocr_par' dir='ltr' id='par_1_8' title="bbox 211 1500 665 1540">
     <span class='ocr_line' id='line_1_35' title="bbox 211 1500 665 1540; baseline -0.004 -8"><span class='ocrx_word' id='word_1_185' title='bbox 211 1500 347 1532; x_wconf 59' lang='lat' dir='ltr'>Relictis,</span> <span class='ocrx_word' id='word_1_186' title='bbox 360 1500 442 1540; x_wconf 87' lang='lat' dir='ltr'>reip.</span> <span class='ocrx_word' id='word_1_187' title='bbox 464 1500 535 1531; x_wconf 90' lang='lat' dir='ltr'>Att.</span> <span class='ocrx_word' id='word_1_188' title='bbox 552 1501 616 1531; x_wconf 85' lang='lat' dir='ltr'>xvi.</span> <span class='ocrx_word' id='word_1_189' title='bbox 634 1504 665 1534; x_wconf 83' lang='grc'>7.</span> 
     </span>
    </p>

    <p class='ocr_par' dir='ltr' id='par_1_9' title="bbox 164 1542 907 2942">
     <span class='ocr_line' id='line_1_36' title="bbox 213 1542 903 1584; baseline -0.003 -9"><span class='ocrx_word' id='word_1_190' title='bbox 213 1544 350 1584; x_wconf 73' lang='lat' dir='ltr'>Heligio.</span> <span class='ocrx_word' id='word_1_191' title='bbox 380 1543 532 1575; x_wconf 85' lang='lat' dir='ltr'>definitio</span> <span class='ocrx_word' id='word_1_192' title='bbox 556 1543 725 1583; x_wconf 82' lang='lat' dir='ltr'>religionis</span> <span class='ocrx_word' id='word_1_193' title='bbox 749 1542 903 1574; x_wconf 80' lang='lat' dir='ltr'>adversus</span> 
     </span>
     <span class='ocr_line' id='line_1_37' title="bbox 167 1587 904 1627; baseline -0.003 -8"><span class='ocrx_word' id='word_1_194' title='bbox 167 1588 280 1619; x_wconf 89' lang='lat' dir='ltr'>Deum</span> <span class='ocrx_word' id='word_1_195' title='bbox 296 1593 348 1618; x_wconf 89' lang='lat' dir='ltr'>est</span> <span class='ocrx_word' id='word_1_196' title='bbox 362 1587 434 1618; x_wconf 82' lang='lat' dir='ltr'>Inv.</span> <span class='ocrx_word' id='word_1_197' title='bbox 450 1588 484 1618; x_wconf 89' lang='lat' dir='ltr'>ii.</span> <span class='ocrx_word' id='word_1_198' title='bbox 502 1590 532 1618; x_wconf 73' lang='lat'>2.</span> <span class='ocrx_word' id='word_1_199' title='bbox 557 1598 661 1625; x_wconf 72' lang='lat' dir='ltr'>sacra,</span> <span class='ocrx_word' id='word_1_200' title='bbox 676 1597 779 1627; x_wconf 82' lang='lat' dir='ltr'>genus</span> <span class='ocrx_word' id='word_1_201' title='bbox 794 1598 904 1618; x_wconf 86' lang='lat' dir='ltr'>sacro-</span> 
     </span>
     <span class='ocr_line' id='line_1_38' title="bbox 167 1632 903 1672; baseline -0.001 -10"><span class='ocrx_word' id='word_1_202' title='bbox 167 1642 254 1663; x_wconf 87' lang='lat' dir='ltr'>rum.</span> <span class='ocrx_word' id='word_1_203' title='bbox 296 1632 397 1663; x_wconf 89' lang='lat' dir='ltr'>Dom.</span> <span class='ocrx_word' id='word_1_204' title='bbox 429 1633 482 1662; x_wconf 83' lang='lat'>41.</span> <span class='ocrx_word' id='word_1_205' title='bbox 520 1633 686 1671; x_wconf 70' lang='lat' dir='ltr'>relig-iones</span> <span class='ocrx_word' id='word_1_206' title='bbox 723 1632 903 1672; x_wconf 80' lang='lat' dir='ltr'>suscipere,</span> 
     </span>
     <span class='ocr_line' id='line_1_39' title="bbox 165 1675 903 1713; baseline 0 -8"><span class='ocrx_word' id='word_1_207' title='bbox 165 1682 219 1706; x_wconf 84' lang='lat' dir='ltr'>est</span> <span class='ocrx_word' id='word_1_208' title='bbox 241 1686 336 1706; x_wconf 86' lang='lat' dir='ltr'>sacra</span> <span class='ocrx_word' id='word_1_209' title='bbox 357 1685 442 1705; x_wconf 86' lang='lat' dir='ltr'>nova</span> <span class='ocrx_word' id='word_1_210' title='bbox 464 1676 654 1713; x_wconf 75' lang='lat' dir='ltr'>instituere,</span> <span class='ocrx_word' id='word_1_211' title='bbox 677 1675 744 1705; x_wconf 83' lang='lat' dir='ltr'>sive</span> <span class='ocrx_word' id='word_1_212' title='bbox 770 1685 903 1705; x_wconf 84' lang='lat' dir='ltr'>sacrum</span> 
     </span>
     <span class='ocr_line' id='line_1_40' title="bbox 167 1718 903 1758; baseline 0 -9"><span class='ocrx_word' id='word_1_213' title='bbox 167 1719 292 1758; x_wconf 87' lang='lat' dir='ltr'>aliquid</span> <span class='ocrx_word' id='word_1_214' title='bbox 306 1720 446 1749; x_wconf 83' lang='lat' dir='ltr'>efficere.</span> <span class='ocrx_word' id='word_1_215' title='bbox 478 1719 521 1749; x_wconf 89' lang='lat' dir='ltr'>ib.</span> <span class='ocrx_word' id='word_1_216' title='bbox 538 1722 591 1753; x_wconf 76' lang='lat'>47.</span> <span class='ocrx_word' id='word_1_217' title='bbox 623 1719 700 1749; x_wconf 89' lang='lat' dir='ltr'>dare</span> <span class='ocrx_word' id='word_1_218' title='bbox 725 1718 802 1749; x_wconf 88' lang='lat' dir='ltr'>huic</span> <span class='ocrx_word' id='word_1_219' title='bbox 825 1721 903 1750; x_wconf 83' lang='lat' dir='ltr'>reli-</span> 
     </span>
     <span class='ocr_line' id='line_1_41' title="bbox 164 1763 904 1804; baseline -0.003 -10"><span class='ocrx_word' id='word_1_220' title='bbox 164 1764 254 1802; x_wconf 72' lang='lat' dir='ltr'>giemi</span> <span class='ocrx_word' id='word_1_221' title='bbox 283 1764 342 1804; x_wconf 87' lang='lat' dir='ltr'>(sc.</span> <span class='ocrx_word' id='word_1_222' title='bbox 369 1763 448 1793; x_wconf 90' lang='lat' dir='ltr'>huic</span> <span class='ocrx_word' id='word_1_223' title='bbox 478 1763 576 1793; x_wconf 89' lang='lat' dir='ltr'>modo</span> <span class='ocrx_word' id='word_1_224' title='bbox 601 1763 836 1793; x_wconf 86' lang='lat' dir='ltr'>sacrandarum</span> <span class='ocrx_word' id='word_1_225' title='bbox 860 1773 904 1793; x_wconf 83' lang='lat' dir='ltr'>ae-</span> 
     </span>
     <span class='ocr_line' id='line_1_42' title="bbox 166 1806 903 1847; baseline -0.001 -10"><span class='ocrx_word' id='word_1_226' title='bbox 166 1807 260 1837; x_wconf 85' lang='lat' dir='ltr'>dium</span> <span class='ocrx_word' id='word_1_227' title='bbox 275 1807 494 1847; x_wconf 82' lang='lat' dir='ltr'>privatarum)</span> <span class='ocrx_word' id='word_1_228' title='bbox 514 1807 654 1837; x_wconf 86' lang='lat' dir='ltr'>aditum.</span> <span class='ocrx_word' id='word_1_229' title='bbox 678 1807 720 1837; x_wconf 84' lang='lat' dir='ltr'>cf.</span> <span class='ocrx_word' id='word_1_230' title='bbox 740 1806 823 1837; x_wconf 82' lang='lat' dir='ltr'>Phil.</span> <span class='ocrx_word' id='word_1_231' title='bbox 839 1807 859 1836; x_wconf 92' lang='lat' dir='ltr'>i.</span> <span class='ocrx_word' id='word_1_232' title='bbox 872 1807 903 1837; x_wconf 89' lang='grc'>6.</span> 
     </span>
     <span class='ocr_line' id='line_1_43' title="bbox 164 1850 906 1885; baseline 0 -4"><span class='ocrx_word' id='word_1_233' title='bbox 164 1850 355 1881; x_wconf 68' lang='lat' dir='ltr'>*sanctitas</span> <span class='ocrx_word' id='word_1_234' title='bbox 378 1850 453 1880; x_wconf 88' lang='lat' dir='ltr'>loci.</span> <span class='ocrx_word' id='word_1_235' title='bbox 482 1851 582 1881; x_wconf 90' lang='lat' dir='ltr'>Dom.</span> <span class='ocrx_word' id='word_1_236' title='bbox 601 1854 653 1885; x_wconf 87' lang='lat'>39.</span> <span class='ocrx_word' id='word_1_237' title='bbox 684 1850 806 1880; x_wconf 84' lang='lat' dir='ltr'>inferre</span> <span class='ocrx_word' id='word_1_238' title='bbox 829 1852 906 1881; x_wconf 81' lang='lat' dir='ltr'>reli·</span> 
     </span>
     <span class='ocr_line' id='line_1_44' title="bbox 164 1894 903 1934; baseline 0 -9"><span class='ocrx_word' id='word_1_239' title='bbox 164 1895 464 1934; x_wconf 74' lang='lat' dir='ltr'>gionem—eripere</span> <span class='ocrx_word' id='word_1_240' title='bbox 480 1896 682 1933; x_wconf 77' lang='lat' dir='ltr'>religionem.</span> <span class='ocrx_word' id='word_1_241' title='bbox 712 1894 732 1912; x_wconf 59' lang='lat'>²*</span> <span class='ocrx_word' id='word_1_242' title='bbox 744 1904 794 1924; x_wconf 87' lang='lat' dir='ltr'>res</span> <span class='ocrx_word' id='word_1_243' title='bbox 814 1905 903 1933; x_wconf 84' lang='lat' dir='ltr'>quae-</span> 
     </span>
     <span class='ocr_line' id='line_1_45' title="bbox 167 1938 903 1978; baseline 0.001 -10"><span class='ocrx_word' id='word_1_244' title='bbox 167 1948 312 1978; x_wconf 88' lang='lat' dir='ltr'>cunque,</span> <span class='ocrx_word' id='word_1_245' title='bbox 345 1948 418 1977; x_wconf 85' lang='lat' dir='ltr'>quae</span> <span class='ocrx_word' id='word_1_246' title='bbox 457 1938 499 1968; x_wconf 86' lang='lat' dir='ltr'>ad</span> <span class='ocrx_word' id='word_1_247' title='bbox 527 1939 715 1977; x_wconf 76' lang='lat' dir='ltr'>religionem</span> <span class='ocrx_word' id='word_1_248' title='bbox 746 1940 903 1978; x_wconf 74' lang='lat' dir='ltr'>pertinet.</span> 
     </span>
     <span class='ocr_line' id='line_1_46' title="bbox 167 1981 903 2021; baseline 0 -9"><span class='ocrx_word' id='word_1_249' title='bbox 167 1983 214 2012; x_wconf 87' lang='lat' dir='ltr'>sic</span> <span class='ocrx_word' id='word_1_250' title='bbox 233 1982 325 2012; x_wconf 77' lang='lat' dir='ltr'>Verr.</span> <span class='ocrx_word' id='word_1_251' title='bbox 342 1982 376 2012; x_wconf 89' lang='lat' dir='ltr'>ii.</span> <span class='ocrx_word' id='word_1_252' title='bbox 393 1985 444 2012; x_wconf 90' lang='lat'>51.</span> <span class='ocrx_word' id='word_1_253' title='bbox 477 1981 528 2011; x_wconf 85' lang='lat' dir='ltr'>lex</span> <span class='ocrx_word' id='word_1_254' title='bbox 552 1982 591 2011; x_wconf 83' lang='lat' dir='ltr'>de</span> <span class='ocrx_word' id='word_1_255' title='bbox 616 1984 780 2021; x_wconf 74' lang='lat' dir='ltr'>religione,</span> <span class='ocrx_word' id='word_1_256' title='bbox 796 1989 848 2012; x_wconf 89' lang='lat' dir='ltr'>est</span> <span class='ocrx_word' id='word_1_257' title='bbox 864 1982 903 2012; x_wconf 90' lang='lat' dir='ltr'>de</span> 
     </span>
     <span class='ocr_line' id='line_1_47' title="bbox 167 2026 904 2064; baseline -0.001 -8"><span class='ocrx_word' id='word_1_258' title='bbox 167 2026 363 2056; x_wconf 86' lang='lat' dir='ltr'>sacerdotio.</span> <span class='ocrx_word' id='word_1_259' title='bbox 394 2026 475 2055; x_wconf 85' lang='lat' dir='ltr'>item</span> <span class='ocrx_word' id='word_1_260' title='bbox 498 2027 668 2064; x_wconf 69' lang='lat' dir='ltr'>religiones</span> <span class='ocrx_word' id='word_1_261' title='bbox 690 2026 849 2056; x_wconf 87' lang='lat' dir='ltr'>dicuntur</span> <span class='ocrx_word' id='word_1_262' title='bbox 865 2026 904 2056; x_wconf 90' lang='lat' dir='ltr'>de</span> 
     </span>
     <span class='ocr_line' id='line_1_48' title="bbox 168 2069 906 2110; baseline 0 -11"><span class='ocrx_word' id='word_1_263' title='bbox 168 2070 336 2110; x_wconf 83' lang='lat' dir='ltr'>auspiciis,</span> <span class='ocrx_word' id='word_1_264' title='bbox 357 2069 514 2109; x_wconf 85' lang='lat' dir='ltr'>prodigiis</span> <span class='ocrx_word' id='word_1_265' title='bbox 538 2070 597 2099; x_wconf 71' lang='grc' dir='ltr'><strong>ἃς.</strong></span> <span class='ocrx_word' id='word_1_266' title='bbox 627 2079 700 2108; x_wconf 84' lang='lat' dir='ltr'>quae</span> <span class='ocrx_word' id='word_1_267' title='bbox 724 2070 906 2100; x_wconf 82' lang='lat' dir='ltr'>dubitatio-</span> 
     </span>
     <span class='ocr_line' id='line_1_49' title="bbox 167 2113 905 2153; baseline 0 -10"><span class='ocrx_word' id='word_1_268' title='bbox 167 2123 244 2144; x_wconf 87' lang='lat' dir='ltr'>nem</span> <span class='ocrx_word' id='word_1_269' title='bbox 262 2113 380 2152; x_wconf 84' lang='lat' dir='ltr'>agendi</span> <span class='ocrx_word' id='word_1_270' title='bbox 398 2113 554 2151; x_wconf 82' lang='lat' dir='ltr'>afferunt,</span> <span class='ocrx_word' id='word_1_271' title='bbox 567 2118 625 2143; x_wconf 85' lang='lat' dir='ltr'>aut</span> <span class='ocrx_word' id='word_1_272' title='bbox 642 2113 831 2153; x_wconf 85' lang='lat' dir='ltr'>impediunt</span> <span class='ocrx_word' id='word_1_273' title='bbox 845 2113 905 2143; x_wconf 88' lang='lat' dir='ltr'>ali-</span> 
     </span>
     <span class='ocr_line' id='line_1_50' title="bbox 167 2157 904 2196; baseline 0.001 -10"><span class='ocrx_word' id='word_1_274' title='bbox 167 2157 257 2196; x_wconf 87' lang='lat' dir='ltr'>quid.</span> <span class='ocrx_word' id='word_1_275' title='bbox 284 2158 383 2187; x_wconf 89' lang='lat' dir='ltr'>Dom.</span> <span class='ocrx_word' id='word_1_276' title='bbox 402 2160 453 2188; x_wconf 86' lang='lat'>54.</span> <span class='ocrx_word' id='word_1_277' title='bbox 479 2166 556 2186; x_wconf 87' lang='lat' dir='ltr'>cum</span> <span class='ocrx_word' id='word_1_278' title='bbox 573 2157 644 2195; x_wconf 87' lang='lat' dir='ltr'>ejus</span> <span class='ocrx_word' id='word_1_279' title='bbox 660 2157 904 2188; x_wconf 86' lang='lat' dir='ltr'>dedicationem</span> 
     </span>
     <span class='ocr_line' id='line_1_51' title="bbox 166 2200 903 2240; baseline 0.003 -10"><span class='ocrx_word' id='word_1_280' title='bbox 166 2201 253 2231; x_wconf 89' lang='lat' dir='ltr'>fictis</span> <span class='ocrx_word' id='word_1_281' title='bbox 284 2201 490 2239; x_wconf 75' lang='lat' dir='ltr'>religionibus</span> <span class='ocrx_word' id='word_1_282' title='bbox 512 2200 724 2240; x_wconf 80' lang='lat' dir='ltr'>impedirent.</span> <span class='ocrx_word' id='word_1_283' title='bbox 762 2201 804 2231; x_wconf 87' lang='lat' dir='ltr'>ad</span> <span class='ocrx_word' id='word_1_284' title='bbox 826 2202 903 2232; x_wconf 85' lang='lat' dir='ltr'>Div.</span> 
     </span>
     <span class='ocr_line' id='line_1_52' title="bbox 167 2244 906 2283; baseline 0 -9"><span class='ocrx_word' id='word_1_285' title='bbox 167 2255 199 2275; x_wconf 84' lang='lat' dir='ltr'>x.</span> <span class='ocrx_word' id='word_1_286' title='bbox 223 2247 271 2276; x_wconf 72' lang='lat'>12.</span> <span class='ocrx_word' id='word_1_287' title='bbox 289 2244 404 2274; x_wconf 82' lang='lat' dir='ltr'>oblata.</span> <span class='ocrx_word' id='word_1_288' title='bbox 419 2244 568 2274; x_wconf 88' lang='lat' dir='ltr'>Cornuto</span> <span class='ocrx_word' id='word_1_289' title='bbox 583 2246 696 2283; x_wconf 85' lang='lat' dir='ltr'>religio</span> <span class='ocrx_word' id='word_1_290' title='bbox 711 2248 775 2282; x_wconf 89' lang='lat' dir='ltr'>est,</span> <span class='ocrx_word' id='word_1_291' title='bbox 792 2244 906 2275; x_wconf 91' lang='lat' dir='ltr'>admo-</span> 
     </span>
     <span class='ocr_line' id='line_1_53' title="bbox 168 2287 906 2329; baseline 0 -11"><span class='ocrx_word' id='word_1_292' title='bbox 168 2289 243 2319; x_wconf 90' lang='lat' dir='ltr'>nitu</span> <span class='ocrx_word' id='word_1_293' title='bbox 257 2287 485 2328; x_wconf 89' lang='lat' dir='ltr'>pullariorum.</span> <span class='ocrx_word' id='word_1_294' title='bbox 508 2287 550 2317; x_wconf 89' lang='lat' dir='ltr'>cf.</span> <span class='ocrx_word' id='word_1_295' title='bbox 565 2288 680 2327; x_wconf 83' lang='lat' dir='ltr'>Agrar.</span> <span class='ocrx_word' id='word_1_296' title='bbox 694 2289 755 2320; x_wconf 73' lang='lat' dir='ltr'>i.2.</span> <span class='ocrx_word' id='word_1_297' title='bbox 779 2288 906 2329; x_wconf 68' lang='lat' dir='ltr'>*culpa</span> 
     </span>
     <span class='ocr_line' id='line_1_54' title="bbox 167 2331 904 2371; baseline 0.001 -9"><span class='ocrx_word' id='word_1_298' title='bbox 167 2342 241 2371; x_wconf 79' lang='lat' dir='ltr'>quae</span> <span class='ocrx_word' id='word_1_299' title='bbox 259 2331 478 2369; x_wconf 84' lang='lat' dir='ltr'>contrahitur,</span> <span class='ocrx_word' id='word_1_300' title='bbox 493 2332 519 2361; x_wconf 90' lang='lat' dir='ltr'>si</span> <span class='ocrx_word' id='word_1_301' title='bbox 536 2331 711 2371; x_wconf 79' lang='lat' dir='ltr'>religiones</span> <span class='ocrx_word' id='word_1_302' title='bbox 726 2331 904 2363; x_wconf 85' lang='lat' dir='ltr'>violantur.</span> 
     </span>
     <span class='ocr_line' id='line_1_55' title="bbox 166 2375 905 2415; baseline 0.001 -9"><span class='ocrx_word' id='word_1_303' title='bbox 166 2376 247 2406; x_wconf 81' lang='lat' dir='ltr'>Nat.</span> <span class='ocrx_word' id='word_1_304' title='bbox 263 2376 306 2406; x_wconf 94' lang='lat' dir='ltr'>D.</span> <span class='ocrx_word' id='word_1_305' title='bbox 323 2376 357 2406; x_wconf 90' lang='lat' dir='ltr'>ii.</span> <span class='ocrx_word' id='word_1_306' title='bbox 368 2378 400 2406; x_wconf 86' lang='lat'>4.</span> <span class='ocrx_word' id='word_1_307' title='bbox 424 2376 539 2414; x_wconf 77' lang='lat' dir='ltr'>religio</span> <span class='ocrx_word' id='word_1_308' title='bbox 555 2375 659 2406; x_wconf 81' lang='lat' dir='ltr'>haeret</span> <span class='ocrx_word' id='word_1_309' title='bbox 673 2376 708 2405; x_wconf 91' lang='lat' dir='ltr'>in</span> <span class='ocrx_word' id='word_1_310' title='bbox 723 2376 905 2415; x_wconf 81' lang='lat' dir='ltr'>republica.</span> 
     </span>
     <span class='ocr_line' id='line_1_56' title="bbox 168 2419 907 2460; baseline 0 -10"><span class='ocrx_word' id='word_1_311' title='bbox 168 2420 292 2450; x_wconf 82' lang='lat' dir='ltr'>Caecin.</span> <span class='ocrx_word' id='word_1_312' title='bbox 309 2422 361 2450; x_wconf 81' lang='lat'>34.</span> <span class='ocrx_word' id='word_1_313' title='bbox 390 2421 545 2458; x_wconf 79' lang='lat' dir='ltr'>relig-ione</span> <span class='ocrx_word' id='word_1_314' title='bbox 560 2419 652 2450; x_wconf 77' lang='lat' dir='ltr'>solvi.</span> <span class='ocrx_word' id='word_1_315' title='bbox 676 2419 907 2460; x_wconf 64' lang='lat' dir='ltr'>*superstitim</span> 
     </span>
     <span class='ocr_line' id='line_1_57' title="bbox 166 2463 907 2503; baseline -0.001 -9"><span class='ocrx_word' id='word_1_316' title='bbox 166 2463 243 2494; x_wconf 74' lang='lat' dir='ltr'>Div.</span> <span class='ocrx_word' id='word_1_317' title='bbox 261 2464 295 2493; x_wconf 92' lang='lat' dir='ltr'>ii.</span> <span class='ocrx_word' id='word_1_318' title='bbox 309 2466 361 2494; x_wconf 84' lang='lat'>54.</span> <span class='ocrx_word' id='word_1_319' title='bbox 390 2464 558 2501; x_wconf 76' lang='lat' dir='ltr'>religiones</span> <span class='ocrx_word' id='word_1_320' title='bbox 572 2464 749 2503; x_wconf 89' lang='lat' dir='ltr'>suscipere.</span> <span class='ocrx_word' id='word_1_321' title='bbox 767 2464 843 2494; x_wconf 91' lang='lat' dir='ltr'>ibid.</span> <span class='ocrx_word' id='word_1_322' title='bbox 856 2473 907 2493; x_wconf 78' lang='lat' dir='ltr'>re-</span> 
     </span>
     <span class='ocr_line' id='line_1_58' title="bbox 168 2506 906 2546; baseline 0 -9"><span class='ocrx_word' id='word_1_323' title='bbox 168 2508 300 2546; x_wconf 69' lang='lat' dir='ltr'>ligiones</span> <span class='ocrx_word' id='word_1_324' title='bbox 322 2506 499 2546; x_wconf 85' lang='lat' dir='ltr'>deponere.</span> <span class='ocrx_word' id='word_1_325' title='bbox 530 2507 631 2537; x_wconf 86' lang='lat' dir='ltr'>Dom.</span> <span class='ocrx_word' id='word_1_326' title='bbox 649 2510 702 2541; x_wconf 75' lang='lat'>49.</span> <span class='ocrx_word' id='word_1_327' title='bbox 732 2507 831 2537; x_wconf 86' lang='lat' dir='ltr'>homo</span> <span class='ocrx_word' id='word_1_328' title='bbox 855 2518 906 2537; x_wconf 80' lang='lat' dir='ltr'>re—</span> 
     </span>
     <span class='ocr_line' id='line_1_59' title="bbox 168 2549 906 2590; baseline 0.001 -10"><span class='ocrx_word' id='word_1_329' title='bbox 168 2552 338 2589; x_wconf 73' lang='lat' dir='ltr'>ligionibus</span> <span class='ocrx_word' id='word_1_330' title='bbox 361 2549 504 2581; x_wconf 86' lang='lat' dir='ltr'>deditus.</span> <span class='ocrx_word' id='word_1_331' title='bbox 535 2550 724 2590; x_wconf 63' lang='lat' dir='ltr'>*obligatio</span> <span class='ocrx_word' id='word_1_332' title='bbox 747 2560 906 2590; x_wconf 85' lang='lat' dir='ltr'>quaecun-</span> 
     </span>
     <span class='ocr_line' id='line_1_60' title="bbox 168 2594 904 2634; baseline 0.001 -11"><span class='ocrx_word' id='word_1_333' title='bbox 168 2604 232 2633; x_wconf 77' lang='lat' dir='ltr'>que</span> <span class='ocrx_word' id='word_1_334' title='bbox 248 2594 288 2624; x_wconf 85' lang='lat' dir='ltr'>ad</span> <span class='ocrx_word' id='word_1_335' title='bbox 299 2594 423 2633; x_wconf 89' lang='lat' dir='ltr'>aliquid</span> <span class='ocrx_word' id='word_1_336' title='bbox 435 2594 675 2632; x_wconf 83' lang='lat' dir='ltr'>omittendum,</span> <span class='ocrx_word' id='word_1_337' title='bbox 688 2594 782 2633; x_wconf 88' lang='lat' dir='ltr'>cujus</span> <span class='ocrx_word' id='word_1_338' title='bbox 795 2604 904 2634; x_wconf 88' lang='lat' dir='ltr'>respe-</span> 
     </span>
     <span class='ocr_line' id='line_1_61' title="bbox 168 2637 906 2678; baseline -0.001 -10"><span class='ocrx_word' id='word_1_339' title='bbox 168 2642 225 2668; x_wconf 85' lang='lat' dir='ltr'>ctu</span> <span class='ocrx_word' id='word_1_340' title='bbox 241 2638 337 2668; x_wconf 80' lang='lat' dir='ltr'>rebus</span> <span class='ocrx_word' id='word_1_341' title='bbox 354 2637 506 2676; x_wconf 82' lang='lat' dir='ltr'>quaedam</span> <span class='ocrx_word' id='word_1_342' title='bbox 530 2638 689 2668; x_wconf 82' lang='lat' dir='ltr'>sanctitas</span> <span class='ocrx_word' id='word_1_343' title='bbox 713 2638 814 2676; x_wconf 86' lang='lat' dir='ltr'>inest,</span> <span class='ocrx_word' id='word_1_344' title='bbox 831 2648 906 2678; x_wconf 91' lang='lat' dir='ltr'>pro-</span> 
     </span>
     <span class='ocr_line' id='line_1_62' title="bbox 168 2681 903 2722; baseline 0.003 -13"><span class='ocrx_word' id='word_1_345' title='bbox 168 2687 244 2722; x_wconf 83' lang='lat' dir='ltr'>pter</span> <span class='ocrx_word' id='word_1_346' title='bbox 260 2691 358 2720; x_wconf 86' lang='lat' dir='ltr'>quam</span> <span class='ocrx_word' id='word_1_347' title='bbox 375 2691 429 2711; x_wconf 85' lang='lat' dir='ltr'>cas</span> <span class='ocrx_word' id='word_1_348' title='bbox 454 2681 575 2711; x_wconf 82' lang='lat' dir='ltr'>violare</span> <span class='ocrx_word' id='word_1_349' title='bbox 599 2681 691 2711; x_wconf 84' lang='lat' dir='ltr'>nefas</span> <span class='ocrx_word' id='word_1_350' title='bbox 715 2686 783 2712; x_wconf 84' lang='lat' dir='ltr'>est:</span> <span class='ocrx_word' id='word_1_351' title='bbox 815 2681 903 2712; x_wconf 84' lang='lat' dir='ltr'>unde</span> 
     </span>
     <span class='ocr_line' id='line_1_63' title="bbox 168 2725 906 2765; baseline 0.001 -11"><span class='ocrx_word' id='word_1_352' title='bbox 168 2731 204 2755; x_wconf 87' lang='lat' dir='ltr'>et</span> <span class='ocrx_word' id='word_1_353' title='bbox 227 2735 286 2765; x_wconf 90' lang='lat' dir='ltr'>pro</span> <span class='ocrx_word' id='word_1_354' title='bbox 310 2725 530 2762; x_wconf 82' lang='lat' dir='ltr'>dubitatione,</span> <span class='ocrx_word' id='word_1_355' title='bbox 550 2725 786 2764; x_wconf 89' lang='lat' dir='ltr'>scrupulo—in</span> <span class='ocrx_word' id='word_1_356' title='bbox 810 2725 906 2755; x_wconf 88' lang='lat' dir='ltr'>rebus</span> 
     </span>
     <span class='ocr_line' id='line_1_64' title="bbox 168 2767 906 2808; baseline 0.003 -10"><span class='ocrx_word' id='word_1_357' title='bbox 168 2768 317 2808; x_wconf 84' lang='lat' dir='ltr'>agendis.</span> <span class='ocrx_word' id='word_1_358' title='bbox 345 2767 439 2798; x_wconf 89' lang='lat' dir='ltr'>Verr.</span> <span class='ocrx_word' id='word_1_359' title='bbox 456 2769 476 2798; x_wconf 89' lang='lat' dir='ltr'>i.</span> <span class='ocrx_word' id='word_1_360' title='bbox 498 2772 546 2799; x_wconf 81' lang='lat'>15.</span> <span class='ocrx_word' id='word_1_361' title='bbox 575 2769 602 2798; x_wconf 88' lang='lat' dir='ltr'>si</span> <span class='ocrx_word' id='word_1_362' title='bbox 627 2768 754 2798; x_wconf 85' lang='lat' dir='ltr'>nullam</span> <span class='ocrx_word' id='word_1_363' title='bbox 777 2770 906 2808; x_wconf 72' lang='lat' dir='ltr'>religio-</span> 
     </span>
     <span class='ocr_line' id='line_1_65' title="bbox 167 2811 906 2852; baseline 0.001 -10"><span class='ocrx_word' id='word_1_364' title='bbox 167 2823 241 2842; x_wconf 75' lang='lat' dir='ltr'>nem</span> <span class='ocrx_word' id='word_1_365' title='bbox 267 2822 336 2842; x_wconf 88' lang='lat' dir='ltr'>sors</span> <span class='ocrx_word' id='word_1_366' title='bbox 363 2811 475 2842; x_wconf 87' lang='lat' dir='ltr'>habet.</span> <span class='ocrx_word' id='word_1_367' title='bbox 509 2813 543 2843; x_wconf 90' lang='lat' dir='ltr'>in</span> <span class='ocrx_word' id='word_1_368' title='bbox 573 2812 685 2842; x_wconf 80' lang='lat' dir='ltr'>Caecil.</span> <span class='ocrx_word' id='word_1_369' title='bbox 714 2815 762 2843; x_wconf 91' lang='lat' dir='ltr'>l4.</span> <span class='ocrx_word' id='word_1_370' title='bbox 793 2815 906 2852; x_wconf 78' lang='lat' dir='ltr'>religio</span> 
     </span>
     <span class='ocr_line' id='line_1_66' title="bbox 167 2855 905 2895; baseline 0.003 -9"><span class='ocrx_word' id='word_1_371' title='bbox 167 2857 277 2886; x_wconf 82' lang='lat' dir='ltr'>sortis.</span> <span class='ocrx_word' id='word_1_372' title='bbox 306 2855 436 2886; x_wconf 88' lang='lat' dir='ltr'>Verrin.</span> <span class='ocrx_word' id='word_1_373' title='bbox 454 2856 499 2886; x_wconf 86' lang='lat' dir='ltr'>iii.</span> <span class='ocrx_word' id='word_1_374' title='bbox 517 2859 567 2887; x_wconf 77' lang='lat'>58.</span> <span class='ocrx_word' id='word_1_375' title='bbox 596 2857 709 2895; x_wconf 77' lang='lat' dir='ltr'>religio</span> <span class='ocrx_word' id='word_1_376' title='bbox 725 2856 905 2888; x_wconf 83' lang='lat' dir='ltr'>societatis.</span> 
     </span>
     <span class='ocr_line' id='line_1_67' title="bbox 169 2899 907 2942; baseline 0 -9"><span class='ocrx_word' id='word_1_377' title='bbox 169 2899 264 2933; x_wconf 86' lang='lat' dir='ltr'>Rosc.</span> <span class='ocrx_word' id='word_1_378' title='bbox 281 2899 320 2931; x_wconf 82' lang='lat' dir='ltr'>A.</span> <span class='ocrx_word' id='word_1_379' title='bbox 336 2901 389 2932; x_wconf 73' lang='lat'>24.</span> <span class='ocrx_word' id='word_1_380' title='bbox 421 2909 578 2940; x_wconf 83' lang='lat' dir='ltr'>magnam</span> <span class='ocrx_word' id='word_1_381' title='bbox 594 2901 782 2939; x_wconf 77' lang='lat' dir='ltr'>religionem</span> <span class='ocrx_word' id='word_1_382' title='bbox 804 2901 907 2942; x_wconf 82' lang='lat' dir='ltr'>possi-</span> 
     </span>
    </p>
   </div>
   <div class='ocr_carea' id='block_1_6' title="bbox 1605 92 1692 131">
    <p class='ocr_par' dir='ltr' id='par_1_10' title="bbox 1605 92 1692 131">
     <span class='ocr_line' id='line_1_68' title="bbox 1605 92 1692 131; baseline 0.011 -1"><span class='ocrx_word' id='word_1_383' title='bbox 1605 92 1692 131; x_wconf 79' lang='lat'>409</span> 
     </span>
    </p>
   </div>
   <div class='ocr_carea' id='block_1_7' title="bbox 938 188 1693 1496">
    <p class='ocr_par' dir='ltr' id='par_1_11' title="bbox 943 188 1693 1015">
     <span class='ocr_line' id='line_1_69' title="bbox 949 188 1693 229; baseline 0.003 -10"><span class='ocrx_word' id='word_1_384' title='bbox 949 189 1006 219; x_wconf 87' lang='lat' dir='ltr'>det</span> <span class='ocrx_word' id='word_1_385' title='bbox 1026 193 1186 229; x_wconf 84' lang='lat' dir='ltr'>paternus</span> <span class='ocrx_word' id='word_1_386' title='bbox 1209 189 1364 228; x_wconf 81' lang='lat' dir='ltr'>sanguis:</span> <span class='ocrx_word' id='word_1_387' title='bbox 1397 188 1469 220; x_wconf 86' lang='lat' dir='ltr'>Inv.</span> <span class='ocrx_word' id='word_1_388' title='bbox 1494 189 1528 220; x_wconf 90' lang='lat' dir='ltr'>ii.</span> <span class='ocrx_word' id='word_1_389' title='bbox 1550 192 1602 221; x_wconf 88' lang='lat'>30.</span> <span class='ocrx_word' id='word_1_390' title='bbox 1631 190 1693 221; x_wconf 81' lang='lat' dir='ltr'>foe-</span> 
     </span>
     <span class='ocr_line' id='line_1_70' title="bbox 948 232 1692 274; baseline 0.003 -11"><span class='ocrx_word' id='word_1_391' title='bbox 948 232 1008 263; x_wconf 89' lang='lat' dir='ltr'>dus</span> <span class='ocrx_word' id='word_1_392' title='bbox 1025 242 1165 263; x_wconf 85' lang='lat' dir='ltr'>summae</span> <span class='ocrx_word' id='word_1_393' title='bbox 1181 234 1356 271; x_wconf 79' lang='lat' dir='ltr'>relig-ionis.</span> <span class='ocrx_word' id='word_1_394' title='bbox 1388 234 1461 264; x_wconf 86' lang='lat' dir='ltr'>Att.</span> <span class='ocrx_word' id='word_1_395' title='bbox 1478 233 1534 263; x_wconf 86' lang='lat' dir='ltr'>xii.</span> <span class='ocrx_word' id='word_1_396' title='bbox 1551 235 1604 265; x_wconf 88' lang='lat'>36.</span> <span class='ocrx_word' id='word_1_397' title='bbox 1630 244 1692 274; x_wconf 88' lang='lat' dir='ltr'>po-</span> 
     </span>
     <span class='ocr_line' id='line_1_71' title="bbox 947 276 1691 315; baseline 0.003 -9"><span class='ocrx_word' id='word_1_398' title='bbox 947 277 1080 307; x_wconf 85' lang='lat' dir='ltr'>steritas</span> <span class='ocrx_word' id='word_1_399' title='bbox 1105 276 1206 306; x_wconf 88' lang='lat' dir='ltr'>habet</span> <span class='ocrx_word' id='word_1_400' title='bbox 1227 279 1426 315; x_wconf 77' lang='lat' dir='ltr'>religionem.</span> <span class='ocrx_word' id='word_1_401' title='bbox 1463 276 1563 307; x_wconf 84' lang='lat' dir='ltr'>Catil.</span> <span class='ocrx_word' id='word_1_402' title='bbox 1587 278 1634 308; x_wconf 88' lang='lat' dir='ltr'>iii.</span> <span class='ocrx_word' id='word_1_403' title='bbox 1657 278 1691 308; x_wconf 88' lang='grc'>6.</span> 
     </span>
     <span class='ocr_line' id='line_1_72' title="bbox 947 320 1691 359; baseline 0.004 -10"><span class='ocrx_word' id='word_1_404' title='bbox 947 325 999 357; x_wconf 86' lang='lat' dir='ltr'>ut,</span> <span class='ocrx_word' id='word_1_405' title='bbox 1016 330 1089 359; x_wconf 69' lang='lat' dir='ltr'>quie</span> <span class='ocrx_word' id='word_1_406' title='bbox 1106 321 1221 358; x_wconf 68' lang='lat' dir='ltr'>religio</span> <span class='ocrx_word' id='word_1_407' title='bbox 1237 321 1274 350; x_wconf 90' lang='lat' dir='ltr'>C.</span> <span class='ocrx_word' id='word_1_408' title='bbox 1292 321 1401 351; x_wconf 84' lang='lat' dir='ltr'>Mario</span> <span class='ocrx_word' id='word_1_409' title='bbox 1425 330 1492 350; x_wconf 88' lang='lat' dir='ltr'>non</span> <span class='ocrx_word' id='word_1_410' title='bbox 1512 320 1634 358; x_wconf 82' lang='lat' dir='ltr'>fuerat,</span> <span class='ocrx_word' id='word_1_411' title='bbox 1651 331 1691 352; x_wconf 74' lang='lat' dir='ltr'>ea.</span> 
     </span>
     <span class='ocr_line' id='line_1_73' title="bbox 949 363 1692 405; baseline 0.004 -13"><span class='ocrx_word' id='word_1_412' title='bbox 949 373 1007 393; x_wconf 87' lang='lat' dir='ltr'>nos</span> <span class='ocrx_word' id='word_1_413' title='bbox 1024 365 1178 402; x_wconf 69' lang='lat' dir='ltr'>religione</span> <span class='ocrx_word' id='word_1_414' title='bbox 1199 364 1233 393; x_wconf 89' lang='lat' dir='ltr'>in</span> <span class='ocrx_word' id='word_1_415' title='bbox 1257 365 1384 403; x_wconf 75' lang='lat' dir='ltr'>privato</span> <span class='ocrx_word' id='word_1_416' title='bbox 1409 364 1443 392; x_wconf 92' lang='lat' dir='ltr'>P.</span> <span class='ocrx_word' id='word_1_417' title='bbox 1462 363 1605 394; x_wconf 83' lang='lat' dir='ltr'>Lentulo</span> <span class='ocrx_word' id='word_1_418' title='bbox 1629 375 1692 405; x_wconf 78' lang='lat' dir='ltr'>pu·</span> 
     </span>
     <span class='ocr_line' id='line_1_74' title="bbox 950 407 1690 439; baseline 0.004 -3"><span class='ocrx_word' id='word_1_419' title='bbox 950 407 1072 437; x_wconf 86' lang='lat' dir='ltr'>niendo</span> <span class='ocrx_word' id='word_1_420' title='bbox 1089 407 1316 437; x_wconf 80' lang='lat' dir='ltr'>liberaremur.</span> <span class='ocrx_word' id='word_1_421' title='bbox 1345 408 1385 437; x_wconf 81' lang='lat' dir='ltr'>cf.</span> <span class='ocrx_word' id='word_1_422' title='bbox 1404 416 1435 436; x_wconf 92' lang='lat' dir='ltr'>n.</span> <span class='ocrx_word' id='word_1_423' title='bbox 1453 409 1482 437; x_wconf 89' lang='grc'>3.</span> <span class='ocrx_word' id='word_1_424' title='bbox 1500 407 1577 437; x_wconf 85' lang='lat' dir='ltr'>Nat.</span> <span class='ocrx_word' id='word_1_425' title='bbox 1594 409 1636 439; x_wconf 93' lang='lat' dir='ltr'>D.</span> <span class='ocrx_word' id='word_1_426' title='bbox 1654 409 1690 439; x_wconf 89' lang='lat' dir='ltr'>ii.</span> 
     </span>
     <span class='ocr_line' id='line_1_75' title="bbox 947 451 1689 492; baseline 0.004 -12"><span class='ocrx_word' id='word_1_427' title='bbox 947 453 978 480; x_wconf 85' lang='lat'>4.</span> <span class='ocrx_word' id='word_1_428' title='bbox 1010 461 1079 480; x_wconf 83' lang='lat' dir='ltr'>rem</span> <span class='ocrx_word' id='word_1_429' title='bbox 1108 451 1141 481; x_wconf 89' lang='lat' dir='ltr'>in</span> <span class='ocrx_word' id='word_1_430' title='bbox 1168 452 1357 489; x_wconf 72' lang='lat' dir='ltr'>religionem</span> <span class='ocrx_word' id='word_1_431' title='bbox 1387 451 1515 480; x_wconf 76' lang='lat' dir='ltr'>venisse</span> <span class='ocrx_word' id='word_1_432' title='bbox 1546 451 1689 492; x_wconf 86' lang='lat' dir='ltr'>populo:</span> 
     </span>
     <span class='ocr_line' id='line_1_76' title="bbox 948 493 1688 526; baseline 0.003 -2"><span class='ocrx_word' id='word_1_433' title='bbox 948 493 1005 524; x_wconf 83' lang='lat' dir='ltr'>das</span> <span class='ocrx_word' id='word_1_434' title='bbox 1022 494 1129 524; x_wconf 85' lang='lat' dir='ltr'>Volck</span> <span class='ocrx_word' id='word_1_435' title='bbox 1144 494 1227 524; x_wconf 88' lang='lat' dir='ltr'>habe</span> <span class='ocrx_word' id='word_1_436' title='bbox 1244 495 1315 524; x_wconf 82' lang='lat' dir='ltr'>sich</span> <span class='ocrx_word' id='word_1_437' title='bbox 1331 495 1385 523; x_wconf 88' lang='lat' dir='ltr'>ein</span> <span class='ocrx_word' id='word_1_438' title='bbox 1406 494 1574 524; x_wconf 85' lang='lat' dir='ltr'>Gewissen</span> <span class='ocrx_word' id='word_1_439' title='bbox 1589 495 1688 526; x_wconf 77' lang='lat' dir='ltr'>darii-</span> 
     </span>
     <span class='ocr_line' id='line_1_77' title="bbox 949 537 1688 577; baseline 0.004 -10"><span class='ocrx_word' id='word_1_440' title='bbox 949 537 1005 567; x_wconf 89' lang='lat' dir='ltr'>ber</span> <span class='ocrx_word' id='word_1_441' title='bbox 1031 537 1199 577; x_wconf 79' lang='lat' dir='ltr'>gemacht.</span> <span class='ocrx_word' id='word_1_442' title='bbox 1230 548 1258 568; x_wconf 89' lang='lat' dir='ltr'>v.</span> <span class='ocrx_word' id='word_1_443' title='bbox 1283 539 1385 568; x_wconf 88' lang='lat' dir='ltr'>Gron.</span> <span class='ocrx_word' id='word_1_444' title='bbox 1413 537 1455 567; x_wconf 85' lang='lat' dir='ltr'>ad</span> <span class='ocrx_word' id='word_1_445' title='bbox 1480 537 1552 568; x_wconf 82' lang='lat' dir='ltr'>Liv.</span> <span class='ocrx_word' id='word_1_446' title='bbox 1577 549 1608 569; x_wconf 82' lang='lat' dir='ltr'>x.</span> <span class='ocrx_word' id='word_1_447' title='bbox 1634 542 1688 573; x_wconf 81' lang='lat'>37.</span> 
     </span>
     <span class='ocr_line' id='line_1_78' title="bbox 947 581 1688 622; baseline 0.004 -12"><span class='ocrx_word' id='word_1_448' title='bbox 947 586 1032 612; x_wconf 76' lang='lat' dir='ltr'>extr.</span> <span class='ocrx_word' id='word_1_449' title='bbox 1058 586 1219 611; x_wconf 67' lang='lat' dir='ltr'>*summa</span> <span class='ocrx_word' id='word_1_450' title='bbox 1236 582 1269 612; x_wconf 93' lang='lat' dir='ltr'>in</span> <span class='ocrx_word' id='word_1_451' title='bbox 1287 591 1484 621; x_wconf 77' lang='lat' dir='ltr'>quacunque</span> <span class='ocrx_word' id='word_1_452' title='bbox 1498 591 1532 611; x_wconf 90' lang='lat' dir='ltr'>re</span> <span class='ocrx_word' id='word_1_453' title='bbox 1545 581 1688 622; x_wconf 83' lang='lat' dir='ltr'>diligen-</span> 
     </span>
     <span class='ocr_line' id='line_1_79' title="bbox 946 625 1685 664; baseline 0.004 -10"><span class='ocrx_word' id='word_1_454' title='bbox 946 625 1008 662; x_wconf 88' lang='lat' dir='ltr'>tia,</span> <span class='ocrx_word' id='word_1_455' title='bbox 1025 635 1066 654; x_wconf 90' lang='lat' dir='ltr'>ne</span> <span class='ocrx_word' id='word_1_456' title='bbox 1091 625 1169 664; x_wconf 88' lang='lat' dir='ltr'>quid</span> <span class='ocrx_word' id='word_1_457' title='bbox 1193 626 1305 655; x_wconf 90' lang='lat' dir='ltr'>minus</span> <span class='ocrx_word' id='word_1_458' title='bbox 1329 632 1418 655; x_wconf 85' lang='lat' dir='ltr'>recte</span> <span class='ocrx_word' id='word_1_459' title='bbox 1443 626 1513 654; x_wconf 80' lang='lat' dir='ltr'>fiat.</span> <span class='ocrx_word' id='word_1_460' title='bbox 1543 626 1585 656; x_wconf 88' lang='lat' dir='ltr'>ad</span> <span class='ocrx_word' id='word_1_461' title='bbox 1607 627 1685 657; x_wconf 82' lang='lat' dir='ltr'>Div.</span> 
     </span>
     <span class='ocr_line' id='line_1_80' title="bbox 947 668 1686 706; baseline 0.005 -9"><span class='ocrx_word' id='word_1_462' title='bbox 947 669 1056 703; x_wconf 72' lang='lat' dir='ltr'>xi.‘29.</span> <span class='ocrx_word' id='word_1_463' title='bbox 1086 669 1199 706; x_wconf 77' lang='lat' dir='ltr'>religio</span> <span class='ocrx_word' id='word_1_464' title='bbox 1213 669 1246 698; x_wconf 87' lang='lat' dir='ltr'>in</span> <span class='ocrx_word' id='word_1_465' title='bbox 1264 668 1401 699; x_wconf 90' lang='lat' dir='ltr'>consilio</span> <span class='ocrx_word' id='word_1_466' title='bbox 1418 668 1539 699; x_wconf 81' lang='lat' dir='ltr'>dando.</span> <span class='ocrx_word' id='word_1_467' title='bbox 1563 669 1686 701; x_wconf 83' lang='lat' dir='ltr'>Caecin.</span> 
     </span>
     <span class='ocr_line' id='line_1_81' title="bbox 947 712 1686 752; baseline 0.005 -11"><span class='ocrx_word' id='word_1_468' title='bbox 947 713 978 742; x_wconf 70' lang='lat'>2.</span> <span class='ocrx_word' id='word_1_469' title='bbox 1016 712 1192 752; x_wconf 81' lang='lat' dir='ltr'>judicandi</span> <span class='ocrx_word' id='word_1_470' title='bbox 1219 722 1313 742; x_wconf 87' lang='lat' dir='ltr'>mora</span> <span class='ocrx_word' id='word_1_471' title='bbox 1339 717 1374 742; x_wconf 85' lang='lat' dir='ltr'>et</span> <span class='ocrx_word' id='word_1_472' title='bbox 1403 714 1528 750; x_wconf 76' lang='lat' dir='ltr'>religio.</span> <span class='ocrx_word' id='word_1_473' title='bbox 1569 714 1627 743; x_wconf 89' lang='lat' dir='ltr'>Or.</span> <span class='ocrx_word' id='word_1_474' title='bbox 1655 717 1686 745; x_wconf 85' lang='lat'>8.</span> 
     </span>
     <span class='ocr_line' id='line_1_82' title="bbox 945 755 1688 796; baseline 0.003 -11"><span class='ocrx_word' id='word_1_475' title='bbox 945 765 1060 786; x_wconf 87' lang='lat' dir='ltr'>eorum</span> <span class='ocrx_word' id='word_1_476' title='bbox 1077 758 1224 795; x_wconf 71' lang='lat' dir='ltr'>religioni</span> <span class='ocrx_word' id='word_1_477' title='bbox 1244 757 1313 796; x_wconf 84' lang='lat' dir='ltr'>(qui</span> <span class='ocrx_word' id='word_1_478' title='bbox 1330 766 1377 786; x_wconf 85' lang='lat' dir='ltr'>sc.</span> <span class='ocrx_word' id='word_1_479' title='bbox 1395 755 1476 787; x_wconf 87' lang='lat' dir='ltr'>nihil</span> <span class='ocrx_word' id='word_1_480' title='bbox 1493 756 1554 788; x_wconf 85' lang='lat' dir='ltr'>nisi</span> <span class='ocrx_word' id='word_1_481' title='bbox 1572 758 1688 788; x_wconf 89' lang='lat' dir='ltr'>rectis-</span> 
     </span>
     <span class='ocr_line' id='line_1_83' title="bbox 947 800 1686 840; baseline 0.005 -12"><span class='ocrx_word' id='word_1_482' title='bbox 947 800 1031 830; x_wconf 86' lang='lat' dir='ltr'>sima</span> <span class='ocrx_word' id='word_1_483' title='bbox 1061 800 1258 840; x_wconf 77' lang='lat' dir='ltr'>probabant)</span> <span class='ocrx_word' id='word_1_484' title='bbox 1293 810 1369 830; x_wconf 90' lang='lat' dir='ltr'>cum</span> <span class='ocrx_word' id='word_1_485' title='bbox 1399 800 1537 830; x_wconf 83' lang='lat' dir='ltr'>serviret</span> <span class='ocrx_word' id='word_1_486' title='bbox 1563 804 1686 833; x_wconf 81' lang='lat' dir='ltr'>orator.</span> 
     </span>
     <span class='ocr_line' id='line_1_84' title="bbox 946 843 1687 884; baseline 0.003 -11"><span class='ocrx_word' id='word_1_487' title='bbox 946 843 1042 873; x_wconf 88' lang='lat' dir='ltr'>Brut.</span> <span class='ocrx_word' id='word_1_488' title='bbox 1064 846 1120 876; x_wconf 64' lang='lat'>32.</span> <span class='ocrx_word' id='word_1_489' title='bbox 1154 845 1269 882; x_wconf 80' lang='lat' dir='ltr'>religio</span> <span class='ocrx_word' id='word_1_490' title='bbox 1291 844 1442 873; x_wconf 87' lang='lat' dir='ltr'>oratoris.</span> <span class='ocrx_word' id='word_1_491' title='bbox 1471 844 1549 874; x_wconf 90' lang='lat' dir='ltr'>ibid.</span> <span class='ocrx_word' id='word_1_492' title='bbox 1572 846 1687 884; x_wconf 76' lang='lat' dir='ltr'>religio</span> 
     </span>
     <span class='ocr_line' id='line_1_85' title="bbox 947 887 1685 925; baseline 0.004 -9"><span class='ocrx_word' id='word_1_493' title='bbox 947 888 1062 917; x_wconf 83' lang='lat' dir='ltr'>nimia.</span> <span class='ocrx_word' id='word_1_494' title='bbox 1102 887 1321 924; x_wconf 67' lang='lat' dir='ltr'>*difficolt-as,</span> <span class='ocrx_word' id='word_1_495' title='bbox 1355 888 1506 925; x_wconf 80' lang='lat' dir='ltr'>objectio,</span> <span class='ocrx_word' id='word_1_496' title='bbox 1544 888 1601 919; x_wconf 92' lang='lat' dir='ltr'>Or.</span> <span class='ocrx_word' id='word_1_497' title='bbox 1636 891 1685 920; x_wconf 93' lang='lat'>11.</span> 
     </span>
     <span class='ocr_line' id='line_1_86' title="bbox 946 930 1685 970; baseline 0.004 -10"><span class='ocrx_word' id='word_1_498' title='bbox 946 930 1007 960; x_wconf 88' lang='lat' dir='ltr'>hac</span> <span class='ocrx_word' id='word_1_499' title='bbox 1024 941 1085 970; x_wconf 84' lang='lat' dir='ltr'>ego</span> <span class='ocrx_word' id='word_1_500' title='bbox 1102 932 1254 970; x_wconf 80' lang='lat' dir='ltr'>religione</span> <span class='ocrx_word' id='word_1_501' title='bbox 1271 941 1337 962; x_wconf 90' lang='lat' dir='ltr'>non</span> <span class='ocrx_word' id='word_1_502' title='bbox 1353 941 1428 961; x_wconf 89' lang='lat' dir='ltr'>sum</span> <span class='ocrx_word' id='word_1_503' title='bbox 1445 931 1486 961; x_wconf 78' lang='lat' dir='ltr'>ab</span> <span class='ocrx_word' id='word_1_504' title='bbox 1502 931 1564 962; x_wconf 88' lang='lat' dir='ltr'>hoc</span> <span class='ocrx_word' id='word_1_505' title='bbox 1585 942 1685 963; x_wconf 90' lang='lat' dir='ltr'>cona-</span> 
     </span>
     <span class='ocr_line' id='line_1_87' title="bbox 943 974 1163 1015; baseline 0.005 -11"><span class='ocrx_word' id='word_1_506' title='bbox 943 979 982 1004; x_wconf 89' lang='lat' dir='ltr'>tu</span> <span class='ocrx_word' id='word_1_507' title='bbox 1000 974 1163 1015; x_wconf 88' lang='lat' dir='ltr'>repulsus.</span> 
     </span>
    </p>

    <p class='ocr_par' dir='ltr' id='par_1_12' title="bbox 943 1017 1687 1407">
     <span class='ocr_line' id='line_1_88' title="bbox 988 1017 1686 1057; baseline 0 -9"><span class='ocrx_word' id='word_1_508' title='bbox 988 1017 1180 1057; x_wconf 79' lang='lat' dir='ltr'>Religiosus.</span> <span class='ocrx_word' id='word_1_509' title='bbox 1217 1019 1318 1050; x_wconf 90' lang='lat' dir='ltr'>Dom.</span> <span class='ocrx_word' id='word_1_510' title='bbox 1348 1021 1402 1049; x_wconf 82' lang='lat'>48.</span> <span class='ocrx_word' id='word_1_511' title='bbox 1439 1018 1604 1048; x_wconf 86' lang='lat' dir='ltr'>dedicatio</span> <span class='ocrx_word' id='word_1_512' title='bbox 1634 1022 1686 1049; x_wconf 85' lang='lat' dir='ltr'>est</span> 
     </span>
     <span class='ocr_line' id='line_1_89' title="bbox 943 1063 1684 1102; baseline 0.001 -10"><span class='ocrx_word' id='word_1_513' title='bbox 943 1063 1093 1101; x_wconf 76' lang='lat' dir='ltr'>religiosa</span> <span class='ocrx_word' id='word_1_514' title='bbox 1102 1076 1112 1095; x_wconf 90' lang='lat'>‚·</span> <span class='ocrx_word' id='word_1_515' title='bbox 1131 1063 1163 1093; x_wconf 88' lang='lat' dir='ltr'>h.</span> <span class='ocrx_word' id='word_1_516' title='bbox 1181 1073 1209 1093; x_wconf 90' lang='lat' dir='ltr'>e.</span> <span class='ocrx_word' id='word_1_517' title='bbox 1225 1064 1412 1102; x_wconf 73' lang='lat' dir='ltr'>religionem</span> <span class='ocrx_word' id='word_1_518' title='bbox 1429 1063 1536 1098; x_wconf 69' lang='lat' dir='ltr'>affeit,</span> <span class='ocrx_word' id='word_1_519' title='bbox 1551 1072 1684 1093; x_wconf 86' lang='lat' dir='ltr'>sacrum</span> 
     </span>
     <span class='ocr_line' id='line_1_90' title="bbox 943 1105 1684 1145; baseline 0.003 -10"><span class='ocrx_word' id='word_1_520' title='bbox 943 1105 1069 1145; x_wconf 77' lang='lat' dir='ltr'>aliquid</span> <span class='ocrx_word' id='word_1_521' title='bbox 1085 1107 1196 1136; x_wconf 86' lang='lat' dir='ltr'>efficit.</span> <span class='ocrx_word' id='word_1_522' title='bbox 1218 1106 1290 1136; x_wconf 86' lang='lat' dir='ltr'>Att.</span> <span class='ocrx_word' id='word_1_523' title='bbox 1303 1107 1345 1137; x_wconf 75' lang='lat' dir='ltr'>ix.</span> <span class='ocrx_word' id='word_1_524' title='bbox 1361 1109 1390 1137; x_wconf 89' lang='lat'>5.</span> <span class='ocrx_word' id='word_1_525' title='bbox 1415 1108 1587 1145; x_wconf 74' lang='lat' dir='ltr'>religiosus</span> <span class='ocrx_word' id='word_1_526' title='bbox 1604 1106 1684 1137; x_wconf 82' lang='lat' dir='ltr'>dies.</span> 
     </span>
     <span class='ocr_line' id='line_1_91' title="bbox 945 1150 1687 1188; baseline 0.001 -9"><span class='ocrx_word' id='word_1_527' title='bbox 945 1150 986 1179; x_wconf 87' lang='lat' dir='ltr'>ad</span> <span class='ocrx_word' id='word_1_528' title='bbox 1000 1150 1078 1180; x_wconf 82' lang='lat' dir='ltr'>Div.</span> <span class='ocrx_word' id='word_1_529' title='bbox 1094 1150 1115 1180; x_wconf 93' lang='lat' dir='ltr'>i.</span> <span class='ocrx_word' id='word_1_530' title='bbox 1129 1154 1160 1184; x_wconf 82' lang='lat'>7.</span> <span class='ocrx_word' id='word_1_531' title='bbox 1178 1150 1328 1180; x_wconf 86' lang='lat' dir='ltr'>homines</span> <span class='ocrx_word' id='word_1_532' title='bbox 1345 1152 1504 1188; x_wconf 79' lang='lat' dir='ltr'>religiosi:</span> <span class='ocrx_word' id='word_1_533' title='bbox 1529 1150 1562 1179; x_wconf 89' lang='lat' dir='ltr'>h.</span> <span class='ocrx_word' id='word_1_534' title='bbox 1578 1160 1608 1180; x_wconf 87' lang='lat' dir='ltr'>e.</span> <span class='ocrx_word' id='word_1_535' title='bbox 1625 1155 1687 1181; x_wconf 76' lang='lat' dir='ltr'>aut.</span> 
     </span>
     <span class='ocr_line' id='line_1_92' title="bbox 945 1193 1683 1233; baseline 0 -10"><span class='ocrx_word' id='word_1_536' title='bbox 945 1194 1180 1233; x_wconf 80' lang='lat' dir='ltr'>superstitiosi,</span> <span class='ocrx_word' id='word_1_537' title='bbox 1194 1199 1254 1224; x_wconf 82' lang='lat' dir='ltr'>aut</span> <span class='ocrx_word' id='word_1_538' title='bbox 1271 1195 1406 1224; x_wconf 89' lang='lat' dir='ltr'>nomine</span> <span class='ocrx_word' id='word_1_539' title='bbox 1421 1193 1589 1233; x_wconf 79' lang='lat' dir='ltr'>religionis</span> <span class='ocrx_word' id='word_1_540' title='bbox 1603 1194 1683 1224; x_wconf 90' lang='lat' dir='ltr'>abu-</span> 
     </span>
     <span class='ocr_line' id='line_1_93' title="bbox 945 1238 1685 1276; baseline 0 -9"><span class='ocrx_word' id='word_1_541' title='bbox 945 1240 1065 1267; x_wconf 86' lang='lat' dir='ltr'>tentes.</span> <span class='ocrx_word' id='word_1_542' title='bbox 1097 1238 1153 1268; x_wconf 90' lang='lat' dir='ltr'>Or.</span> <span class='ocrx_word' id='word_1_543' title='bbox 1177 1242 1209 1271; x_wconf 85' lang='lat'>9.</span> <span class='ocrx_word' id='word_1_544' title='bbox 1235 1248 1331 1268; x_wconf 86' lang='lat' dir='ltr'>aures</span> <span class='ocrx_word' id='word_1_545' title='bbox 1354 1241 1475 1267; x_wconf 84' lang='lat' dir='ltr'>teretes</span> <span class='ocrx_word' id='word_1_546' title='bbox 1499 1243 1533 1267; x_wconf 88' lang='lat' dir='ltr'>et</span> <span class='ocrx_word' id='word_1_547' title='bbox 1555 1239 1685 1276; x_wconf 79' lang='lat' dir='ltr'>religio·</span> 
     </span>
     <span class='ocr_line' id='line_1_94' title="bbox 943 1281 1684 1321; baseline 0.001 -10"><span class='ocrx_word' id='word_1_548' title='bbox 943 1291 1004 1311; x_wconf 80' lang='lat' dir='ltr'>soe:</span> <span class='ocrx_word' id='word_1_549' title='bbox 1027 1281 1060 1312; x_wconf 90' lang='lat' dir='ltr'>h.</span> <span class='ocrx_word' id='word_1_550' title='bbox 1078 1291 1106 1311; x_wconf 90' lang='lat' dir='ltr'>e.</span> <span class='ocrx_word' id='word_1_551' title='bbox 1131 1281 1215 1311; x_wconf 89' lang='lat' dir='ltr'>nihil</span> <span class='ocrx_word' id='word_1_552' title='bbox 1236 1282 1297 1311; x_wconf 86' lang='lat' dir='ltr'>nisi</span> <span class='ocrx_word' id='word_1_553' title='bbox 1321 1281 1472 1321; x_wconf 76' lang='lat' dir='ltr'>perfecta</span> <span class='ocrx_word' id='word_1_554' title='bbox 1494 1281 1684 1320; x_wconf 82' lang='lat' dir='ltr'>probantes.</span> 
     </span>
     <span class='ocr_line' id='line_1_95' title="bbox 945 1324 1685 1356; baseline 0.001 -1"><span class='ocrx_word' id='word_1_555' title='bbox 945 1324 1042 1355; x_wconf 84' lang='lat' dir='ltr'>Brut.</span> <span class='ocrx_word' id='word_1_556' title='bbox 1063 1328 1111 1355; x_wconf 91' lang='lat' dir='ltr'>ll.</span> <span class='ocrx_word' id='word_1_557' title='bbox 1142 1329 1259 1355; x_wconf 83' lang='lat' dir='ltr'>auctor</span> <span class='ocrx_word' id='word_1_558' title='bbox 1274 1335 1387 1355; x_wconf 88' lang='lat' dir='ltr'>rerum</span> <span class='ocrx_word' id='word_1_559' title='bbox 1403 1334 1616 1355; x_wconf 79' lang='lat' dir='ltr'>romanarum</span> <span class='ocrx_word' id='word_1_560' title='bbox 1633 1335 1685 1356; x_wconf 79' lang='lat' dir='ltr'>re-</span> 
     </span>
     <span class='ocr_line' id='line_1_96' title="bbox 945 1370 1176 1407; baseline 0.004 -9"><span class='ocrx_word' id='word_1_561' title='bbox 945 1370 1176 1407; x_wconf 76' lang='lat' dir='ltr'>ligiosissimus.</span> 
     </span>
    </p>

    <p class='ocr_par' dir='ltr' id='par_1_13' title="bbox 938 1412 1688 1496">
     <span class='ocr_line' id='line_1_97' title="bbox 990 1412 1688 1453; baseline 0.003 -11"><span class='ocrx_word' id='word_1_562' title='bbox 990 1412 1196 1452; x_wconf 79' lang='lat' dir='ltr'>Relinquere.</span> <span class='ocrx_word' id='word_1_563' title='bbox 1219 1412 1313 1443; x_wconf 89' lang='lat' dir='ltr'>Verr.</span> <span class='ocrx_word' id='word_1_564' title='bbox 1326 1413 1347 1442; x_wconf 87' lang='lat' dir='ltr'>i.</span> <span class='ocrx_word' id='word_1_565' title='bbox 1360 1415 1412 1443; x_wconf 78' lang='lat'>33.</span> <span class='ocrx_word' id='word_1_566' title='bbox 1435 1414 1617 1453; x_wconf 80' lang='lat' dir='ltr'>relinquere</span> <span class='ocrx_word' id='word_1_567' title='bbox 1632 1414 1688 1443; x_wconf 86' lang='lat' dir='ltr'>in·-</span> 
     </span>
     <span class='ocr_line' id='line_1_98' title="bbox 938 1456 1686 1496; baseline 0 -10"><span class='ocrx_word' id='word_1_568' title='bbox 938 1456 1046 1495; x_wconf 86' lang='lat' dir='ltr'>jurias</span> <span class='ocrx_word' id='word_1_569' title='bbox 1062 1467 1156 1486; x_wconf 85' lang='lat' dir='ltr'>suas:</span> <span class='ocrx_word' id='word_1_570' title='bbox 1182 1457 1202 1486; x_wconf 92' lang='lat' dir='ltr'>i.</span> <span class='ocrx_word' id='word_1_571' title='bbox 1215 1466 1244 1487; x_wconf 89' lang='lat' dir='ltr'>e.</span> <span class='ocrx_word' id='word_1_572' title='bbox 1257 1466 1324 1486; x_wconf 90' lang='lat' dir='ltr'>non</span> <span class='ocrx_word' id='word_1_573' title='bbox 1339 1458 1505 1496; x_wconf 86' lang='lat' dir='ltr'>persequi,</span> <span class='ocrx_word' id='word_1_574' title='bbox 1518 1466 1584 1486; x_wconf 91' lang='lat' dir='ltr'>non</span> <span class='ocrx_word' id='word_1_575' title='bbox 1602 1456 1686 1486; x_wconf 87' lang='lat' dir='ltr'>ulci-</span> 
     </span>
    </p>
   </div>
   <div class='ocr_carea' id='block_1_8' title="bbox 903 1499 1687 1540">
    <p class='ocr_par' dir='ltr' id='par_1_14' title="bbox 903 1499 1687 1540">
     <span class='ocr_line' id='line_1_99' title="bbox 903 1499 1687 1540; baseline 0 -10"><span class='ocrx_word' id='word_1_576' title='bbox 903 1499 906 1502; x_wconf 70' lang='grc'><strong><em>’</em></strong></span> <span class='ocrx_word' id='word_1_577' title='bbox 946 1500 1004 1530; x_wconf 85' lang='lat' dir='ltr'>sci.</span> <span class='ocrx_word' id='word_1_578' title='bbox 1028 1501 1069 1530; x_wconf 80' lang='lat' dir='ltr'>cf.</span> <span class='ocrx_word' id='word_1_579' title='bbox 1087 1500 1210 1531; x_wconf 83' lang='lat' dir='ltr'>Caecin.</span> <span class='ocrx_word' id='word_1_580' title='bbox 1227 1504 1257 1532; x_wconf 89' lang='lat'>3.</span> <span class='ocrx_word' id='word_1_581' title='bbox 1272 1500 1365 1531; x_wconf 90' lang='lat' dir='ltr'>Verr.</span> <span class='ocrx_word' id='word_1_582' title='bbox 1382 1501 1403 1530; x_wconf 93' lang='lat' dir='ltr'>i.</span> <span class='ocrx_word' id='word_1_583' title='bbox 1421 1504 1474 1532; x_wconf 79' lang='lat'>33.</span> <span class='ocrx_word' id='word_1_584' title='bbox 1502 1500 1687 1540; x_wconf 71' lang='lat' dir='ltr'>*relinqui-</span> 
     </span>
    </p>
   </div>
   <div class='ocr_carea' id='block_1_9' title="bbox 944 1543 1688 2944">
    <p class='ocr_par' dir='ltr' id='par_1_15' title="bbox 944 1543 1686 1716">
     <span class='ocr_line' id='line_1_100' title="bbox 944 1543 1684 1584; baseline 0.003 -11"><span class='ocrx_word' id='word_1_585' title='bbox 944 1549 1003 1574; x_wconf 79' lang='lat' dir='ltr'>tur</span> <span class='ocrx_word' id='word_1_586' title='bbox 1019 1548 1069 1574; x_wconf 86' lang='lat' dir='ltr'>est</span> <span class='ocrx_word' id='word_1_587' title='bbox 1092 1554 1150 1584; x_wconf 89' lang='lat' dir='ltr'>pro</span> <span class='ocrx_word' id='word_1_588' title='bbox 1173 1543 1339 1583; x_wconf 82' lang='lat' dir='ltr'>reliquum</span> <span class='ocrx_word' id='word_1_589' title='bbox 1363 1549 1427 1582; x_wconf 86' lang='lat' dir='ltr'>est,</span> <span class='ocrx_word' id='word_1_590' title='bbox 1444 1547 1484 1574; x_wconf 85' lang='lat' dir='ltr'>ut</span> <span class='ocrx_word' id='word_1_591' title='bbox 1506 1543 1612 1574; x_wconf 89' lang='lat' dir='ltr'>Flacc.</span> <span class='ocrx_word' id='word_1_592' title='bbox 1630 1547 1684 1575; x_wconf 81' lang='lat'>34.</span> 
     </span>
     <span class='ocr_line' id='line_1_101' title="bbox 944 1588 1686 1628; baseline 0.001 -11"><span class='ocrx_word' id='word_1_593' title='bbox 944 1588 1026 1618; x_wconf 88' lang='lat' dir='ltr'>item</span> <span class='ocrx_word' id='word_1_594' title='bbox 1043 1588 1082 1618; x_wconf 88' lang='lat' dir='ltr'>de</span> <span class='ocrx_word' id='word_1_595' title='bbox 1101 1588 1314 1618; x_wconf 86' lang='lat' dir='ltr'>conclusione</span> <span class='ocrx_word' id='word_1_596' title='bbox 1327 1588 1520 1628; x_wconf 83' lang='lat' dir='ltr'>syllogismi.</span> <span class='ocrx_word' id='word_1_597' title='bbox 1545 1588 1591 1618; x_wconf 82' lang='lat' dir='ltr'>sic</span> <span class='ocrx_word' id='word_1_598' title='bbox 1602 1588 1686 1619; x_wconf 87' lang='lat' dir='ltr'>Her.</span> 
     </span>
     <span class='ocr_line' id='line_1_102' title="bbox 944 1632 1686 1672; baseline 0.001 -11"><span class='ocrx_word' id='word_1_599' title='bbox 944 1632 979 1661; x_wconf 89' lang='lat' dir='ltr'>ii.</span> <span class='ocrx_word' id='word_1_600' title='bbox 1000 1634 1051 1666; x_wconf 72' lang='lat'>⁶29.</span> <span class='ocrx_word' id='word_1_601' title='bbox 1082 1632 1281 1672; x_wconf 77' lang='lat' dir='ltr'>complexio,</span> <span class='ocrx_word' id='word_1_602' title='bbox 1305 1641 1379 1671; x_wconf 86' lang='lat' dir='ltr'>quae</span> <span class='ocrx_word' id='word_1_603' title='bbox 1403 1641 1471 1662; x_wconf 90' lang='lat' dir='ltr'>non</span> <span class='ocrx_word' id='word_1_604' title='bbox 1495 1636 1626 1662; x_wconf 84' lang='lat' dir='ltr'>certum</span> <span class='ocrx_word' id='word_1_605' title='bbox 1649 1637 1686 1663; x_wconf 84' lang='lat' dir='ltr'>et</span> 
     </span>
     <span class='ocr_line' id='line_1_103' title="bbox 945 1675 1424 1716; baseline 0.002 -12"><span class='ocrx_word' id='word_1_606' title='bbox 945 1680 1101 1705; x_wconf 84' lang='lat' dir='ltr'>constans</span> <span class='ocrx_word' id='word_1_607' title='bbox 1119 1675 1244 1715; x_wconf 89' lang='lat' dir='ltr'>aliquid</span> <span class='ocrx_word' id='word_1_608' title='bbox 1259 1677 1424 1716; x_wconf 75' lang='lat' dir='ltr'>relinquit.</span> 
     </span>
    </p>

    <p class='ocr_par' dir='ltr' id='par_1_16' title="bbox 945 1719 1687 2197">
     <span class='ocr_line' id='line_1_104' title="bbox 987 1719 1685 1760; baseline 0 -10"><span class='ocrx_word' id='word_1_609' title='bbox 987 1719 1153 1760; x_wconf 58' lang='lat' dir='ltr'>Reliquiae.</span> <span class='ocrx_word' id='word_1_610' title='bbox 1186 1719 1266 1750; x_wconf 88' lang='lat' dir='ltr'>Nat.</span> <span class='ocrx_word' id='word_1_611' title='bbox 1289 1720 1332 1750; x_wconf 89' lang='lat' dir='ltr'>D.</span> <span class='ocrx_word' id='word_1_612' title='bbox 1357 1720 1390 1750; x_wconf 92' lang='lat' dir='ltr'>ii.</span> <span class='ocrx_word' id='word_1_613' title='bbox 1407 1724 1438 1754; x_wconf 90' lang='lat'>9.</span> <span class='ocrx_word' id='word_1_614' title='bbox 1457 1722 1508 1750; x_wconf 88' lang='lat'>55.</span> <span class='ocrx_word' id='word_1_615' title='bbox 1539 1720 1685 1760; x_wconf 82' lang='lat' dir='ltr'>reliquioe</span> 
     </span>
     <span class='ocr_line' id='line_1_105' title="bbox 946 1763 1685 1803; baseline 0.004 -11"><span class='ocrx_word' id='word_1_616' title='bbox 946 1763 1024 1801; x_wconf 91' lang='lat' dir='ltr'>cibi,</span> <span class='ocrx_word' id='word_1_617' title='bbox 1048 1763 1088 1794; x_wconf 89' lang='lat' dir='ltr'>de</span> <span class='ocrx_word' id='word_1_618' title='bbox 1111 1763 1252 1800; x_wconf 87' lang='lat' dir='ltr'>fecibus,</span> <span class='ocrx_word' id='word_1_619' title='bbox 1276 1763 1510 1793; x_wconf 85' lang='lat' dir='ltr'>excrementis.</span> <span class='ocrx_word' id='word_1_620' title='bbox 1544 1763 1626 1803; x_wconf 85' lang='lat' dir='ltr'>Leg.</span> <span class='ocrx_word' id='word_1_621' title='bbox 1650 1764 1685 1795; x_wconf 90' lang='lat' dir='ltr'>ii.</span> 
     </span>
     <span class='ocr_line' id='line_1_106' title="bbox 945 1807 1685 1847; baseline 0 -9"><span class='ocrx_word' id='word_1_622' title='bbox 945 1809 998 1838; x_wconf 69' lang='lat'>92.</span> <span class='ocrx_word' id='word_1_623' title='bbox 1022 1809 1167 1847; x_wconf 80' lang='lat' dir='ltr'>reliquioe</span> <span class='ocrx_word' id='word_1_624' title='bbox 1182 1807 1295 1844; x_wconf 88' lang='lat' dir='ltr'>Marii,</span> <span class='ocrx_word' id='word_1_625' title='bbox 1310 1814 1390 1837; x_wconf 89' lang='lat' dir='ltr'>sunt</span> <span class='ocrx_word' id='word_1_626' title='bbox 1406 1817 1480 1837; x_wconf 88' lang='lat' dir='ltr'>ossa</span> <span class='ocrx_word' id='word_1_627' title='bbox 1495 1812 1530 1837; x_wconf 91' lang='lat' dir='ltr'>et</span> <span class='ocrx_word' id='word_1_628' title='bbox 1545 1807 1685 1838; x_wconf 86' lang='lat' dir='ltr'>cineres.</span> 
     </span>
     <span class='ocr_line' id='line_1_107' title="bbox 946 1850 1684 1891; baseline 0.001 -10"><span class='ocrx_word' id='word_1_629' title='bbox 946 1850 1028 1881; x_wconf 86' lang='lat' dir='ltr'>Cato</span> <span class='ocrx_word' id='word_1_630' title='bbox 1059 1852 1090 1882; x_wconf 83' lang='lat'>6.</span> <span class='ocrx_word' id='word_1_631' title='bbox 1129 1854 1168 1881; x_wconf 88' lang='lat' dir='ltr'>ut</span> <span class='ocrx_word' id='word_1_632' title='bbox 1198 1852 1249 1881; x_wconf 88' lang='lat' dir='ltr'>avi</span> <span class='ocrx_word' id='word_1_633' title='bbox 1279 1852 1437 1890; x_wconf 80' lang='lat' dir='ltr'>reliquias</span> <span class='ocrx_word' id='word_1_634' title='bbox 1466 1860 1684 1891; x_wconf 82' lang='lat' dir='ltr'>persequare:</span> 
     </span>
     <span class='ocr_line' id='line_1_108' title="bbox 946 1894 1686 1935; baseline 0 -11"><span class='ocrx_word' id='word_1_635' title='bbox 946 1894 1070 1925; x_wconf 89' lang='lat' dir='ltr'>dicitur</span> <span class='ocrx_word' id='word_1_636' title='bbox 1093 1905 1110 1924; x_wconf 90' lang='lat' dir='ltr'>e</span> <span class='ocrx_word' id='word_1_637' title='bbox 1134 1904 1276 1935; x_wconf 87' lang='lat' dir='ltr'>persona</span> <span class='ocrx_word' id='word_1_638' title='bbox 1303 1895 1452 1931; x_wconf 84' lang='lat' dir='ltr'>Catonis,</span> <span class='ocrx_word' id='word_1_639' title='bbox 1476 1895 1532 1933; x_wconf 92' lang='lat' dir='ltr'>qui</span> <span class='ocrx_word' id='word_1_640' title='bbox 1558 1895 1686 1935; x_wconf 87' lang='lat' dir='ltr'>Scipio-</span> 
     </span>
     <span class='ocr_line' id='line_1_109' title="bbox 946 1938 1686 1978; baseline 0 -10"><span class='ocrx_word' id='word_1_641' title='bbox 946 1948 1024 1968; x_wconf 89' lang='lat' dir='ltr'>nem</span> <span class='ocrx_word' id='word_1_642' title='bbox 1049 1939 1220 1977; x_wconf 85' lang='lat' dir='ltr'>juniorem</span> <span class='ocrx_word' id='word_1_643' title='bbox 1252 1938 1418 1976; x_wconf 83' lang='lat' dir='ltr'>hortatur,</span> <span class='ocrx_word' id='word_1_644' title='bbox 1442 1942 1482 1968; x_wconf 85' lang='lat' dir='ltr'>nt</span> <span class='ocrx_word' id='word_1_645' title='bbox 1510 1939 1686 1978; x_wconf 86' lang='lat' dir='ltr'>Carthagi-</span> 
     </span>
     <span class='ocr_line' id='line_1_110' title="bbox 946 1981 1686 2021; baseline 0.001 -9"><span class='ocrx_word' id='word_1_646' title='bbox 946 1992 1023 2012; x_wconf 90' lang='lat' dir='ltr'>nem</span> <span class='ocrx_word' id='word_1_647' title='bbox 1039 1981 1162 2020; x_wconf 87' lang='lat' dir='ltr'>deleat,</span> <span class='ocrx_word' id='word_1_648' title='bbox 1179 1986 1213 2012; x_wconf 89' lang='lat' dir='ltr'>et</span> <span class='ocrx_word' id='word_1_649' title='bbox 1228 1982 1384 2021; x_wconf 91' lang='lat' dir='ltr'>quicquid</span> <span class='ocrx_word' id='word_1_650' title='bbox 1401 1982 1686 2021; x_wconf 86' lang='lat' dir='ltr'>Carthaginiensi-</span> 
     </span>
     <span class='ocr_line' id='line_1_111' title="bbox 946 2025 1686 2066; baseline 0.003 -11"><span class='ocrx_word' id='word_1_651' title='bbox 946 2025 1006 2055; x_wconf 86' lang='lat' dir='ltr'>bus</span> <span class='ocrx_word' id='word_1_652' title='bbox 1021 2036 1100 2056; x_wconf 89' lang='lat' dir='ltr'>avus</span> <span class='ocrx_word' id='word_1_653' title='bbox 1117 2026 1295 2056; x_wconf 84' lang='lat' dir='ltr'>Africanus</span> <span class='ocrx_word' id='word_1_654' title='bbox 1312 2027 1417 2065; x_wconf 81' lang='lat' dir='ltr'>major</span> <span class='ocrx_word' id='word_1_655' title='bbox 1431 2027 1619 2066; x_wconf 77' lang='lat' dir='ltr'>reliquisset.</span> <span class='ocrx_word' id='word_1_656' title='bbox 1643 2027 1686 2057; x_wconf 92' lang='lat' dir='ltr'>ad</span> 
     </span>
     <span class='ocr_line' id='line_1_112' title="bbox 946 2070 1687 2109; baseline 0 -9"><span class='ocrx_word' id='word_1_657' title='bbox 946 2070 1021 2100; x_wconf 91' lang='lat' dir='ltr'>Div.</span> <span class='ocrx_word' id='word_1_658' title='bbox 1038 2070 1080 2099; x_wconf 84' lang='lat' dir='ltr'>vi.</span> <span class='ocrx_word' id='word_1_659' title='bbox 1100 2073 1130 2101; x_wconf 69' lang='lat'>8.</span> <span class='ocrx_word' id='word_1_660' title='bbox 1154 2071 1297 2109; x_wconf 79' lang='lat' dir='ltr'>reliquioe</span> <span class='ocrx_word' id='word_1_661' title='bbox 1313 2070 1469 2099; x_wconf 87' lang='lat' dir='ltr'>Asiaticae</span> <span class='ocrx_word' id='word_1_662' title='bbox 1485 2070 1687 2109; x_wconf 85' lang='lat' dir='ltr'>negotiatio-</span> 
     </span>
     <span class='ocr_line' id='line_1_113' title="bbox 945 2113 1686 2153; baseline 0.003 -10"><span class='ocrx_word' id='word_1_663' title='bbox 945 2113 1014 2143; x_wconf 87' lang='lat' dir='ltr'>nis:</span> <span class='ocrx_word' id='word_1_664' title='bbox 1039 2113 1152 2144; x_wconf 86' lang='lat' dir='ltr'>debita</span> <span class='ocrx_word' id='word_1_665' title='bbox 1175 2114 1325 2144; x_wconf 87' lang='lat' dir='ltr'>nondum</span> <span class='ocrx_word' id='word_1_666' title='bbox 1345 2118 1474 2151; x_wconf 86' lang='lat' dir='ltr'>exacta,</span> <span class='ocrx_word' id='word_1_667' title='bbox 1491 2123 1564 2153; x_wconf 88' lang='lat' dir='ltr'>quae</span> <span class='ocrx_word' id='word_1_668' title='bbox 1582 2118 1618 2145; x_wconf 84' lang='lat' dir='ltr'>et</span> <span class='ocrx_word' id='word_1_669' title='bbox 1633 2124 1686 2145; x_wconf 86' lang='lat' dir='ltr'>re-</span> 
     </span>
     <span class='ocr_line' id='line_1_114' title="bbox 945 2157 1220 2197; baseline 0.007 -11"><span class='ocrx_word' id='word_1_670' title='bbox 945 2158 1033 2197; x_wconf 79' lang='lat' dir='ltr'>liqua</span> <span class='ocrx_word' id='word_1_671' title='bbox 1049 2157 1220 2189; x_wconf 82' lang='lat' dir='ltr'>dicuntur.</span> 
     </span>
    </p>

    <p class='ocr_par' dir='ltr' id='par_1_17' title="bbox 945 2201 1687 2669">
     <span class='ocr_line' id='line_1_115' title="bbox 990 2201 1685 2242; baseline 0.003 -11"><span class='ocrx_word' id='word_1_672' title='bbox 990 2201 1157 2242; x_wconf 79' lang='lat' dir='ltr'>Reliquus.</span> <span class='ocrx_word' id='word_1_673' title='bbox 1174 2202 1247 2231; x_wconf 85' lang='lat' dir='ltr'>Att.</span> <span class='ocrx_word' id='word_1_674' title='bbox 1263 2211 1314 2231; x_wconf 85' lang='lat' dir='ltr'>xv.</span> <span class='ocrx_word' id='word_1_675' title='bbox 1332 2204 1380 2232; x_wconf 89' lang='lat'>15.</span> <span class='ocrx_word' id='word_1_676' title='bbox 1397 2211 1436 2231; x_wconf 83' lang='lat' dir='ltr'>ex</span> <span class='ocrx_word' id='word_1_677' title='bbox 1453 2202 1597 2242; x_wconf 81' lang='lat' dir='ltr'>reliquis,</span> <span class='ocrx_word' id='word_1_678' title='bbox 1610 2212 1685 2242; x_wconf 82' lang='lat' dir='ltr'>quae</span> 
     </span>
     <span class='ocr_line' id='line_1_116' title="bbox 946 2245 1687 2285; baseline 0.004 -11"><span class='ocrx_word' id='word_1_679' title='bbox 946 2245 1041 2274; x_wconf 91' lang='lat' dir='ltr'>nonis</span> <span class='ocrx_word' id='word_1_680' title='bbox 1068 2245 1171 2285; x_wconf 82' lang='lat' dir='ltr'>April.</span> <span class='ocrx_word' id='word_1_681' title='bbox 1202 2245 1293 2275; x_wconf 86' lang='lat' dir='ltr'>fecit.</span> <span class='ocrx_word' id='word_1_682' title='bbox 1317 2247 1444 2284; x_wconf 75' lang='lat' dir='ltr'>reliqua</span> <span class='ocrx_word' id='word_1_683' title='bbox 1467 2245 1522 2275; x_wconf 89' lang='lat' dir='ltr'>hic</span> <span class='ocrx_word' id='word_1_684' title='bbox 1544 2249 1624 2276; x_wconf 87' lang='lat' dir='ltr'>sunt</span> <span class='ocrx_word' id='word_1_685' title='bbox 1645 2256 1687 2277; x_wconf 78' lang='lat' dir='ltr'>ea.</span> 
     </span>
     <span class='ocr_line' id='line_1_117' title="bbox 945 2289 1686 2328; baseline 0.003 -10"><span class='ocrx_word' id='word_1_686' title='bbox 945 2289 1100 2328; x_wconf 87' lang='lat' dir='ltr'>pecunia,</span> <span class='ocrx_word' id='word_1_687' title='bbox 1139 2299 1212 2328; x_wconf 84' lang='lat' dir='ltr'>quae</span> <span class='ocrx_word' id='word_1_688' title='bbox 1248 2299 1287 2318; x_wconf 88' lang='lat' dir='ltr'>eo</span> <span class='ocrx_word' id='word_1_689' title='bbox 1319 2294 1486 2328; x_wconf 85' lang='lat' dir='ltr'>tempore,</span> <span class='ocrx_word' id='word_1_690' title='bbox 1524 2289 1686 2320; x_wconf 73' lang='lat' dir='ltr'>confectis</span> 
     </span>
     <span class='ocr_line' id='line_1_118' title="bbox 945 2332 1686 2370; baseline 0.005 -9"><span class='ocrx_word' id='word_1_691' title='bbox 945 2332 1100 2363; x_wconf 89' lang='lat' dir='ltr'>omnibus</span> <span class='ocrx_word' id='word_1_692' title='bbox 1124 2333 1322 2370; x_wconf 84' lang='lat' dir='ltr'>rationibuS‚</span> <span class='ocrx_word' id='word_1_693' title='bbox 1341 2332 1473 2362; x_wconf 88' lang='lat' dir='ltr'>residua</span> <span class='ocrx_word' id='word_1_694' title='bbox 1496 2332 1574 2363; x_wconf 91' lang='lat' dir='ltr'>fuit.</span> <span class='ocrx_word' id='word_1_695' title='bbox 1620 2333 1686 2365; x_wconf 87' lang='lat' dir='ltr'>Sed</span> 
     </span>
     <span class='ocr_line' id='line_1_119' title="bbox 947 2376 1685 2417; baseline 0.003 -11"><span class='ocrx_word' id='word_1_696' title='bbox 947 2376 1011 2406; x_wconf 81' lang='lat' dir='ltr'>xvi.</span> <span class='ocrx_word' id='word_1_697' title='bbox 1029 2379 1060 2408; x_wconf 85' lang='grc'>3.</span> <span class='ocrx_word' id='word_1_698' title='bbox 1092 2377 1236 2406; x_wconf 82' lang='lat' dir='ltr'>maxime</span> <span class='ocrx_word' id='word_1_699' title='bbox 1254 2386 1306 2405; x_wconf 89' lang='lat' dir='ltr'>me</span> <span class='ocrx_word' id='word_1_700' title='bbox 1325 2376 1419 2415; x_wconf 86' lang='lat' dir='ltr'>angit</span> <span class='ocrx_word' id='word_1_701' title='bbox 1441 2378 1526 2407; x_wconf 81' lang='lat' dir='ltr'>ratio</span> <span class='ocrx_word' id='word_1_702' title='bbox 1549 2379 1685 2417; x_wconf 80' lang='lat' dir='ltr'>reliquo·</span> 
     </span>
     <span class='ocr_line' id='line_1_120' title="bbox 945 2421 1686 2462; baseline 0.003 -12"><span class='ocrx_word' id='word_1_703' title='bbox 945 2430 1022 2450; x_wconf 79' lang='lat' dir='ltr'>rum</span> <span class='ocrx_word' id='word_1_704' title='bbox 1047 2430 1220 2458; x_wconf 82' lang='lat' dir='ltr'>meorum3</span> <span class='ocrx_word' id='word_1_705' title='bbox 1252 2429 1325 2459; x_wconf 88' lang='lat' dir='ltr'>quae</span> <span class='ocrx_word' id='word_1_706' title='bbox 1350 2430 1553 2459; x_wconf 84' lang='lat' dir='ltr'>quamquam</span> <span class='ocrx_word' id='word_1_707' title='bbox 1580 2421 1686 2462; x_wconf 88' lang='lat' dir='ltr'>expli·</span> 
     </span>
     <span class='ocr_line' id='line_1_121' title="bbox 946 2463 1685 2503; baseline 0.003 -9"><span class='ocrx_word' id='word_1_708' title='bbox 946 2470 1023 2494; x_wconf 86' lang='lat' dir='ltr'>cata</span> <span class='ocrx_word' id='word_1_709' title='bbox 1037 2468 1128 2494; x_wconf 88' lang='lat' dir='ltr'>sunt.</span> <span class='ocrx_word' id='word_1_710' title='bbox 1161 2463 1203 2493; x_wconf 84' lang='lat' dir='ltr'>cf.</span> <span class='ocrx_word' id='word_1_711' title='bbox 1220 2473 1271 2503; x_wconf 86' lang='lat' dir='ltr'>ep.</span> <span class='ocrx_word' id='word_1_712' title='bbox 1295 2466 1343 2494; x_wconf 91' lang='lat'>15.</span> <span class='ocrx_word' id='word_1_713' title='bbox 1374 2470 1408 2493; x_wconf 90' lang='lat' dir='ltr'>et</span> <span class='ocrx_word' id='word_1_714' title='bbox 1431 2464 1472 2494; x_wconf 87' lang='lat' dir='ltr'>ad</span> <span class='ocrx_word' id='word_1_715' title='bbox 1488 2464 1564 2495; x_wconf 91' lang='lat' dir='ltr'>Div.</span> <span class='ocrx_word' id='word_1_716' title='bbox 1580 2465 1614 2496; x_wconf 89' lang='lat' dir='ltr'>ii.</span> <span class='ocrx_word' id='word_1_717' title='bbox 1635 2469 1685 2497; x_wconf 89' lang='lat'>13.</span> 
     </span>
     <span class='ocr_line' id='line_1_122' title="bbox 945 2507 1687 2547; baseline 0.003 -10"><span class='ocrx_word' id='word_1_718' title='bbox 945 2507 1131 2546; x_wconf 86' lang='lat' dir='ltr'>publicanis</span> <span class='ocrx_word' id='word_1_719' title='bbox 1159 2509 1262 2537; x_wconf 85' lang='lat' dir='ltr'>etiam</span> <span class='ocrx_word' id='word_1_720' title='bbox 1286 2507 1465 2547; x_wconf 84' lang='lat' dir='ltr'>superioris</span> <span class='ocrx_word' id='word_1_721' title='bbox 1489 2507 1586 2538; x_wconf 86' lang='lat' dir='ltr'>lustri</span> <span class='ocrx_word' id='word_1_722' title='bbox 1610 2510 1687 2540; x_wconf 79' lang='lat' dir='ltr'>reli-</span> 
     </span>
     <span class='ocr_line' id='line_1_123' title="bbox 945 2550 1684 2592; baseline 0.003 -11"><span class='ocrx_word' id='word_1_723' title='bbox 945 2561 1010 2592; x_wconf 77' lang='lat' dir='ltr'>qua</span> <span class='ocrx_word' id='word_1_724' title='bbox 1026 2561 1276 2581; x_wconf 84' lang='lat' dir='ltr'>conservaram:</span> <span class='ocrx_word' id='word_1_725' title='bbox 1305 2554 1385 2581; x_wconf 90' lang='lat' dir='ltr'>sunt</span> <span class='ocrx_word' id='word_1_726' title='bbox 1406 2550 1517 2581; x_wconf 88' lang='lat' dir='ltr'>debita</span> <span class='ocrx_word' id='word_1_727' title='bbox 1533 2552 1684 2583; x_wconf 85' lang='lat' dir='ltr'>nondum</span> 
     </span>
     <span class='ocr_line' id='line_1_124' title="bbox 945 2595 1686 2635; baseline 0.004 -11"><span class='ocrx_word' id='word_1_728' title='bbox 945 2599 1072 2624; x_wconf 87' lang='lat' dir='ltr'>exacta.</span> <span class='ocrx_word' id='word_1_729' title='bbox 1090 2595 1224 2625; x_wconf 85' lang='lat' dir='ltr'>Resten.</span> <span class='ocrx_word' id='word_1_730' title='bbox 1271 2595 1324 2625; x_wconf 86' lang='lat' dir='ltr'>Sic</span> <span class='ocrx_word' id='word_1_731' title='bbox 1340 2599 1373 2624; x_wconf 89' lang='lat' dir='ltr'>et</span> <span class='ocrx_word' id='word_1_732' title='bbox 1389 2596 1553 2635; x_wconf 83' lang='lat' dir='ltr'>reliquum</span> <span class='ocrx_word' id='word_1_733' title='bbox 1570 2599 1621 2627; x_wconf 90' lang='lat' dir='ltr'>est</span> <span class='ocrx_word' id='word_1_734' title='bbox 1642 2597 1686 2628; x_wconf 90' lang='lat' dir='ltr'>ad</span> 
     </span>
     <span class='ocr_line' id='line_1_125' title="bbox 947 2638 1121 2669; baseline -0.006 0"><span class='ocrx_word' id='word_1_735' title='bbox 947 2638 1019 2669; x_wconf 87' lang='lat' dir='ltr'>Att.</span> <span class='ocrx_word' id='word_1_736' title='bbox 1034 2639 1076 2668; x_wconf 91' lang='lat' dir='ltr'>vi.</span> <span class='ocrx_word' id='word_1_737' title='bbox 1090 2642 1121 2669; x_wconf 89' lang='lat'>3.</span> 
     </span>
    </p>

    <p class='ocr_par' dir='ltr' id='par_1_18' title="bbox 945 2681 1688 2944">
     <span class='ocr_line' id='line_1_126' title="bbox 990 2681 1686 2716; baseline 0.004 -4"><span class='ocrx_word' id='word_1_738' title='bbox 990 2682 1195 2713; x_wconf 81' lang='lat' dir='ltr'>Remedium.</span> <span class='ocrx_word' id='word_1_739' title='bbox 1220 2681 1355 2712; x_wconf 84' lang='lat' dir='ltr'>cluent.</span> <span class='ocrx_word' id='word_1_740' title='bbox 1376 2685 1424 2716; x_wconf 89' lang='grc'>19.</span> <span class='ocrx_word' id='word_1_741' title='bbox 1447 2683 1592 2713; x_wconf 77' lang='lat' dir='ltr'>remedia</span> <span class='ocrx_word' id='word_1_742' title='bbox 1608 2693 1686 2715; x_wconf 88' lang='lat' dir='ltr'>cau-</span> 
     </span>
     <span class='ocr_line' id='line_1_127' title="bbox 946 2725 1688 2765; baseline 0.004 -10"><span class='ocrx_word' id='word_1_743' title='bbox 946 2736 1057 2756; x_wconf 88' lang='lat' dir='ltr'>sarum</span> <span class='ocrx_word' id='word_1_744' title='bbox 1075 2726 1246 2762; x_wconf 71' lang='lat' dir='ltr'>(licuntur,</span> <span class='ocrx_word' id='word_1_745' title='bbox 1264 2726 1382 2765; x_wconf 87' lang='lat' dir='ltr'>quibus</span> <span class='ocrx_word' id='word_1_746' title='bbox 1407 2725 1496 2756; x_wconf 85' lang='lat' dir='ltr'>mala</span> <span class='ocrx_word' id='word_1_747' title='bbox 1515 2736 1615 2757; x_wconf 84' lang='lat' dir='ltr'>causa</span> <span class='ocrx_word' id='word_1_748' title='bbox 1629 2727 1688 2758; x_wconf 86' lang='lat' dir='ltr'>de-</span> 
     </span>
     <span class='ocr_line' id='line_1_128' title="bbox 945 2769 1687 2809; baseline 0.004 -10"><span class='ocrx_word' id='word_1_749' title='bbox 945 2769 1035 2799; x_wconf 86' lang='lat' dir='ltr'>fendi</span> <span class='ocrx_word' id='word_1_750' title='bbox 1047 2775 1168 2809; x_wconf 86' lang='lat' dir='ltr'>potest.</span> <span class='ocrx_word' id='word_1_751' title='bbox 1184 2769 1324 2800; x_wconf 81' lang='lat' dir='ltr'>ibid.35.</span> <span class='ocrx_word' id='word_1_752' title='bbox 1341 2769 1687 2809; x_wconf 84' lang='lat' dir='ltr'>sinejudiciorumre-</span> 
     </span>
     <span class='ocr_line' id='line_1_129' title="bbox 946 2812 1688 2853; baseline 0.003 -10"><span class='ocrx_word' id='word_1_753' title='bbox 946 2813 1058 2844; x_wconf 73' lang='lat' dir='ltr'>mediis</span> <span class='ocrx_word' id='word_1_754' title='bbox 1067 2812 1146 2843; x_wconf 89' lang='lat' dir='ltr'>salvi</span> <span class='ocrx_word' id='word_1_755' title='bbox 1156 2822 1226 2843; x_wconf 86' lang='lat' dir='ltr'>esse</span> <span class='ocrx_word' id='word_1_756' title='bbox 1234 2822 1299 2849; x_wconf 80' lang='lat' dir='ltr'>non</span> <span class='ocrx_word' id='word_1_757' title='bbox 1308 2822 1490 2853; x_wconf 89' lang='lat' dir='ltr'>possemus.</span> <span class='ocrx_word' id='word_1_758' title='bbox 1498 2814 1541 2844; x_wconf 91' lang='lat' dir='ltr'>ib.</span> <span class='ocrx_word' id='word_1_759' title='bbox 1549 2816 1602 2845; x_wconf 79' lang='lat'>44.</span> <span class='ocrx_word' id='word_1_760' title='bbox 1612 2824 1688 2845; x_wconf 84' lang='lat' dir='ltr'>mu-</span> 
     </span>
     <span class='ocr_line' id='line_1_130' title="bbox 945 2856 1687 2890; baseline 0.004 -3"><span class='ocrx_word' id='word_1_761' title='bbox 945 2867 1082 2888; x_wconf 87' lang='lat' dir='ltr'>cronem</span> <span class='ocrx_word' id='word_1_762' title='bbox 1095 2856 1210 2887; x_wconf 89' lang='lat' dir='ltr'>multis</span> <span class='ocrx_word' id='word_1_763' title='bbox 1226 2857 1377 2887; x_wconf 80' lang='lat' dir='ltr'>remediis</span> <span class='ocrx_word' id='word_1_764' title='bbox 1393 2857 1583 2888; x_wconf 88' lang='lat' dir='ltr'>retundere.</span> <span class='ocrx_word' id='word_1_765' title='bbox 1607 2868 1687 2890; x_wconf 88' lang='lat' dir='ltr'>cum</span> 
     </span>
     <span class='ocr_line' id='line_1_131' title="bbox 946 2900 1685 2944; baseline 0.001 -11"><span class='ocrx_word' id='word_1_766' title='bbox 946 2910 1048 2944; x_wconf 77' lang='lat' dir='ltr'>praep.</span> <span class='ocrx_word' id='word_1_767' title='bbox 1064 2900 1117 2935; x_wconf 81' lang='lat' dir='ltr'>ad.</span> <span class='ocrx_word' id='word_1_768' title='bbox 1139 2900 1234 2936; x_wconf 75' lang='lat' dir='ltr'>Verr.</span> <span class='ocrx_word' id='word_1_769' title='bbox 1244 2911 1273 2932; x_wconf 87' lang='lat' dir='ltr'>v.</span> <span class='ocrx_word' id='word_1_770' title='bbox 1291 2903 1340 2933; x_wconf 87' lang='lat'>10.</span> <span class='ocrx_word' id='word_1_771' title='bbox 1357 2901 1536 2932; x_wconf 78' lang='lat' dir='ltr'>remedium</span> <span class='ocrx_word' id='word_1_772' title='bbox 1552 2901 1595 2933; x_wconf 78' lang='lat' dir='ltr'>ad</span> <span class='ocrx_word' id='word_1_773' title='bbox 1606 2902 1685 2934; x_wconf 78' lang='lat' dir='ltr'>vim.</span> 
     </span>
    </p>
   </div>
  </div>
 </body>
</html>
