1985 3206
279 91 359 128 244
787 99 932 129 INDEX
962 101 1257 130 LATlNl'rA'rIS.

279 185 368 224 quod
384 189 434 218 est
451 187 483 216 in
499 195 538 214 eo
554 195 723 216 summum
737 190 771 216 et
782 188 1003 227 praecipuum,

280 230 463 269 plurimum
479 229 580 265 valet,
597 229 630 258 in
647 239 712 267 quo
728 230 774 259 rei
794 239 927 260 summa
942 236 1004 261 est.

281 274 375 303 Brut.
387 275 438 307 25).
455 282 523 301 rcni
537 273 683 302 continet.
702 272 878 307 l’artit.‘29.
895 274 1009 304 defen-

282 317 384 346 sionis
401 317 544 346 rationes
559 317 717 346 continent
733 326 859 346 causa&
884 317 952 347 Pin.
965 318 1008 347 iv,

283 360 314 390 6.
339 360 426 398 quod
441 361 577 389 continet
593 358 846 399 philosophiam.
874 360 892 378 ³*
907 361 1009 390 (onti—

283 404 356 432 neri
379 406 429 432 est
452 403 566 438 etiam,
590 402 733 441 pendere
765 413 804 432 ex
828 413 862 432 re
886 403 1008 442 aliqua,

285 446 472 476 conservari
496 446 536 475 ab
560 446 682 483 aliquo.
713 446 813 476 Doni.
832 450 884 481 37.
916 457 1008 476 nicus

286 489 411 519 reditus
428 492 536 518 vestro
547 489 674 527 judicio
690 491 882 520 continetur.
903 490 1007 520 Marc.

285 537 317 566 9.
349 533 419 562 vita
450 542 584 572 corpore
615 536 650 561 et
677 533 795 571 spiritu
821 536 1011 563 continetur.

284 576 348 606 Off.
366 576 400 605 ii.
417 578 469 607 24.
490 575 583 605 nulla
595 585 645 605 res
658 575 888 606 vehementius
904 587 1009 616 remp.

283 620 433 656 continet,
463 629 562 657 quam
594 619 686 649 fides.
735 622 754 640 *ἓ
772 620 929 650 Contincn'
960 624 1010 649 est

283 672 393 702 porro,
411 663 531 691 versari
548 663 582 692 in
599 672 632 692 re
657 662 776 701 aliqua.
806 663 898 692 Vcrr.
916 664 961 693 iii.
983 666 1008 693 1.

285 706 346 736 hac
363 716 443 735 cura
454 706 669 736 retinebatur.
686 706 905 746 *repriinere‚
919 710 1009 736 co‘cr-

285 760 370 779 cere.
402 749 482 778 Har.
508 759 591 788 resp.
613 753 638 779 l.
669 749 835 779 furentem
859 750 1011 780 exultan-

283 796 419 831 temque
433 793 587 822 continui.
611 792 814 823 *abstinet-e.
837 794 894 824 Or.
911 793 944 823 ii.
957 796 1010 824 ⁶20.

283 837 334 866 sin
359 835 455 875 plane
479 835 669 866 abhorrebit
691 840 725 865 ct
751 837 815 866 erit
836 837 1009 873 absurdus,

285 885 323 909 ut
346 889 380 908 se
403 880 574 916 contiueat,
599 883 658 909 aut
684 879 724 909 ad
748 880 839 909 aliud
861 880 1009 912 studium

282 922 473 952 transferat.
496 923 514 940 ³*
525 923 676 960 reticere,
689 923 867 960 custodire,
879 933 920 953 ne
937 934 1010 964 pro-

284 966 422 996 feratur.
453 968 510 996 Or.
528 967 560 996 ii.
579 970 630 997 55.
657 967 815 996 continere
830 966 929 997 dicta.
953 967 1010 997 Or.

288 1010 308 1040 i.
324 1012 376 1043 47.
409 1013 445 1039 ut
460 1020 511 1046 ea,
525 1020 597 1048 quae
611 1011 758 1046 continet,
777 1020 883 1048 neque
901 1010 1008 1040 adhuc

284 1053 614 1093 protulit—explicet
633 1054 739 1090 nobis,
756 1061 789 1083 et
806 1053 862 1083 illa
878 1054 1009 1084 dicendi

284 1097 443 1136 mysteria
460 1097 628 1126 enunciet.
656 1098 724 1126 Att.
740 1097 806 1126 xiii.
824 1100 875 1127 531.
904 1103 942 1127 tu
958 1103 1009 1127 ta-

284 1149 363 1169 men
381 1140 553 1169 commode
577 1140 705 1177 feceris,
721 1141 747 1169 si
770 1140 912 1179 reliquos
932 1141 1006 1181 (int.

285 1183 397 1221 libros)
432 1185 634 1213 continueris.
666 1183 737 1213 *ad
768 1184 843 1213 Dix.
874 1185 927 1213 vii.
959 1188 1006 1219 19.

283 1227 521 1256 exercitatione
557 1237 774 1266 conscquerc:
816 1228 849 1256 in
881 1238 946 1265 qua
974 1233 1008 1257 te

284 1279 343 1299 nos
360 1271 597 1300 continebt'mus.
630 1271 725 1300 Brut.
748 1275 800 1304 97.
830 1273 952 1301 contine
974 1275 1007 1301 te

282 1314 317 1343 in
340 1315 407 1343 tuis
430 1314 628 1353 perennibus
652 1313 780 1344 studiis.
816 1314 834 1332 ²*
851 1314 1010 1344 contineri

281 1356 424 1396 denique
441 1357 611 1395 dicuntur,
632 1367 705 1395 quae
723 1358 819 1387 firma
833 1363 925 1395 sunt,
942 1368 1008 1388 non

283 1407 498 1439 rumpuntur.
527 1400 606 1430 Nat.
630 1401 672 1431 D.
696 1401 729 1430 ii.
755 1404 806 1434 57.
837 1401 876 1430 de
903 1411 1009 1431 mem-

281 1444 392 1474 branis
424 1444 616 1474 oculorum:
656 1444 775 1474 deiude
814 1445 938 1483 firmas,
970 1450 1009 1475 ut

279 1488 529 1518 continerentur.

329 1531 530 1569 contingere,
547 1531 585 1561 de
616 1541 650 1561 re
681 1531 779 1561 mala.
811 1531 874 1562 Off.
898 1533 930 1562 ii.
958 1535 1006 1562 1-1.

282 1574 324 1604 ad
339 1574 414 1604 Div.
429 1576 471 1604 xi.
493 1576 539 1605 16.
571 1585 591 1604 a
614 1575 753 1604 Gabinio
769 1575 867 1605 Cous.
884 1576 1007 1615 relega-

281 1621 336 1647 tus
365 1622 427 1655 est,
455 1618 542 1656 quod
569 1623 645 1648 ante
669 1619 702 1648 id
724 1623 858 1658 tempus
882 1620 943 1648 civi
967 1620 1006 1649 R.

281 1663 414 1699 contigit
428 1662 564 1691 nemini.
593 1662 634 1692 cf.
652 1661 751 1692 Catil.
768 1663 788 1692 i.
805 1666 835 1695 7.
860 1662 959 1692 Tusc.
976 1673 1007 1693 v.

281 1705 312 1734 6.
350 1705 437 1735 Nam
468 1704 548 1735 alias
579 1705 704 1736 dicitur
734 1705 773 1735 de
804 1716 838 1735 re
868 1706 946 1736 laeta
972 1711 1006 1736 et

280 1748 378 1777 bona.

332 1791 534 1822 Conttnuare.
570 1791 646 1830 Agr.
679 1792 725 1822 iii.
755 1795 786 1823 4.
817 1795 1006 1824 continuare

283 1843 391 1873 agros,
416 1840 479 1872 est,
503 1845 579 1865 cum
607 1835 703 1865 multi
728 1835 822 1866 fundi
849 1841 1006 1867 coemun-

282 1882 350 1915 tur,
363 1883 401 1907 ut
418 1888 476 1917 per
492 1878 629 1917 longum
646 1880 791 1918 spatium
806 1880 915 1910 nullus
929 1881 1007 1911 alie-

282 1930 344 1951 nus
363 1923 482 1951 uostris
500 1922 694 1960 interjectus
718 1923 771 1952 sit.
819 1924 1007 1954 Continuam

281 1965 381 1994 verba
395 1965 565 2002 dicuntur,
582 1976 659 1995 cum
683 1967 781 1996 verba
801 1967 909 2006 phrasi
926 1969 1006 2007 jun-

283 2013 421 2047 guntur,
438 2009 488 2038 vel
512 2009 636 2049 periodi
660 2014 848 2041 struuntur.
880 2011 937 2041 Or.
963 2012 1007 2042 iii.

281 2055 335 2085 37.

331 2094 540 2127 (butinucuz'o.
572 2096 628 2127 Or.
660 2097 704 2126 iii.
733 2100 780 2128 13.
811 2099 1007 2129 continuatio

283 2139 471 2176 verborum,
495 2144 544 2169 cst
568 2139 732 2179 periodus.
759 2140 838 2170 Nat.
855 2142 898 2172 D.
915 2143 936 2172 i.
955 2145 1007 2173 ζΖΟ.

282 2184 479 2213 continuatio
499 2192 686 2220 causarum,
704 2185 759 2222 qui
783 2184 879 2214 hodic
904 2195 1007 2216 nexus

283 2225 417 2255 dicitur.
442 2227 517 2256 Div.
531 2227 564 2256 ii.
577 2228 628 2260 69.
652 2229 848 2258 continuatio
864 2234 1006 2267 natura’,

283 2273 334 2298 est
356 2269 540 2307 συμπάθεια.
571 2271 650 2300 Nat.
674 2271 716 2300 D.
740 2271 761 2300 i.
782 2273 813 2301 4.
844 2278 895 2301 cst
917 2274 1005 2303 enim

284 2312 485 2342 admirabilis
497 2314 689 2344 caemttnuatz'o
705 2316 869 2353 seriesque
883 2325 1006 2354 rerum,

284 2361 324 2385 ut
338 2356 403 2384 alia
419 2366 457 2385 ex
474 2356 539 2386 alia
561 2367 645 2387 nexa
667 2362 702 2386 et
725 2368 839 2388 omnes
863 2359 952 2389 inter
974 2370 1007 2389 se

284 2403 369 2438 aptae
386 2399 615 2438 colligataeque
633 2401 817 2431 videantur.

333 2442 493 2473 Continuo.
522 2444 618 2473 Rosc.
640 2444 713 2473 Am.
739 2448 790 2475 33.
822 2455 887 2475 non
911 2448 1009 2476 conti—

283 2495 359 2522 nuo,
373 2486 398 2515 si
416 2497 469 2516 mc
484 2487 518 2516 in
537 2497 669 2526 gregem
684 2488 876 2518 sicariorum
891 2494 1008 2519 contu·

285 2528 322 2567 li,
339 2539 412 2558 suu]
430 2530 579 2559 sicarius.
607 2531 647 2560 cf.
666 2532 722 2561 Or.
738 2531 771 2561 ii.
789 2535 841 2562 43.

333 2572 541 2612 (onem-quere
577 2573 698 2603 dicitur
732 2576 863 2614 proprie
899 2575 938 2605 de
969 2586 1008 2606 eo

284 2621 379 2646 motu
410 2615 526 2653 hastae,
551 2621 609 2646 ant
641 2618 867 2657 cujuscunque
890 2619 1010 2657 jaculi,

284 2669 349 2697 quo
381 2660 410 2688 ei
442 2662 600 2698 majorem
629 2662 693 2690 vim
720 2668 818 2700 atque
842 2663 1007 2702 impetum

284 2702 449 2740 addimus,
474 2707 512 2733 ut
542 2705 707 2734 rotatione
734 2705 854 2743 gladio.
898 2707 1007 2744 Atque

284 2746 310 2775 is
327 2751 436 2776 motus
452 2756 555 2785 eaque
577 2749 715 2786 agitatio
727 2771 729 2773 .
741 2749 790 2785 fit,
806 2758 864 2787 pro
880 2750 1008 2779 ratione

275 2789 482 2827 jaculorum,
501 2796 559 2820 aut
576 2801 691 2828 manu,
705 2798 763 2821 aut
782 2792 936 2822 machina
950 2792 1009 2823 ali·

284 2842 361 2871 qua,
400 2843 473 2871 quae
512 2834 590 2864 hinc
626 2838 836 2865 tormentum
875 2836 1010 2866 dieitur.

284 2876 448 2917 Exempla.
460 2878 573 2908 crebra
585 2881 664 2909 sunt
673 2878 762 2919 apud
775 2882 900 2918 poetas,
918 2880 1008 2911 Hinc

1048 189 1098 226 fit,
1112 193 1163 226 ut,
1176 188 1333 228 quicquid
1344 188 1482 219 celerius
1496 194 1648 220 movetur
1659 193 1693 219 et
1708 189 1773 219 fer-

1047 237 1115 269 tur,
1132 233 1289 271 quicquid
1309 232 1536 263 vehementius
1554 236 1686 273 propter
1701 233 1774 262 bre·

1048 277 1185 305 vitatem
1200 282 1258 305 aut
1275 275 1476 306 celeritatrm
1490 276 1772 315 pronunciationis

1048 319 1138 355 ferit,
1162 328 1234 356 quae
1258 319 1419 349 acutiores
1442 326 1521 350 sunt
1544 320 1772 358 brevioresque

1048 362 1288 399 conclusiones,
1299 363 1415 401 quibus
1427 372 1519 402 paene
1531 364 1648 399 resisti,
1657 373 1772 402 quain-

1048 406 1095 434 vis
1107 404 1210 442 falsis,
1219 409 1333 434 tamen
1343 416 1407 435 non
1419 412 1540 446 potest,
1552 407 1583 435 id
1593 416 1690 436 omne
1700 416 1772 435 con-

1046 449 1199 488 torqueri,
1222 453 1401 479 contortum
1425 450 1564 479 dicatur.
1612 448 1773 488 Exempla

1048 502 1086 521 ex
1100 492 1274 532 praecipuis
1286 493 1460 531 generibus
1473 493 1542 522 haec
1554 496 1669 522 sunto:
1692 493 1772 522 Nat.

1048 535 1090 565 D.
1109 535 1130 564 i.
1152 538 1199 564 10.
1230 535 1345 574 globus
1369 536 1491 566 dicitur
1514 545 1636 574 inagna
1659 535 1772 564 celcri-

1048 582 1119 607 tate
1148 581 1357 618 contorqueri.
1388 580 1444 609 Or.
1477 580 1510 608 ii.
1547 582 1594 612 17.
1625 579 1681 617 qui
1713 580 1773 612 (sc.

1048 621 1147 650 homo
1170 621 1222 651 vel
1244 623 1388 660 animus)
1406 626 1577 661 tamquam
1602 621 1772 651 machina-

1047 665 1138 694 tione
1158 665 1281 704 aliqua,
1296 669 1369 695 tum
1393 666 1433 695 ad
1456 666 1680 701 severitatem,
1695 670 1771 695 tum

1048 708 1089 737 ad
1112 709 1338 739 remissionem
1364 710 1479 746 animi,
1503 714 1576 738 tum
1605 709 1647 738 ad
1669 709 1773 738 tristi-

1047 752 1130 781 tiam
1155 752 1213 781 &c.
1244 757 1295 782 est
1316 753 1576 792 contorquendus.
1606 754 1698 782 Orat.
1718 756 1771 786 70.

1048 799 1131 825 extr.
1158 795 1392 826 Demosthenis
1419 805 1485 825 non
1510 799 1580 825 tam
1607 796 1773 826 vibrarent

1047 838 1191 868 fulmina
1206 837 1274 874 illa,
1291 839 1354 868 nisi
1378 839 1525 868 numeris
1542 843 1684 868 contorta
1707 839 1772 868 fer-

1049 886 1173 911 rentur.
1205 881 1304 912 Tusc.
1322 882 1366 911 iii.
1383 882 1434 913 96.
1467 882 1505 911 dc
1526 882 1681 911 AEsehine
1704 882 1773 911 De-

1050 925 1257 955 mosthenem
1274 931 1468 955 accusante:
1494 935 1573 964 quas
1589 925 1771 954 sententias

1049 968 1198 1007 colligit?
1226 979 1298 1007 quae
1322 969 1420 998 verba
1442 969 1648 1008 contorquet?
1673 972 1710 998 ut
1734 968 1772 998 li-

1049 1022 1121 1041 cere
1138 1012 1266 1050 quidvis
1288 1012 1412 1042 rhetori
1436 1012 1614 1051 intelligas.
1643 1012 1718 1042 Div.
1737 1012 1771 1041 ii.

1048 1058 1098 1085 51.
1129 1055 1264 1085 videsne
1288 1056 1403 1094 igitur,
1419 1065 1492 1094 quae
1516 1055 1615 1085 dubia
1637 1055 1715 1091 sint,
1733 1064 1773 1085 ea.

1047 1099 1133 1128 sumi
1150 1109 1209 1138 pro
1224 1099 1323 1129 certis
1345 1103 1442 1138 atque
1467 1099 1651 1128 concessis?
1679 1098 1771 1128 dein·

1047 1142 1086 1171 dc
1103 1146 1307 1181 contorquent
1322 1147 1357 1172 et
1373 1143 1420 1172 ita
1439 1142 1661 1172 concludunt:
1694 1142 1771 1172 Non

1047 1186 1150 1224 igitur
1167 1186 1225 1215 ἃς.
1249 1186 1291 1216 cf.
1308 1190 1480 1223 contortus,
1498 1190 1646 1216 contorte.

1096 1230 1250 1259 (Jontorte.
1283 1229 1323 1259 ad
1340 1230 1419 1259 Her.
1436 1230 1456 1259 i.
1474 1234 1504 1263 9.
1532 1228 1662 1258 Invent.
1679 1229 1700 1258 i.
1718 1230 1771 1259 20.

1048 1272 1136 1302 inter
1166 1278 1331 1312 praecepta
1361 1273 1516 1302 narrandi
1545 1277 1611 1302 est:
1649 1271 1770 1311 nequid

1046 1317 1252 1355 perturbate,
1270 1316 1392 1355 nequid
1409 1320 1544 1346 contorte
1563 1316 1711 1346 dicatur:
1737 1315 1770 1344 h.

1046 1369 1075 1389 e.
1099 1360 1247 1389 obscure.
1278 1360 1330 1389 Sic
1354 1360 1410 1389 Or.
1428 1361 1449 1389 i.
1468 1362 1519 1390 58.
1548 1369 1599 1389 res
1622 1363 1771 1389 contorta

1045 1407 1080 1432 ct
1104 1402 1262 1433 difficiles.
1308 1403 1367 1432 Est
1391 1408 1502 1432 autem
1527 1402 1566 1432 dc
1591 1413 1629 1432 co
1651 1412 1771 1441 genere

1046 1446 1270 1482 obscuritatis,
1297 1445 1384 1485 quod
1409 1456 1448 1476 ex
1476 1447 1579 1476 nimia
1608 1445 1770 1475 brevitate

1045 1490 1162 1526 oritur,
1180 1489 1267 1529 quod
1282 1491 1386 1519 oratio
1410 1490 1508 1519 nimis
1532 1490 1635 1519 brevis
1660 1489 1770 1523 citium,

1047 1543 1146 1571 quam
1177 1533 1318 1572 intelligi
1354 1539 1476 1572 potest,
1505 1532 1770 1572 praetcrvehitur.

1045 1576 1144 1606 Tusc.
1169 1577 1213 1606 iii.
1243 1580 1289 1607 10.
1320 1577 1588 1606 commemoratis
1620 1576 1770 1605 brevibus

1045 1625 1079 1649 et
1096 1621 1180 1660 aptis
1197 1621 1286 1649 inter
1300 1630 1333 1650 se
1357 1620 1623 1650 conclusionibus
1647 1619 1773 1649 Stoico-

1046 1673 1139 1693 rum:
1179 1664 1249 1693 haec
1275 1663 1522 1694 concluduntur
1544 1663 1728 1693 contortius
1753 1671 1773 1692 a

1047 1708 1177 1737 Stoicis.

1094 1751 1250 1781 Contortz’o
1280 1750 1437 1787 dcxtcrae,
1464 1750 1544 1780 Her.
1570 1751 1612 1779 iv,
1642 1752 1690 1783 19.
1721 1753 1773 1778 est

1046 1795 1093 1824 vis
1110 1800 1144 1824 et
1168 1796 1258 1824 nisus
1276 1794 1459 1832 jaculandi.
1491 1794 1559 1823 Fat.
1578 1797 1608 1824 8.
1644 1792 1771 1822 Contor-

1047 1840 1142 1867 tiones
1159 1839 1330 1874 orationis,
1348 1838 1387 1867 de
1405 1837 1670 1867 conclusionibus
1688 1836 1772 1865 diffi-

1047 1881 1215 1911 cilioribus
1232 1885 1266 1910 et
1281 1881 1453 1911 fallacibus
1471 1880 1657 1920 Chrysippi.

1094 1925 1305 1955 Contortulus.
1335 1924 1434 1954 Tusc.
1451 1925 1485 1954 ii.
1506 1927 1553 1955 18.
1585 1923 1770 1953 contortulae

1048 1968 1288 1998 conclusiones.

1095 2012 1268 2042 Contortus.
1300 2012 1356 2042 Or.
1378 2012 1399 2041 i.
1417 2015 1468 2042 58.
1500 2020 1550 2041 res
1566 2013 1715 2040 contortoe
1738 2014 1772 2040 et

1047 2055 1206 2086 difficiles.
1235 2055 1335 2085 Tusc.
1351 2065 1381 2084 v.
1399 2058 1450 2090 ⁶27.
1477 2058 1624 2085 contortoe
1638 2052 1772 2082 conclu-

1047 2100 1166 2129 siones.
1197 2099 1297 2129 Acad.
1323 2099 1364 2128 iv.
1388 2101 1440 2130 ⁶24.
1471 2102 1613 2128 contorta
1636 2100 1669 2126 et
1694 2105 1773 2125 acu-

1048 2142 1136 2172 leata
1150 2143 1365 2182 sophismata.
1393 2142 1436 2172 cf.
1453 2143 1486 2172 in
1503 2146 1720 2180 contorquere,
1737 2144 1773 2168 et

1048 2191 1194 2217 contorte.

1098 2230 1223 2260 Contra.
1255 2229 1332 2268 Agr.
1364 2229 1397 2259 ii.
1426 2232 1477 2259 33.
1504 2233 1617 2268 petere
1647 2230 1775 2262 contra,

1049 2272 1171 2303 dicitur
1186 2274 1225 2303 de
1240 2273 1525 2312 competitoribus.
1550 2271 1683 2301 Muren.
1694 2272 1725 2300 4.
1746 2269 1774 2300 si

1048 2321 1146 2356 turpe
1163 2322 1274 2357 putas,
1289 2321 1323 2346 te
1340 2316 1512 2353 advocato,
1530 2315 1624 2344 illum
1649 2314 1774 2353 ipsum,

1049 2370 1147 2398 quem
1165 2365 1277 2390 contra
1300 2360 1441 2395 veneris,
1458 2368 1557 2388 causa
1579 2357 1713 2387 cadere:
1739 2356 1773 2385 11.

1050 2414 1078 2434 e.
1095 2414 1194 2442 quein
1212 2403 1384 2441 injudicio
1400 2403 1510 2442 aliquo
1522 2400 1775 2441 oppugnaveris.

1049 2457 1078 2477 v.
1096 2448 1228 2477 Manut.
1246 2447 1287 2476 ad
1309 2446 1343 2476 h.
1361 2446 1381 2476 l.
1414 2446 1547 2476 Cluent.
1568 2447 1622 2475 48.
1652 2444 1679 2473 si
1702 2443 1775 2482 quis

1049 2495 1162 2520 contra
1179 2491 1286 2520 dicere
1303 2489 1419 2519 vellet:
1445 2491 1466 2519 i.
1484 2500 1512 2519 e.
1528 2497 1694 2519 accusare.

1097 2534 1288 2569 contractio,
1305 2534 1459 2563 brevitas.
1483 2533 1553 2563 Att.
1570 2542 1600 2561 v.
1613 2534 1644 2560 4.
1665 2538 1776 2559 meam

1048 2577 1082 2606 in
1112 2588 1151 2607 co
1179 2577 1414 2617 parsimoniam
1441 2576 1615 2606 contractio
1645 2573 1775 2613 paginae

1049 2621 1186 2650 indicat.
1210 2621 1327 2650 Partit.
1340 2621 1371 2650 6.
1392 2621 1604 2651 contractione
1619 2616 1776 2647 <nationis

1049 2664 1088 2693 fit
1101 2665 1290 2694 obscurum.
1322 2663 1522 2694 *contractio
1544 2671 1622 2692 cum
1645 2660 1685 2690 de
1705 2660 1777 2689 ani·

1049 2716 1103 2736 mo
1130 2708 1264 2743 dicitur,
1288 2711 1338 2736 est
1360 2707 1465 2740 πάθος
1488 2707 1598 2741 triste,
1622 2708 1683 2733 aut
1704 2704 1776 2741 ejus

1049 2750 1198 2781 effectus.
1228 2751 1328 2781 Tusc.
1344 2751 1384 2781 iv.
1402 2754 1461 2781 31.
1487 2749 1601 2779 eodem
1627 2747 1705 2777 vitio
1726 2750 1777 2778 est

1050 2794 1166 2825 effusio
1175 2795 1278 2824 animi
1287 2794 1322 2823 in
1331 2794 1461 2831 laetitia,
1470 2803 1535 2832 quo
1543 2793 1578 2822 in
1587 2790 1698 2821 dolore
1706 2799 1777 2819 con-

1050 2839 1175 2868 tractio.
1192 2838 1271 2867 ibid.
1282 2838 1364 2871 i.37.
1380 2837 1468 2876 quod
1480 2838 1513 2866 in
1529 2836 1591 2866 hoc
1606 2836 1693 2864 inest
1706 2842 1779 2863 om·-

1053 2881 1103 2911 uis
1120 2881 1224 2911 animi
1239 2882 1425 2919 contractio,
1442 2890 1482 2911 ex
1499 2884 1592 2910 metu
1608 2877 1736 2908 mortis.

1944 2907 1966 3206 &Qu-*⁴*
1955 2761 1968 2902 esaan-‚h
1958 2581 1967 2752 ..μὴ-..ψ
1964 2556 1965 2561 1
