<?xml version="1.0" encoding="UTF-8"?>
<!DOCTYPE html PUBLIC "-//W3C//DTD XHTML 1.0 Transitional//EN"
    "http://www.w3.org/TR/xhtml1/DTD/xhtml1-transitional.dtd">
<html xmlns="http://www.w3.org/1999/xhtml" xml:lang="en" lang="en">
 <head>
  <title>
</title>
<meta http-equiv="Content-Type" content="text/html;charset=utf-8" />
  <meta name='ocr-system' content='tesseract 3.04.00' />
  <meta name='ocr-capabilities' content='ocr_page ocr_carea ocr_par ocr_line ocrx_word'/>
</head>
<body>
  <div class='ocr_page' id='page_1' title='image "./clavisciceronian00erneuoft/clavisciceronian00erneuoft_0231.png"; bbox 0 0 1985 3206; ppageno 0'>
   <div class='ocr_carea' id='block_1_1' title="bbox 0 0 44 3206">
    <p class='ocr_par' dir='ltr' id='par_1_1' title="bbox 0 0 44 3206">
     <span class='ocr_line' id='line_1_1' title="bbox 0 0 44 3206; baseline 0 0"><span class='ocrx_word' id='word_1_1' title='bbox 0 0 44 3206; x_wconf 95' lang='lat' dir='ltr'> </span> 
     </span>
    </p>
   </div>
   <div class='ocr_carea' id='block_1_2' title="bbox 719 96 1192 128">
    <p class='ocr_par' dir='ltr' id='par_1_2' title="bbox 719 96 1192 128">
     <span class='ocr_line' id='line_1_2' title="bbox 719 96 1192 128; baseline -0.004 0"><span class='ocrx_word' id='word_1_2' title='bbox 719 96 866 128; x_wconf 72' lang='lat' dir='ltr'>lNDEx</span> <span class='ocrx_word' id='word_1_3' title='bbox 895 97 1192 127; x_wconf 78' lang='lat' dir='ltr'>LATlNl&#39;rA‘rls.</span> 
     </span>
    </p>
   </div>
   <div class='ocr_carea' id='block_1_3' title="bbox 188 188 936 2924">
    <p class='ocr_par' dir='ltr' id='par_1_3' title="bbox 197 188 926 535">
     <span class='ocr_line' id='line_1_3' title="bbox 199 188 924 228; baseline -0.007 -6"><span class='ocrx_word' id='word_1_4' title='bbox 199 194 327 228; x_wconf 61' lang='lat' dir='ltr'>nerent,</span> <span class='ocrx_word' id='word_1_5' title='bbox 350 198 385 221; x_wconf 77' lang='lat' dir='ltr'>se</span> <span class='ocrx_word' id='word_1_6' title='bbox 407 189 505 227; x_wconf 73' lang='lat' dir='ltr'>seire,</span> <span class='ocrx_word' id='word_1_7' title='bbox 521 189 576 228; x_wconf 89' lang='lat' dir='ltr'>qui</span> <span class='ocrx_word' id='word_1_8' title='bbox 601 188 657 227; x_wconf 76' lang='lat' dir='ltr'>sit,</span> <span class='ocrx_word' id='word_1_9' title='bbox 673 197 817 228; x_wconf 86' lang='lat' dir='ltr'>eumque</span> <span class='ocrx_word' id='word_1_10' title='bbox 840 197 924 224; x_wconf 78' lang='lat' dir='ltr'>esse,</span> 
     </span>
     <span class='ocr_line' id='line_1_4' title="bbox 200 232 924 273; baseline -0.006 -9"><span class='ocrx_word' id='word_1_11' title='bbox 200 243 299 273; x_wconf 88' lang='lat' dir='ltr'>quem</span> <span class='ocrx_word' id='word_1_12' title='bbox 323 242 357 264; x_wconf 85' lang='lat' dir='ltr'>se</span> <span class='ocrx_word' id='word_1_13' title='bbox 380 232 480 263; x_wconf 89' lang='lat' dir='ltr'>dicat.</span> <span class='ocrx_word' id='word_1_14' title='bbox 515 232 557 262; x_wconf 81' lang='lat' dir='ltr'>cf.</span> <span class='ocrx_word' id='word_1_15' title='bbox 574 242 603 262; x_wconf 93' lang='lat' dir='ltr'>v.</span> <span class='ocrx_word' id='word_1_16' title='bbox 620 235 672 267; x_wconf 89' lang='lat'>59.</span> <span class='ocrx_word' id='word_1_17' title='bbox 706 242 736 262; x_wconf 88' lang='lat' dir='ltr'>v.</span> <span class='ocrx_word' id='word_1_18' title='bbox 764 232 924 270; x_wconf 76' lang='lat' dir='ltr'>Cognitor.</span> 
     </span>
     <span class='ocr_line' id='line_1_5' title="bbox 198 277 926 314; baseline -0.005 -6"><span class='ocrx_word' id='word_1_19' title='bbox 198 286 233 308; x_wconf 88' lang='lat' dir='ltr'>n.</span> <span class='ocrx_word' id='word_1_20' title='bbox 254 280 280 308; x_wconf 91' lang='lat' dir='ltr'>l.</span> <span class='ocrx_word' id='word_1_21' title='bbox 303 277 323 296; x_wconf 64' lang='lat'>¹*</span> <span class='ocrx_word' id='word_1_22' title='bbox 335 277 392 307; x_wconf 90' lang='lat' dir='ltr'>Or.</span> <span class='ocrx_word' id='word_1_23' title='bbox 408 277 441 306; x_wconf 92' lang='lat' dir='ltr'>ii.</span> <span class='ocrx_word' id='word_1_24' title='bbox 456 279 509 307; x_wconf 90' lang='lat'>41.</span> <span class='ocrx_word' id='word_1_25' title='bbox 533 285 717 314; x_wconf 78' lang='lat' dir='ltr'>cog⁷wscere</span> <span class='ocrx_word' id='word_1_26' title='bbox 731 280 852 311; x_wconf 84' lang='lat' dir='ltr'>artem,</span> <span class='ocrx_word' id='word_1_27' title='bbox 868 284 926 314; x_wconf 83' lang='lat' dir='ltr'>pro</span> 
     </span>
     <span class='ocr_line' id='line_1_6' title="bbox 198 317 926 360; baseline -0.005 -9"><span class='ocrx_word' id='word_1_28' title='bbox 198 330 390 360; x_wconf 79' lang='lat' dir='ltr'>agnoscere,</span> <span class='ocrx_word' id='word_1_29' title='bbox 418 320 542 350; x_wconf 83' lang='lat' dir='ltr'>sentir’e</span> <span class='ocrx_word' id='word_1_30' title='bbox 571 324 677 350; x_wconf 86' lang='lat' dir='ltr'>artem</span> <span class='ocrx_word' id='word_1_31' title='bbox 704 329 774 349; x_wconf 87' lang='lat' dir='ltr'>esse</span> <span class='ocrx_word' id='word_1_32' title='bbox 798 317 926 348; x_wconf 83' lang='lat' dir='ltr'>adbibi-</span> 
     </span>
     <span class='ocr_line' id='line_1_7' title="bbox 198 362 925 402; baseline -0.004 -8"><span class='ocrx_word' id='word_1_33' title='bbox 198 368 278 394; x_wconf 78' lang='lat' dir='ltr'>tam.</span> <span class='ocrx_word' id='word_1_34' title='bbox 311 364 383 394; x_wconf 67' lang='lat' dir='ltr'>²*ad</span> <span class='ocrx_word' id='word_1_35' title='bbox 413 364 494 394; x_wconf 78' lang='lat' dir='ltr'>Her.</span> <span class='ocrx_word' id='word_1_36' title='bbox 525 363 566 392; x_wconf 84' lang='lat' dir='ltr'>iv.</span> <span class='ocrx_word' id='word_1_37' title='bbox 603 366 650 393; x_wconf 83' lang='grc'>18.</span> <span class='ocrx_word' id='word_1_38' title='bbox 689 363 745 402; x_wconf 89' lang='lat' dir='ltr'>qui</span> <span class='ocrx_word' id='word_1_39' title='bbox 777 362 925 402; x_wconf 85' lang='lat' dir='ltr'>privatus</span> 
     </span>
     <span class='ocr_line' id='line_1_8' title="bbox 200 406 925 447; baseline -0.006 -10"><span class='ocrx_word' id='word_1_40' title='bbox 200 407 402 437; x_wconf 83' lang='lat' dir='ltr'>intolerabili</span> <span class='ocrx_word' id='word_1_41' title='bbox 425 406 579 447; x_wconf 86' lang='lat' dir='ltr'>snperbia</span> <span class='ocrx_word' id='word_1_42' title='bbox 601 406 714 443; x_wconf 76' lang='lat' dir='ltr'>suerit,</span> <span class='ocrx_word' id='word_1_43' title='bbox 733 415 810 436; x_wconf 81' lang='lat' dir='ltr'>eum</span> <span class='ocrx_word' id='word_1_44' title='bbox 835 415 925 435; x_wconf 88' lang='lat' dir='ltr'>com-</span> 
     </span>
     <span class='ocr_line' id='line_1_9' title="bbox 198 449 924 488; baseline -0.004 -7"><span class='ocrx_word' id='word_1_45' title='bbox 198 451 337 481; x_wconf 86' lang='lat' dir='ltr'>modum</span> <span class='ocrx_word' id='word_1_46' title='bbox 364 455 398 481; x_wconf 87' lang='lat' dir='ltr'>et</span> <span class='ocrx_word' id='word_1_47' title='bbox 425 451 475 481; x_wconf 90' lang='lat' dir='ltr'>sui</span> <span class='ocrx_word' id='word_1_48' title='bbox 501 455 732 488; x_wconf 69' lang='lat' dir='ltr'>cognoscentem</span> <span class='ocrx_word' id='word_1_49' title='bbox 757 449 866 479; x_wconf 81' lang='lat' dir='ltr'>videre</span> <span class='ocrx_word' id='word_1_50' title='bbox 890 449 924 478; x_wconf 90' lang='lat' dir='ltr'>in</span> 
     </span>
     <span class='ocr_line' id='line_1_10' title="bbox 197 494 602 535; baseline -0.002 -11"><span class='ocrx_word' id='word_1_51' title='bbox 197 499 362 535; x_wconf 80' lang='lat' dir='ltr'>potestate</span> <span class='ocrx_word' id='word_1_52' title='bbox 379 495 452 534; x_wconf 88' lang='lat' dir='ltr'>quis</span> <span class='ocrx_word' id='word_1_53' title='bbox 467 498 577 533; x_wconf 77' lang='lat' dir='ltr'>speret</span> <span class='ocrx_word' id='word_1_54' title='bbox 590 494 602 523; x_wconf 74' lang='grc' dir='ltr'>Ρ</span> 
     </span>
    </p>

    <p class='ocr_par' dir='ltr' id='par_1_4' title="bbox 196 535 923 664">
     <span class='ocr_line' id='line_1_11' title="bbox 247 535 923 568; baseline -0.006 0"><span class='ocrx_word' id='word_1_55' title='bbox 247 539 454 568; x_wconf 72' lang='lat' dir='ltr'>(blzoerentt&#39;a.</span> <span class='ocrx_word' id='word_1_56' title='bbox 477 538 555 567; x_wconf 74' lang='lat' dir='ltr'>Nat.</span> <span class='ocrx_word' id='word_1_57' title='bbox 572 537 614 567; x_wconf 90' lang='lat' dir='ltr'>D.</span> <span class='ocrx_word' id='word_1_58' title='bbox 628 537 725 567; x_wconf 70' lang='lat' dir='ltr'>ii.6⁶2.</span> <span class='ocrx_word' id='word_1_59' title='bbox 751 535 791 565; x_wconf 86' lang='lat' dir='ltr'>ad</span> <span class='ocrx_word' id='word_1_60' title='bbox 807 535 923 565; x_wconf 66' lang='lat' dir='ltr'>mnndi</span> 
     </span>
     <span class='ocr_line' id='line_1_12' title="bbox 196 579 923 621; baseline -0.004 -10"><span class='ocrx_word' id='word_1_61' title='bbox 196 582 421 611; x_wconf 75' lang='lat' dir='ltr'>toleoerentiam</span> <span class='ocrx_word' id='word_1_62' title='bbox 439 581 622 621; x_wconf 78' lang='lat' dir='ltr'>pertinent,</span> <span class='ocrx_word' id='word_1_63' title='bbox 634 590 679 610; x_wconf 84' lang='lat' dir='ltr'>Sc.</span> <span class='ocrx_word' id='word_1_64' title='bbox 695 579 781 618; x_wconf 74' lang='lat' dir='ltr'>quod</span> <span class='ocrx_word' id='word_1_65' title='bbox 797 581 868 608; x_wconf 83' lang='lat' dir='ltr'>sinc</span> <span class='ocrx_word' id='word_1_66' title='bbox 885 579 923 608; x_wconf 67' lang='lat'>513</span> 
     </span>
     <span class='ocr_line' id='line_1_13' title="bbox 197 625 760 664; baseline -0.004 -10"><span class='ocrx_word' id='word_1_67' title='bbox 197 625 343 655; x_wconf 86' lang='lat' dir='ltr'>mundus</span> <span class='ocrx_word' id='word_1_68' title='bbox 360 626 539 655; x_wconf 68' lang='lat' dir='ltr'><strong>consistere</strong></span> <span class='ocrx_word' id='word_1_69' title='bbox 556 634 623 653; x_wconf 91' lang='lat' dir='ltr'>non</span> <span class='ocrx_word' id='word_1_70' title='bbox 640 626 760 664; x_wconf 75' lang='lat' dir='ltr'>potest.</span> 
     </span>
    </p>

    <p class='ocr_par' dir='ltr' id='par_1_5' title="bbox 188 666 925 1362">
     <span class='ocr_line' id='line_1_14' title="bbox 247 666 922 705; baseline -0.003 -7"><span class='ocrx_word' id='word_1_71' title='bbox 247 668 422 705; x_wconf 56' lang='lat' dir='ltr'>(obserere,</span> <span class='ocrx_word' id='word_1_72' title='bbox 452 669 644 698; x_wconf 75' lang='lat' dir='ltr'>consistere.</span> <span class='ocrx_word' id='word_1_73' title='bbox 680 666 779 697; x_wconf 76' lang='lat' dir='ltr'>Tusc.</span> <span class='ocrx_word' id='word_1_74' title='bbox 810 676 840 695; x_wconf 90' lang='lat' dir='ltr'>v.</span> <span class='ocrx_word' id='word_1_75' title='bbox 870 668 922 696; x_wconf 64' lang='lat'>⁶22.</span> 
     </span>
     <span class='ocr_line' id='line_1_15' title="bbox 197 712 921 742; baseline -0.004 0"><span class='ocrx_word' id='word_1_76' title='bbox 197 712 337 742; x_wconf 77' lang='lat' dir='ltr'>virtutes</span> <span class='ocrx_word' id='word_1_77' title='bbox 370 712 440 741; x_wconf 85' lang='lat' dir='ltr'>sine</span> <span class='ocrx_word' id='word_1_78' title='bbox 471 713 567 741; x_wconf 75' lang='lat' dir='ltr'>beata</span> <span class='ocrx_word' id='word_1_79' title='bbox 589 712 657 740; x_wconf 73' lang='lat' dir='ltr'>vita</span> <span class='ocrx_word' id='word_1_80' title='bbox 678 712 833 740; x_wconf 58' lang='lat' dir='ltr'>columem</span> <span class='ocrx_word' id='word_1_81' title='bbox 856 720 921 739; x_wconf 85' lang='lat' dir='ltr'>non</span> 
     </span>
     <span class='ocr_line' id='line_1_16' title="bbox 198 753 921 796; baseline -0.004 -11"><span class='ocrx_word' id='word_1_82' title='bbox 198 759 349 796; x_wconf 78' lang='lat' dir='ltr'>possunt,</span> <span class='ocrx_word' id='word_1_83' title='bbox 376 765 436 785; x_wconf 87' lang='lat' dir='ltr'>nec</span> <span class='ocrx_word' id='word_1_84' title='bbox 466 756 537 785; x_wconf 77' lang='lat' dir='ltr'>sine</span> <span class='ocrx_word' id='word_1_85' title='bbox 566 755 691 784; x_wconf 78' lang='lat' dir='ltr'>virtute</span> <span class='ocrx_word' id='word_1_86' title='bbox 718 754 786 783; x_wconf 78' lang='lat' dir='ltr'>vita</span> <span class='ocrx_word' id='word_1_87' title='bbox 815 753 921 783; x_wconf 76' lang='lat' dir='ltr'>beata.</span> 
     </span>
     <span class='ocr_line' id='line_1_17' title="bbox 200 797 921 839; baseline -0.003 -11"><span class='ocrx_word' id='word_1_88' title='bbox 200 799 280 829; x_wconf 81' lang='lat' dir='ltr'>Har.</span> <span class='ocrx_word' id='word_1_89' title='bbox 306 799 405 839; x_wconf 70' lang='lat' dir='ltr'>Resp.</span> <span class='ocrx_word' id='word_1_90' title='bbox 429 800 481 833; x_wconf 70' lang='grc'>27.</span> <span class='ocrx_word' id='word_1_91' title='bbox 509 799 535 828; x_wconf 88' lang='lat' dir='ltr'>si</span> <span class='ocrx_word' id='word_1_92' title='bbox 562 798 709 837; x_wconf 80' lang='lat' dir='ltr'>undique</span> <span class='ocrx_word' id='word_1_93' title='bbox 730 797 921 834; x_wconf 54' lang='lat' dir='ltr'>fulciamus,</span> 
     </span>
     <span class='ocr_line' id='line_1_18' title="bbox 198 841 921 873; baseline -0.003 -2"><span class='ocrx_word' id='word_1_94' title='bbox 198 844 408 873; x_wconf 73' lang='lat' dir='ltr'>cohoerebune.</span> <span class='ocrx_word' id='word_1_95' title='bbox 436 842 602 872; x_wconf 73' lang='lat' dir='ltr'>*TuseuL</span> <span class='ocrx_word' id='word_1_96' title='bbox 620 842 665 872; x_wconf 89' lang='lat' dir='ltr'>iii.</span> <span class='ocrx_word' id='word_1_97' title='bbox 683 843 734 872; x_wconf 70' lang='lat'>⁶25.</span> <span class='ocrx_word' id='word_1_98' title='bbox 762 841 921 871; x_wconf 78' lang='lat' dir='ltr'>fulciendi</span> 
     </span>
     <span class='ocr_line' id='line_1_19' title="bbox 188 886 922 925; baseline -0.004 -9"><span class='ocrx_word' id='word_1_99' title='bbox 188 891 289 925; x_wconf 47' lang='lat' dir='ltr'>sunt,</span> <span class='ocrx_word' id='word_1_100' title='bbox 307 887 362 925; x_wconf 87' lang='lat' dir='ltr'>qui</span> <span class='ocrx_word' id='word_1_101' title='bbox 386 892 504 923; x_wconf 80' lang='lat' dir='ltr'>ruunt,</span> <span class='ocrx_word' id='word_1_102' title='bbox 520 895 580 915; x_wconf 85' lang='lat' dir='ltr'>nec</span> <span class='ocrx_word' id='word_1_103' title='bbox 606 889 745 925; x_wconf 72' lang='lat' dir='ltr'>possunt</span> <span class='ocrx_word' id='word_1_104' title='bbox 767 886 922 914; x_wconf 39' lang='lat' dir='ltr'>cohart-ere</span> 
     </span>
     <span class='ocr_line' id='line_1_20' title="bbox 199 928 922 970; baseline -0.001 -12"><span class='ocrx_word' id='word_1_105' title='bbox 199 936 336 970; x_wconf 74' lang='lat' dir='ltr'>propter</span> <span class='ocrx_word' id='word_1_106' title='bbox 352 929 619 969; x_wconf 82' lang='lat' dir='ltr'>magnitudinem</span> <span class='ocrx_word' id='word_1_107' title='bbox 632 928 849 968; x_wconf 75' lang='lat' dir='ltr'>aegritudinis.</span> <span class='ocrx_word' id='word_1_108' title='bbox 863 937 922 958; x_wconf 74' lang='lat' dir='ltr'>sae-</span> 
     </span>
     <span class='ocr_line' id='line_1_21' title="bbox 196 972 923 1012; baseline -0.004 -9"><span class='ocrx_word' id='word_1_109' title='bbox 196 983 239 1012; x_wconf 71' lang='lat' dir='ltr'>&#39;pe</span> <span class='ocrx_word' id='word_1_110' title='bbox 263 974 309 1003; x_wconf 80' lang='lat' dir='ltr'>sic</span> <span class='ocrx_word' id='word_1_111' title='bbox 332 975 486 1003; x_wconf 58' lang='lat' dir='ltr'>coherere</span> <span class='ocrx_word' id='word_1_112' title='bbox 507 979 557 1003; x_wconf 84' lang='lat' dir='ltr'>est</span> <span class='ocrx_word' id='word_1_113' title='bbox 581 983 633 1012; x_wconf 82' lang='lat' dir='ltr'>ap.</span> <span class='ocrx_word' id='word_1_114' title='bbox 651 972 720 1002; x_wconf 73' lang='lat' dir='ltr'>Cic.</span> <span class='ocrx_word' id='word_1_115' title='bbox 743 982 802 1011; x_wconf 84' lang='lat' dir='ltr'>pro</span> <span class='ocrx_word' id='word_1_116' title='bbox 818 981 856 1001; x_wconf 80' lang='lat' dir='ltr'>eo</span> <span class='ocrx_word' id='word_1_117' title='bbox 872 976 923 1000; x_wconf 74' lang='lat' dir='ltr'>cst,</span> 
     </span>
     <span class='ocr_line' id='line_1_22' title="bbox 193 1016 919 1055; baseline -0.001 -9"><span class='ocrx_word' id='word_1_118' title='bbox 193 1017 354 1055; x_wconf 85' lang='lat' dir='ltr'>junctum</span> <span class='ocrx_word' id='word_1_119' title='bbox 379 1027 447 1047; x_wconf 85' lang='lat' dir='ltr'>esse</span> <span class='ocrx_word' id='word_1_120' title='bbox 471 1017 514 1047; x_wconf 87' lang='lat' dir='ltr'>N.</span> <span class='ocrx_word' id='word_1_121' title='bbox 537 1016 581 1046; x_wconf 91' lang='lat' dir='ltr'>D.</span> <span class='ocrx_word' id='word_1_122' title='bbox 598 1017 632 1046; x_wconf 89' lang='lat' dir='ltr'>ii.</span> <span class='ocrx_word' id='word_1_123' title='bbox 650 1019 700 1046; x_wconf 71' lang='grc'>98.</span> <span class='ocrx_word' id='word_1_124' title='bbox 724 1016 743 1033; x_wconf 63' lang='grc'><em>*</em></span> <span class='ocrx_word' id='word_1_125' title='bbox 755 1016 834 1054; x_wconf 75' lang='lat' dir='ltr'>Leg.</span> <span class='ocrx_word' id='word_1_126' title='bbox 852 1016 872 1044; x_wconf 88' lang='lat' dir='ltr'>i.</span> <span class='ocrx_word' id='word_1_127' title='bbox 890 1018 919 1045; x_wconf 60' lang='lat'>9..</span> 
     </span>
     <span class='ocr_line' id='line_1_23' title="bbox 200 1059 921 1099; baseline -0.004 -9"><span class='ocrx_word' id='word_1_128' title='bbox 200 1060 266 1090; x_wconf 82' lang='lat' dir='ltr'>alia</span> <span class='ocrx_word' id='word_1_129' title='bbox 288 1061 406 1099; x_wconf 86' lang='lat' dir='ltr'>quibus</span> <span class='ocrx_word' id='word_1_130' title='bbox 428 1061 583 1090; x_wconf 72' lang='lat' dir='ltr'>cohoerent</span> <span class='ocrx_word' id='word_1_131' title='bbox 605 1059 777 1089; x_wconf 84' lang='lat' dir='ltr'>homines:</span> <span class='ocrx_word' id='word_1_132' title='bbox 814 1062 921 1098; x_wconf 72' lang='lat' dir='ltr'>partes</span> 
     </span>
     <span class='ocr_line' id='line_1_24' title="bbox 201 1103 922 1142; baseline -0.003 -9"><span class='ocrx_word' id='word_1_133' title='bbox 201 1104 318 1142; x_wconf 85' lang='lat' dir='ltr'>quibus</span> <span class='ocrx_word' id='word_1_134' title='bbox 341 1109 508 1133; x_wconf 71' lang='lat' dir='ltr'>constant.</span> <span class='ocrx_word' id='word_1_135' title='bbox 543 1103 696 1133; x_wconf 64' lang='lat' dir='ltr'>⁵⁹Caecin.</span> <span class='ocrx_word' id='word_1_136' title='bbox 734 1106 780 1132; x_wconf 74' lang='lat'>18.</span> <span class='ocrx_word' id='word_1_137' title='bbox 814 1112 922 1132; x_wconf 60' lang='lat' dir='ltr'>sermo</span> 
     </span>
     <span class='ocr_line' id='line_1_25' title="bbox 200 1147 922 1186; baseline 0 -9"><span class='ocrx_word' id='word_1_138' title='bbox 200 1147 372 1177; x_wconf 81' lang='lat' dir='ltr'>familiaris</span> <span class='ocrx_word' id='word_1_139' title='bbox 389 1151 423 1177; x_wconf 87' lang='lat' dir='ltr'>et</span> <span class='ocrx_word' id='word_1_140' title='bbox 437 1147 649 1186; x_wconf 84' lang='lat' dir='ltr'>quotidianus</span> <span class='ocrx_word' id='word_1_141' title='bbox 666 1156 731 1176; x_wconf 86' lang='lat' dir='ltr'>non</span> <span class='ocrx_word' id='word_1_142' title='bbox 747 1147 922 1177; x_wconf 68' lang='lat' dir='ltr'>eohccrehie.</span> 
     </span>
     <span class='ocr_line' id='line_1_26' title="bbox 202 1190 922 1225; baseline -0.001 -5"><span class='ocrx_word' id='word_1_143' title='bbox 202 1190 282 1221; x_wconf 64' lang='lat' dir='ltr'>(Loci.</span> <span class='ocrx_word' id='word_1_144' title='bbox 306 1194 336 1225; x_wconf 77' lang='grc'>7,</span> <span class='ocrx_word' id='word_1_145' title='bbox 364 1191 417 1220; x_wconf 76' lang='lat' dir='ltr'>vix</span> <span class='ocrx_word' id='word_1_146' title='bbox 439 1191 614 1220; x_wconf 72' lang='lat' dir='ltr'>colzoerebat</span> <span class='ocrx_word' id='word_1_147' title='bbox 636 1191 752 1220; x_wconf 83' lang='lat' dir='ltr'>oratio.</span> <span class='ocrx_word' id='word_1_148' title='bbox 774 1190 807 1219; x_wconf 90' lang='lat' dir='ltr'>h.</span> <span class='ocrx_word' id='word_1_149' title='bbox 824 1200 852 1219; x_wconf 83' lang='lat' dir='ltr'>e.</span> <span class='ocrx_word' id='word_1_150' title='bbox 869 1190 922 1219; x_wconf 76' lang='lat' dir='ltr'>vix</span> 
     </span>
     <span class='ocr_line' id='line_1_27' title="bbox 200 1234 924 1264; baseline -0.001 0"><span class='ocrx_word' id='word_1_151' title='bbox 200 1234 261 1264; x_wconf 74' lang='lat' dir='ltr'>sibi</span> <span class='ocrx_word' id='word_1_152' title='bbox 292 1235 477 1264; x_wconf 72' lang='lat' dir='ltr'>constabat.</span> <span class='ocrx_word' id='word_1_153' title='bbox 506 1234 526 1252; x_wconf 40' lang='grc' dir='ltr'>ᾖ</span> <span class='ocrx_word' id='word_1_154' title='bbox 541 1235 598 1264; x_wconf 89' lang='lat' dir='ltr'>Or.</span> <span class='ocrx_word' id='word_1_155' title='bbox 622 1234 668 1264; x_wconf 83' lang='lat' dir='ltr'>iii.</span> <span class='ocrx_word' id='word_1_156' title='bbox 691 1236 744 1264; x_wconf 67' lang='lat'>453.</span> <span class='ocrx_word' id='word_1_157' title='bbox 768 1236 924 1263; x_wconf 61' lang='lat' dir='ltr'>colim-eus</span> 
     </span>
     <span class='ocr_line' id='line_1_28' title="bbox 199 1277 925 1317; baseline -0.001 -10"><span class='ocrx_word' id='word_1_158' title='bbox 199 1278 318 1316; x_wconf 89' lang='lat' dir='ltr'>oratio,</span> <span class='ocrx_word' id='word_1_159' title='bbox 335 1287 408 1317; x_wconf 86' lang='lat' dir='ltr'>quae</span> <span class='ocrx_word' id='word_1_160' title='bbox 431 1278 538 1307; x_wconf 88' lang='lat' dir='ltr'>oritur</span> <span class='ocrx_word' id='word_1_161' title='bbox 552 1288 569 1307; x_wconf 83' lang='lat' dir='ltr'>e</span> <span class='ocrx_word' id='word_1_162' title='bbox 585 1277 824 1316; x_wconf 81' lang='lat' dir='ltr'>compositione</span> <span class='ocrx_word' id='word_1_163' title='bbox 848 1281 925 1317; x_wconf 81' lang='lat' dir='ltr'>apta</span> 
     </span>
     <span class='ocr_line' id='line_1_29' title="bbox 200 1321 744 1362; baseline -0.002 -11"><span class='ocrx_word' id='word_1_164' title='bbox 200 1322 374 1351; x_wconf 76' lang='lat' dir='ltr'>verborum</span> <span class='ocrx_word' id='word_1_165' title='bbox 388 1333 396 1351; x_wconf 71' lang='grc' dir='ltr'><strong><em>τ</em></strong></span> <span class='ocrx_word' id='word_1_166' title='bbox 420 1322 599 1362; x_wconf 82' lang='lat' dir='ltr'>opponitur</span> <span class='ocrx_word' id='word_1_167' title='bbox 613 1321 744 1351; x_wconf 71' lang='lat' dir='ltr'>hiulcae.</span> 
     </span>
    </p>

    <p class='ocr_par' dir='ltr' id='par_1_6' title="bbox 200 1365 928 1831">
     <span class='ocr_line' id='line_1_30' title="bbox 250 1365 924 1395; baseline -0.001 0"><span class='ocrx_word' id='word_1_168' title='bbox 250 1365 406 1395; x_wconf 71' lang='lat' dir='ltr'>cohibere.</span> <span class='ocrx_word' id='word_1_169' title='bbox 437 1365 479 1395; x_wconf 79' lang='lat' dir='ltr'>ad</span> <span class='ocrx_word' id='word_1_170' title='bbox 494 1366 570 1395; x_wconf 74' lang='lat' dir='ltr'>Div.</span> <span class='ocrx_word' id='word_1_171' title='bbox 588 1365 628 1394; x_wconf 77' lang='lat' dir='ltr'>iv.</span> <span class='ocrx_word' id='word_1_172' title='bbox 647 1368 676 1395; x_wconf 88' lang='lat'>5.</span> <span class='ocrx_word' id='word_1_173' title='bbox 705 1365 761 1394; x_wconf 64' lang='lat' dir='ltr'>Vis</span> <span class='ocrx_word' id='word_1_174' title='bbox 779 1374 820 1394; x_wconf 89' lang='lat' dir='ltr'>ne</span> <span class='ocrx_word' id='word_1_175' title='bbox 836 1369 874 1394; x_wconf 85' lang='lat' dir='ltr'>tu</span> <span class='ocrx_word' id='word_1_176' title='bbox 889 1368 924 1394; x_wconf 83' lang='lat' dir='ltr'>tc</span> 
     </span>
     <span class='ocr_line' id='line_1_31' title="bbox 200 1408 924 1439; baseline -0.001 -1"><span class='ocrx_word' id='word_1_177' title='bbox 200 1409 352 1439; x_wconf 67' lang='lat' dir='ltr'>cohibere.</span> <span class='ocrx_word' id='word_1_178' title='bbox 372 1409 394 1438; x_wconf 87' lang='lat' dir='ltr'>i.</span> <span class='ocrx_word' id='word_1_179' title='bbox 411 1418 440 1438; x_wconf 85' lang='lat' dir='ltr'>e.</span> <span class='ocrx_word' id='word_1_180' title='bbox 464 1408 628 1438; x_wconf 76' lang='lat' dir='ltr'>moderari</span> <span class='ocrx_word' id='word_1_181' title='bbox 651 1408 754 1438; x_wconf 84' lang='lat' dir='ltr'>animi</span> <span class='ocrx_word' id='word_1_182' title='bbox 778 1418 924 1438; x_wconf 83' lang='lat' dir='ltr'>eommo—</span> 
     </span>
     <span class='ocr_line' id='line_1_32' title="bbox 200 1451 925 1491; baseline -0.001 -9"><span class='ocrx_word' id='word_1_183' title='bbox 200 1453 342 1489; x_wconf 86' lang='lat' dir='ltr'>tionem,</span> <span class='ocrx_word' id='word_1_184' title='bbox 358 1462 388 1482; x_wconf 78' lang='lat' dir='ltr'>v,</span> <span class='ocrx_word' id='word_1_185' title='bbox 408 1462 436 1482; x_wconf 86' lang='lat' dir='ltr'>c.</span> <span class='ocrx_word' id='word_1_186' title='bbox 461 1451 620 1490; x_wconf 85' lang='lat' dir='ltr'>dolorem,</span> <span class='ocrx_word' id='word_1_187' title='bbox 638 1453 814 1491; x_wconf 86' lang='lat' dir='ltr'>impetum.</span> <span class='ocrx_word' id='word_1_188' title='bbox 838 1451 925 1481; x_wconf 74' lang='lat' dir='ltr'>conf.</span> 
     </span>
     <span class='ocr_line' id='line_1_33' title="bbox 201 1495 924 1526; baseline -0.001 -1"><span class='ocrx_word' id='word_1_189' title='bbox 201 1496 307 1526; x_wconf 88' lang='lat' dir='ltr'>Marc.</span> <span class='ocrx_word' id='word_1_190' title='bbox 320 1499 351 1526; x_wconf 87' lang='grc'>3.</span> <span class='ocrx_word' id='word_1_191' title='bbox 372 1495 472 1525; x_wconf 88' lang='lat' dir='ltr'>Tusc.</span> <span class='ocrx_word' id='word_1_192' title='bbox 486 1497 528 1525; x_wconf 71' lang='lat' dir='ltr'>iv.</span> <span class='ocrx_word' id='word_1_193' title='bbox 545 1499 593 1525; x_wconf 75' lang='lat'>18.</span> <span class='ocrx_word' id='word_1_194' title='bbox 616 1495 699 1525; x_wconf 84' lang='lat' dir='ltr'>Phil.</span> <span class='ocrx_word' id='word_1_195' title='bbox 714 1496 760 1525; x_wconf 86' lang='lat' dir='ltr'>iii.</span> <span class='ocrx_word' id='word_1_196' title='bbox 772 1498 803 1526; x_wconf 72' lang='lat'>2.</span> <span class='ocrx_word' id='word_1_197' title='bbox 824 1496 924 1525; x_wconf 78' lang='lat' dir='ltr'>Tusc.</span> 
     </span>
     <span class='ocr_line' id='line_1_34' title="bbox 201 1539 925 1579; baseline 0 -11"><span class='ocrx_word' id='word_1_198' title='bbox 201 1539 248 1569; x_wconf 89' lang='lat' dir='ltr'>iii.</span> <span class='ocrx_word' id='word_1_199' title='bbox 264 1541 317 1570; x_wconf 69' lang='lat'>25.</span> <span class='ocrx_word' id='word_1_200' title='bbox 340 1539 557 1579; x_wconf 68' lang='lat' dir='ltr'>*complectL</span> <span class='ocrx_word' id='word_1_201' title='bbox 588 1539 665 1569; x_wconf 80' lang='lat' dir='ltr'>Nat.</span> <span class='ocrx_word' id='word_1_202' title='bbox 684 1539 717 1569; x_wconf 89' lang='lat' dir='ltr'>ii.</span> <span class='ocrx_word' id='word_1_203' title='bbox 739 1542 787 1569; x_wconf 73' lang='lat'>153.</span> <span class='ocrx_word' id='word_1_204' title='bbox 811 1549 925 1568; x_wconf 65' lang='lat' dir='ltr'>omnes</span> 
     </span>
     <span class='ocr_line' id='line_1_35' title="bbox 201 1584 925 1613; baseline -0.001 -1"><span class='ocrx_word' id='word_1_205' title='bbox 201 1587 339 1612; x_wconf 83' lang='lat' dir='ltr'>naturas</span> <span class='ocrx_word' id='word_1_206' title='bbox 361 1584 480 1613; x_wconf 77' lang='lat' dir='ltr'><em>cohibet</em></span> <span class='ocrx_word' id='word_1_207' title='bbox 502 1587 535 1612; x_wconf 88' lang='lat' dir='ltr'>ct</span> <span class='ocrx_word' id='word_1_208' title='bbox 555 1584 714 1613; x_wconf 88' lang='lat' dir='ltr'>continet.</span> <span class='ocrx_word' id='word_1_209' title='bbox 738 1586 925 1612; x_wconf 50' lang='lat' dir='ltr'>*avertere</span> 
     </span>
     <span class='ocr_line' id='line_1_36' title="bbox 203 1625 927 1665; baseline 0.001 -11"><span class='ocrx_word' id='word_1_210' title='bbox 203 1625 294 1656; x_wconf 87' lang='lat' dir='ltr'>Verr.</span> <span class='ocrx_word' id='word_1_211' title='bbox 311 1627 352 1656; x_wconf 78' lang='grc' dir='ltr'>ἰν.</span> <span class='ocrx_word' id='word_1_212' title='bbox 369 1629 423 1656; x_wconf 85' lang='lat'>45.</span> <span class='ocrx_word' id='word_1_213' title='bbox 454 1627 566 1656; x_wconf 74' lang='lat' dir='ltr'>oeulos</span> <span class='ocrx_word' id='word_1_214' title='bbox 590 1627 630 1656; x_wconf 85' lang='lat' dir='ltr'>ab</span> <span class='ocrx_word' id='word_1_215' title='bbox 654 1626 765 1665; x_wconf 75' lang='lat' dir='ltr'>aliqua</span> <span class='ocrx_word' id='word_1_216' title='bbox 787 1637 821 1656; x_wconf 87' lang='lat' dir='ltr'>re</span> <span class='ocrx_word' id='word_1_217' title='bbox 844 1628 927 1656; x_wconf 73' lang='lat' dir='ltr'>colti-</span> 
     </span>
     <span class='ocr_line' id='line_1_37' title="bbox 202 1669 928 1700; baseline 0.001 -1"><span class='ocrx_word' id='word_1_218' title='bbox 202 1670 284 1700; x_wconf 80' lang='lat' dir='ltr'>bere.</span> <span class='ocrx_word' id='word_1_219' title='bbox 315 1669 520 1700; x_wconf 54' lang='lat' dir='ltr'>*sustinere</span> <span class='ocrx_word' id='word_1_220' title='bbox 545 1670 590 1700; x_wconf 76' lang='lat' dir='ltr'>N.</span> <span class='ocrx_word' id='word_1_221' title='bbox 613 1671 656 1700; x_wconf 81' lang='lat' dir='ltr'>D.</span> <span class='ocrx_word' id='word_1_222' title='bbox 681 1671 702 1699; x_wconf 93' lang='lat' dir='ltr'>i.</span> <span class='ocrx_word' id='word_1_223' title='bbox 731 1673 757 1700; x_wconf 94' lang='lat' dir='ltr'>l.</span> <span class='ocrx_word' id='word_1_224' title='bbox 788 1671 928 1700; x_wconf 72' lang='lat' dir='ltr'>cohibere</span> 
     </span>
     <span class='ocr_line' id='line_1_38' title="bbox 200 1713 927 1744; baseline -0.001 0"><span class='ocrx_word' id='word_1_225' title='bbox 200 1714 438 1744; x_wconf 78' lang='lat' dir='ltr'><strong>assensionem.</strong></span> <span class='ocrx_word' id='word_1_226' title='bbox 461 1714 480 1731; x_wconf 70' lang='lat'>*²</span> <span class='ocrx_word' id='word_1_227' title='bbox 494 1713 574 1743; x_wconf 85' lang='lat' dir='ltr'>Coel.</span> <span class='ocrx_word' id='word_1_228' title='bbox 598 1717 628 1744; x_wconf 96' lang='lat'>5.</span> <span class='ocrx_word' id='word_1_229' title='bbox 658 1714 700 1743; x_wconf 86' lang='lat' dir='ltr'>ad</span> <span class='ocrx_word' id='word_1_230' title='bbox 721 1714 927 1744; x_wconf 70' lang='lat' dir='ltr'>cohibendum</span> 
     </span>
     <span class='ocr_line' id='line_1_39' title="bbox 201 1756 927 1796; baseline 0.001 -10"><span class='ocrx_word' id='word_1_231' title='bbox 201 1756 375 1787; x_wconf 80' lang='lat' dir='ltr'><strong>brachium</strong></span> <span class='ocrx_word' id='word_1_232' title='bbox 396 1761 487 1796; x_wconf 86' lang='lat' dir='ltr'>toga,</span> <span class='ocrx_word' id='word_1_233' title='bbox 506 1757 528 1788; x_wconf 91' lang='lat' dir='ltr'>i.</span> <span class='ocrx_word' id='word_1_234' title='bbox 551 1767 581 1786; x_wconf 87' lang='lat' dir='ltr'>e.</span> <span class='ocrx_word' id='word_1_235' title='bbox 603 1757 800 1796; x_wconf 81' lang='lat' dir='ltr'>tegendum,</span> <span class='ocrx_word' id='word_1_236' title='bbox 816 1757 927 1788; x_wconf 85' lang='lat' dir='ltr'>occul-</span> 
     </span>
     <span class='ocr_line' id='line_1_40' title="bbox 203 1800 357 1831; baseline -0.006 0"><span class='ocrx_word' id='word_1_237' title='bbox 203 1800 357 1831; x_wconf 73' lang='lat' dir='ltr'>tandum.</span> 
     </span>
    </p>

    <p class='ocr_par' dir='ltr' id='par_1_7' title="bbox 201 1843 929 2005">
     <span class='ocr_line' id='line_1_41' title="bbox 250 1843 928 1882; baseline 0 -8"><span class='ocrx_word' id='word_1_238' title='bbox 250 1843 413 1882; x_wconf 60' lang='lat' dir='ltr'>(hlaibitio,</span> <span class='ocrx_word' id='word_1_239' title='bbox 430 1843 631 1881; x_wconf 74' lang='lat' dir='ltr'>interdictio,</span> <span class='ocrx_word' id='word_1_240' title='bbox 647 1854 687 1874; x_wconf 85' lang='lat' dir='ltr'>ex</span> <span class='ocrx_word' id='word_1_241' title='bbox 702 1843 794 1874; x_wconf 90' lang='lat' dir='ltr'>Verr.</span> <span class='ocrx_word' id='word_1_242' title='bbox 812 1844 859 1874; x_wconf 86' lang='lat' dir='ltr'>iii.</span> <span class='ocrx_word' id='word_1_243' title='bbox 879 1847 928 1875; x_wconf 72' lang='lat'>14.</span> 
     </span>
     <span class='ocr_line' id='line_1_42' title="bbox 202 1886 929 1918; baseline 0 -1"><span class='ocrx_word' id='word_1_244' title='bbox 202 1886 361 1917; x_wconf 86' lang='lat' dir='ltr'>laudatur</span> <span class='ocrx_word' id='word_1_245' title='bbox 371 1898 389 1917; x_wconf 93' lang='lat' dir='ltr'>e</span> <span class='ocrx_word' id='word_1_246' title='bbox 404 1891 484 1918; x_wconf 85' lang='lat' dir='ltr'>vett.</span> <span class='ocrx_word' id='word_1_247' title='bbox 501 1888 576 1918; x_wconf 83' lang='lat' dir='ltr'>edd.</span> <span class='ocrx_word' id='word_1_248' title='bbox 591 1889 627 1917; x_wconf 90' lang='lat' dir='ltr'>in</span> <span class='ocrx_word' id='word_1_249' title='bbox 640 1888 818 1918; x_wconf 84' lang='lat' dir='ltr'>Nizoliano</span> <span class='ocrx_word' id='word_1_250' title='bbox 831 1887 929 1918; x_wconf 86' lang='lat' dir='ltr'>Lexi-</span> 
     </span>
     <span class='ocr_line' id='line_1_43' title="bbox 201 1931 929 1971; baseline 0.001 -11"><span class='ocrx_word' id='word_1_251' title='bbox 201 1940 263 1960; x_wconf 90' lang='lat' dir='ltr'>co:</span> <span class='ocrx_word' id='word_1_252' title='bbox 287 1931 346 1961; x_wconf 85' lang='lat' dir='ltr'>sed</span> <span class='ocrx_word' id='word_1_253' title='bbox 368 1932 568 1962; x_wconf 83' lang='lat' dir='ltr'>recentiores</span> <span class='ocrx_word' id='word_1_254' title='bbox 591 1931 665 1961; x_wconf 77' lang='lat' dir='ltr'>edd.</span> <span class='ocrx_word' id='word_1_255' title='bbox 680 1931 802 1961; x_wconf 88' lang='lat' dir='ltr'>habent</span> <span class='ocrx_word' id='word_1_256' title='bbox 818 1931 929 1971; x_wconf 90' lang='lat' dir='ltr'>prohi-</span> 
     </span>
     <span class='ocr_line' id='line_1_44' title="bbox 201 1973 298 2005; baseline 0.01 -1"><span class='ocrx_word' id='word_1_257' title='bbox 201 1973 298 2005; x_wconf 89' lang='lat' dir='ltr'>bitio.</span> 
     </span>
    </p>

    <p class='ocr_par' dir='ltr' id='par_1_8' title="bbox 204 2018 932 2310">
     <span class='ocr_line' id='line_1_45' title="bbox 252 2018 928 2049; baseline 0.001 -2"><span class='ocrx_word' id='word_1_258' title='bbox 252 2018 432 2049; x_wconf 81' lang='lat' dir='ltr'>Cohorrere.</span> <span class='ocrx_word' id='word_1_259' title='bbox 463 2019 555 2049; x_wconf 82' lang='lat' dir='ltr'>Orat.</span> <span class='ocrx_word' id='word_1_260' title='bbox 578 2019 626 2048; x_wconf 90' lang='lat' dir='ltr'>iii.</span> <span class='ocrx_word' id='word_1_261' title='bbox 649 2020 680 2049; x_wconf 67' lang='lat'>2.</span> <span class='ocrx_word' id='word_1_262' title='bbox 711 2018 846 2048; x_wconf 83' lang='lat' dir='ltr'>medicis</span> <span class='ocrx_word' id='word_1_263' title='bbox 882 2018 928 2048; x_wconf 89' lang='lat' dir='ltr'>di-</span> 
     </span>
     <span class='ocr_line' id='line_1_46' title="bbox 205 2061 928 2101; baseline 0.001 -10"><span class='ocrx_word' id='word_1_264' title='bbox 205 2065 340 2099; x_wconf 89' lang='lat' dir='ltr'>cuntur,</span> <span class='ocrx_word' id='word_1_265' title='bbox 363 2062 419 2100; x_wconf 85' lang='lat' dir='ltr'>qni</span> <span class='ocrx_word' id='word_1_266' title='bbox 441 2062 563 2101; x_wconf 78' lang='lat' dir='ltr'>frigore</span> <span class='ocrx_word' id='word_1_267' title='bbox 584 2061 694 2092; x_wconf 85' lang='lat' dir='ltr'>febrili</span> <span class='ocrx_word' id='word_1_268' title='bbox 717 2062 928 2092; x_wconf 81' lang='lat' dir='ltr'>infestantur.</span> 
     </span>
     <span class='ocr_line' id='line_1_47' title="bbox 204 2104 930 2144; baseline 0.001 -9"><span class='ocrx_word' id='word_1_269' title='bbox 204 2114 284 2135; x_wconf 86' lang='lat' dir='ltr'>nam</span> <span class='ocrx_word' id='word_1_270' title='bbox 306 2104 422 2135; x_wconf 81' lang='lat' dir='ltr'>horror</span> <span class='ocrx_word' id='word_1_271' title='bbox 451 2116 580 2144; x_wconf 87' lang='lat' dir='ltr'>quoque</span> <span class='ocrx_word' id='word_1_272' title='bbox 611 2105 658 2135; x_wconf 90' lang='lat' dir='ltr'>sic</span> <span class='ocrx_word' id='word_1_273' title='bbox 680 2105 814 2142; x_wconf 84' lang='lat' dir='ltr'>dicitur,</span> <span class='ocrx_word' id='word_1_274' title='bbox 838 2111 874 2135; x_wconf 85' lang='lat' dir='ltr'>et</span> <span class='ocrx_word' id='word_1_275' title='bbox 896 2107 930 2136; x_wconf 89' lang='lat' dir='ltr'>in</span> 
     </span>
     <span class='ocr_line' id='line_1_48' title="bbox 205 2149 932 2188; baseline 0.001 -10"><span class='ocrx_word' id='word_1_276' title='bbox 205 2158 340 2188; x_wconf 84' lang='lat' dir='ltr'>genere,</span> <span class='ocrx_word' id='word_1_277' title='bbox 363 2158 441 2178; x_wconf 89' lang='lat' dir='ltr'>eum</span> <span class='ocrx_word' id='word_1_278' title='bbox 467 2149 572 2188; x_wconf 80' lang='lat' dir='ltr'>frigus</span> <span class='ocrx_word' id='word_1_279' title='bbox 599 2158 657 2178; x_wconf 90' lang='lat' dir='ltr'>nos</span> <span class='ocrx_word' id='word_1_280' title='bbox 682 2149 819 2186; x_wconf 78' lang='lat' dir='ltr'>invadit,</span> <span class='ocrx_word' id='word_1_281' title='bbox 843 2150 932 2188; x_wconf 79' lang='lat' dir='ltr'>quod</span> 
     </span>
     <span class='ocr_line' id='line_1_49' title="bbox 204 2193 930 2233; baseline 0.001 -12"><span class='ocrx_word' id='word_1_282' title='bbox 204 2202 264 2232; x_wconf 90' lang='lat' dir='ltr'>per</span> <span class='ocrx_word' id='word_1_283' title='bbox 284 2195 394 2222; x_wconf 88' lang='lat' dir='ltr'>totum</span> <span class='ocrx_word' id='word_1_284' title='bbox 418 2202 536 2233; x_wconf 84' lang='lat' dir='ltr'>corpus</span> <span class='ocrx_word' id='word_1_285' title='bbox 552 2193 688 2231; x_wconf 86' lang='lat' dir='ltr'>diditur,</span> <span class='ocrx_word' id='word_1_286' title='bbox 703 2196 742 2222; x_wconf 87' lang='lat' dir='ltr'>ut</span> <span class='ocrx_word' id='word_1_287' title='bbox 758 2193 795 2222; x_wconf 83' lang='lat' dir='ltr'>{it</span> <span class='ocrx_word' id='word_1_288' title='bbox 813 2194 847 2222; x_wconf 91' lang='lat' dir='ltr'>in</span> <span class='ocrx_word' id='word_1_289' title='bbox 863 2199 930 2223; x_wconf 81' lang='lat' dir='ltr'>ter-</span> 
     </span>
     <span class='ocr_line' id='line_1_50' title="bbox 206 2236 931 2274; baseline 0.003 -9"><span class='ocrx_word' id='word_1_290' title='bbox 206 2236 334 2266; x_wconf 83' lang='lat' dir='ltr'>roribus</span> <span class='ocrx_word' id='word_1_291' title='bbox 358 2237 487 2274; x_wconf 74' lang='lat' dir='ltr'>magnis</span> <span class='ocrx_word' id='word_1_292' title='bbox 503 2241 537 2266; x_wconf 85' lang='lat' dir='ltr'>et</span> <span class='ocrx_word' id='word_1_293' title='bbox 552 2236 681 2267; x_wconf 84' lang='lat' dir='ltr'>subitis.</span> <span class='ocrx_word' id='word_1_294' title='bbox 696 2246 726 2266; x_wconf 79' lang='lat' dir='ltr'>v.</span> <span class='ocrx_word' id='word_1_295' title='bbox 742 2236 872 2267; x_wconf 84' lang='lat' dir='ltr'>Duker.</span> <span class='ocrx_word' id='word_1_296' title='bbox 890 2237 931 2267; x_wconf 85' lang='lat' dir='ltr'>ad</span> 
     </span>
     <span class='ocr_line' id='line_1_51' title="bbox 210 2278 509 2310; baseline 0.003 -1"><span class='ocrx_word' id='word_1_297' title='bbox 210 2278 342 2309; x_wconf 83' lang='lat' dir='ltr'>Florum</span> <span class='ocrx_word' id='word_1_298' title='bbox 359 2279 393 2308; x_wconf 91' lang='lat' dir='ltr'>ii.</span> <span class='ocrx_word' id='word_1_299' title='bbox 410 2281 439 2309; x_wconf 76' lang='grc'>6.</span> <span class='ocrx_word' id='word_1_300' title='bbox 460 2282 509 2310; x_wconf 74' lang='grc'>14.</span> 
     </span>
    </p>

    <p class='ocr_par' dir='ltr' id='par_1_9' title="bbox 203 2321 933 2702">
     <span class='ocr_line' id='line_1_52' title="bbox 253 2321 931 2363; baseline 0.001 -10"><span class='ocrx_word' id='word_1_301' title='bbox 253 2322 374 2353; x_wconf 67' lang='lat' dir='ltr'>Cohors.</span> <span class='ocrx_word' id='word_1_302' title='bbox 390 2321 455 2363; x_wconf 76' lang='lat' dir='ltr'>Qu.</span> <span class='ocrx_word' id='word_1_303' title='bbox 476 2323 523 2353; x_wconf 85' lang='lat' dir='ltr'>Fr.</span> <span class='ocrx_word' id='word_1_304' title='bbox 540 2324 562 2353; x_wconf 94' lang='lat' dir='ltr'>i.</span> <span class='ocrx_word' id='word_1_305' title='bbox 585 2327 611 2353; x_wconf 94' lang='grc'>1.</span> <span class='ocrx_word' id='word_1_306' title='bbox 626 2326 658 2354; x_wconf 84' lang='grc'>4.</span> <span class='ocrx_word' id='word_1_307' title='bbox 682 2323 774 2354; x_wconf 89' lang='lat' dir='ltr'>Verr.</span> <span class='ocrx_word' id='word_1_308' title='bbox 791 2324 825 2354; x_wconf 89' lang='lat' dir='ltr'>ii.</span> <span class='ocrx_word' id='word_1_309' title='bbox 841 2326 872 2354; x_wconf 81' lang='lat'>4.</span> <span class='ocrx_word' id='word_1_310' title='bbox 890 2323 931 2354; x_wconf 90' lang='lat' dir='ltr'>ad</span> 
     </span>
     <span class='ocr_line' id='line_1_53' title="bbox 204 2365 930 2407; baseline 0 -11"><span class='ocrx_word' id='word_1_311' title='bbox 204 2365 273 2396; x_wconf 83' lang='lat' dir='ltr'>Att.</span> <span class='ocrx_word' id='word_1_312' title='bbox 298 2367 354 2396; x_wconf 91' lang='lat' dir='ltr'>vii.</span> <span class='ocrx_word' id='word_1_313' title='bbox 371 2368 400 2397; x_wconf 65' lang='lat'>22.</span> <span class='ocrx_word' id='word_1_314' title='bbox 432 2369 538 2397; x_wconf 72' lang='lat' dir='ltr'>cohors</span> <span class='ocrx_word' id='word_1_315' title='bbox 556 2367 719 2407; x_wconf 80' lang='lat' dir='ltr'>praetoriS,</span> <span class='ocrx_word' id='word_1_316' title='bbox 736 2377 782 2396; x_wconf 88' lang='lat' dir='ltr'>sc.</span> <span class='ocrx_word' id='word_1_317' title='bbox 799 2368 930 2407; x_wconf 81' lang='lat' dir='ltr'>provin-</span> 
     </span>
     <span class='ocr_line' id='line_1_54' title="bbox 204 2410 931 2451; baseline 0.001 -12"><span class='ocrx_word' id='word_1_318' title='bbox 204 2410 310 2448; x_wconf 88' lang='lat' dir='ltr'>cialis,</span> <span class='ocrx_word' id='word_1_319' title='bbox 327 2413 408 2440; x_wconf 85' lang='lat' dir='ltr'>sunt</span> <span class='ocrx_word' id='word_1_320' title='bbox 423 2411 561 2440; x_wconf 80' lang='lat' dir='ltr'>comites</span> <span class='ocrx_word' id='word_1_321' title='bbox 576 2414 660 2451; x_wconf 70' lang='lat' dir='ltr'>qius,</span> <span class='ocrx_word' id='word_1_322' title='bbox 675 2411 836 2451; x_wconf 57' lang='lat' dir='ltr'>praefecti,</span> <span class='ocrx_word' id='word_1_323' title='bbox 852 2412 931 2440; x_wconf 83' lang='lat' dir='ltr'>scri-</span> 
     </span>
     <span class='ocr_line' id='line_1_55' title="bbox 205 2453 931 2494; baseline 0 -10"><span class='ocrx_word' id='word_1_324' title='bbox 205 2453 270 2491; x_wconf 84' lang='lat' dir='ltr'>bae,</span> <span class='ocrx_word' id='word_1_325' title='bbox 293 2453 428 2491; x_wconf 85' lang='lat' dir='ltr'>medici,</span> <span class='ocrx_word' id='word_1_326' title='bbox 452 2455 595 2491; x_wconf 82' lang='lat' dir='ltr'>accensi,</span> <span class='ocrx_word' id='word_1_327' title='bbox 618 2454 824 2494; x_wconf 85' lang='lat' dir='ltr'>haruspices,</span> <span class='ocrx_word' id='word_1_328' title='bbox 848 2464 931 2494; x_wconf 84' lang='lat' dir='ltr'>prae-</span> 
     </span>
     <span class='ocr_line' id='line_1_56' title="bbox 206 2497 931 2528; baseline 0 -1"><span class='ocrx_word' id='word_1_329' title='bbox 206 2506 317 2527; x_wconf 88' lang='lat' dir='ltr'>eones.</span> <span class='ocrx_word' id='word_1_330' title='bbox 350 2497 373 2527; x_wconf 89' lang='lat' dir='ltr'>l.</span> <span class='ocrx_word' id='word_1_331' title='bbox 397 2507 425 2527; x_wconf 89' lang='lat' dir='ltr'>c.</span> <span class='ocrx_word' id='word_1_332' title='bbox 452 2501 502 2528; x_wconf 86' lang='lat'>10.</span> <span class='ocrx_word' id='word_1_333' title='bbox 537 2497 577 2527; x_wconf 91' lang='lat' dir='ltr'>In</span> <span class='ocrx_word' id='word_1_334' title='bbox 600 2508 634 2527; x_wconf 91' lang='lat' dir='ltr'>re</span> <span class='ocrx_word' id='word_1_335' title='bbox 657 2498 794 2528; x_wconf 88' lang='lat' dir='ltr'>militari</span> <span class='ocrx_word' id='word_1_336' title='bbox 818 2502 931 2528; x_wconf 81' lang='lat' dir='ltr'>autem</span> 
     </span>
     <span class='ocr_line' id='line_1_57' title="bbox 204 2541 932 2581; baseline 0.003 -11"><span class='ocrx_word' id='word_1_337' title='bbox 204 2542 312 2571; x_wconf 72' lang='lat' dir='ltr'>cohors</span> <span class='ocrx_word' id='word_1_338' title='bbox 323 2541 477 2581; x_wconf 84' lang='lat' dir='ltr'>praetoria</span> <span class='ocrx_word' id='word_1_339' title='bbox 488 2541 589 2571; x_wconf 84' lang='lat' dir='ltr'>aliam</span> <span class='ocrx_word' id='word_1_340' title='bbox 599 2542 665 2571; x_wconf 86' lang='lat' dir='ltr'>vim</span> <span class='ocrx_word' id='word_1_341' title='bbox 678 2541 790 2578; x_wconf 83' lang='lat' dir='ltr'>habet,</span> <span class='ocrx_word' id='word_1_342' title='bbox 803 2545 842 2571; x_wconf 84' lang='lat' dir='ltr'>ut</span> <span class='ocrx_word' id='word_1_343' title='bbox 857 2541 932 2572; x_wconf 90' lang='lat' dir='ltr'>Cat.</span> 
     </span>
     <span class='ocr_line' id='line_1_58' title="bbox 203 2584 933 2624; baseline 0 -10"><span class='ocrx_word' id='word_1_344' title='bbox 203 2584 238 2614; x_wconf 90' lang='lat' dir='ltr'>ii.</span> <span class='ocrx_word' id='word_1_345' title='bbox 270 2587 320 2615; x_wconf 88' lang='grc'>10.</span> <span class='ocrx_word' id='word_1_346' title='bbox 354 2588 405 2615; x_wconf 90' lang='lat' dir='ltr'>est</span> <span class='ocrx_word' id='word_1_347' title='bbox 429 2585 518 2614; x_wconf 89' lang='lat' dir='ltr'>enim</span> <span class='ocrx_word' id='word_1_348' title='bbox 549 2585 678 2622; x_wconf 81' lang='lat' dir='ltr'>cohors,</span> <span class='ocrx_word' id='word_1_349' title='bbox 707 2595 781 2624; x_wconf 90' lang='lat' dir='ltr'>quae</span> <span class='ocrx_word' id='word_1_350' title='bbox 808 2585 849 2615; x_wconf 85' lang='lat' dir='ltr'>ad</span> <span class='ocrx_word' id='word_1_351' title='bbox 875 2595 933 2614; x_wconf 90' lang='lat' dir='ltr'>cu-</span> 
     </span>
     <span class='ocr_line' id='line_1_59' title="bbox 204 2628 933 2669; baseline 0.001 -12"><span class='ocrx_word' id='word_1_352' title='bbox 204 2628 349 2658; x_wconf 82' lang='lat' dir='ltr'>stodiam</span> <span class='ocrx_word' id='word_1_353' title='bbox 371 2629 515 2668; x_wconf 86' lang='lat' dir='ltr'>corporis</span> <span class='ocrx_word' id='word_1_354' title='bbox 538 2630 674 2669; x_wconf 85' lang='lat' dir='ltr'>praetori</span> <span class='ocrx_word' id='word_1_355' title='bbox 697 2638 723 2659; x_wconf 88' lang='lat' dir='ltr'>s.</span> <span class='ocrx_word' id='word_1_356' title='bbox 740 2629 933 2669; x_wconf 86' lang='lat' dir='ltr'>imperatori</span> 
     </span>
     <span class='ocr_line' id='line_1_60' title="bbox 205 2671 443 2702; baseline 0.004 -1"><span class='ocrx_word' id='word_1_357' title='bbox 205 2671 368 2701; x_wconf 77' lang='lat' dir='ltr'>attributa</span> <span class='ocrx_word' id='word_1_358' title='bbox 383 2676 443 2702; x_wconf 88' lang='lat' dir='ltr'>est.</span> 
     </span>
    </p>

    <p class='ocr_par' dir='ltr' id='par_1_10' title="bbox 203 2714 935 2790">
     <span class='ocr_line' id='line_1_61' title="bbox 255 2714 934 2756; baseline 0 -11"><span class='ocrx_word' id='word_1_359' title='bbox 255 2714 430 2745; x_wconf 67' lang='lat' dir='ltr'>Cohm‘tari.</span> <span class='ocrx_word' id='word_1_360' title='bbox 447 2717 514 2746; x_wconf 77' lang='lat' dir='ltr'>Att.</span> <span class='ocrx_word' id='word_1_361' title='bbox 527 2716 583 2746; x_wconf 84' lang='lat' dir='ltr'>xii.</span> <span class='ocrx_word' id='word_1_362' title='bbox 595 2718 648 2747; x_wconf 73' lang='lat'>21.</span> <span class='ocrx_word' id='word_1_363' title='bbox 665 2725 725 2756; x_wconf 87' lang='lat' dir='ltr'>pro</span> <span class='ocrx_word' id='word_1_364' title='bbox 737 2716 934 2745; x_wconf 80' lang='lat' dir='ltr'>confirmare</span> 
     </span>
     <span class='ocr_line' id='line_1_62' title="bbox 203 2758 935 2790; baseline 0.003 -3"><span class='ocrx_word' id='word_1_365' title='bbox 203 2758 417 2790; x_wconf 85' lang='lat' dir='ltr'>vacillantem</span> <span class='ocrx_word' id='word_1_366' title='bbox 446 2764 481 2790; x_wconf 82' lang='lat' dir='ltr'>et&#39;</span> <span class='ocrx_word' id='word_1_367' title='bbox 503 2760 684 2790; x_wconf 86' lang='lat' dir='ltr'>labentem.</span> <span class='ocrx_word' id='word_1_368' title='bbox 709 2769 739 2789; x_wconf 89' lang='lat' dir='ltr'>v.</span> <span class='ocrx_word' id='word_1_369' title='bbox 762 2758 869 2789; x_wconf 79' lang='lat' dir='ltr'>Graev.</span> <span class='ocrx_word' id='word_1_370' title='bbox 893 2759 935 2789; x_wconf 92' lang='lat' dir='ltr'>ad</span> 
     </span>
    </p>

    <p class='ocr_par' dir='ltr' id='par_1_11' title="bbox 206 2845 936 2924">
     <span class='ocr_line' id='line_1_63' title="bbox 255 2845 932 2887; baseline -0.004 -10"><span class='ocrx_word' id='word_1_371' title='bbox 255 2845 360 2877; x_wconf 76' lang='lat' dir='ltr'>Coitio.</span> <span class='ocrx_word' id='word_1_372' title='bbox 384 2846 449 2887; x_wconf 74' lang='lat' dir='ltr'>Qu.</span> <span class='ocrx_word' id='word_1_373' title='bbox 472 2846 512 2877; x_wconf 85' lang='lat' dir='ltr'>fr.</span> <span class='ocrx_word' id='word_1_374' title='bbox 530 2847 564 2877; x_wconf 90' lang='lat' dir='ltr'>ii.</span> <span class='ocrx_word' id='word_1_375' title='bbox 583 2850 633 2877; x_wconf 89' lang='lat'>15.</span> <span class='ocrx_word' id='word_1_376' title='bbox 661 2847 749 2877; x_wconf 77' lang='lat' dir='ltr'>coitio</span> <span class='ocrx_word' id='word_1_377' title='bbox 769 2845 932 2875; x_wconf 86' lang='lat' dir='ltr'>Memmii.</span> 
     </span>
     <span class='ocr_line' id='line_1_64' title="bbox 206 2888 936 2924; baseline -0.001 -3"><span class='ocrx_word' id='word_1_378' title='bbox 206 2889 287 2924; x_wconf 75' lang='lat' dir='ltr'>ibid.</span> <span class='ocrx_word' id='word_1_379' title='bbox 304 2890 351 2923; x_wconf 86' lang='lat' dir='ltr'>iii.</span> <span class='ocrx_word' id='word_1_380' title='bbox 368 2893 394 2922; x_wconf 87' lang='lat' dir='ltr'>l.</span> <span class='ocrx_word' id='word_1_381' title='bbox 413 2893 442 2923; x_wconf 81' lang='lat'>5.</span> <span class='ocrx_word' id='word_1_382' title='bbox 461 2891 496 2921; x_wconf 93' lang='lat' dir='ltr'>in</span> <span class='ocrx_word' id='word_1_383' title='bbox 511 2890 768 2922; x_wconf 80' lang='lat' dir='ltr'>candidatorum.</span> <span class='ocrx_word' id='word_1_384' title='bbox 783 2888 936 2920; x_wconf 78' lang='lat' dir='ltr'>consula-</span> 
     </span>
    </p>
   </div>
   <div class='ocr_carea' id='block_1_4' title="bbox 1629 87 1710 124">
    <p class='ocr_par' dir='ltr' id='par_1_12' title="bbox 1629 87 1710 124">
     <span class='ocr_line' id='line_1_65' title="bbox 1629 87 1710 124; baseline 0 0"><span class='ocrx_word' id='word_1_385' title='bbox 1629 87 1710 124; x_wconf 73' lang='lat'>225</span> 
     </span>
    </p>
   </div>
   <div class='ocr_carea' id='block_1_5' title="bbox 964 182 1708 2930">
    <p class='ocr_par' dir='ltr' id='par_1_13' title="bbox 967 182 1704 521">
     <span class='ocr_line' id='line_1_66' title="bbox 969 182 1704 224; baseline -0.003 -7"><span class='ocrx_word' id='word_1_386' title='bbox 969 187 1058 217; x_wconf 85' lang='lat' dir='ltr'>rium</span> <span class='ocrx_word' id='word_1_387' title='bbox 1080 188 1220 217; x_wconf 70' lang='lat' dir='ltr'>coitione.</span> <span class='ocrx_word' id='word_1_388' title='bbox 1259 184 1340 214; x_wconf 80' lang='lat' dir='ltr'>Haec</span> <span class='ocrx_word' id='word_1_389' title='bbox 1359 187 1409 214; x_wconf 83' lang='lat' dir='ltr'>cst</span> <span class='ocrx_word' id='word_1_390' title='bbox 1432 182 1487 213; x_wconf 78' lang='lat' dir='ltr'>illa</span> <span class='ocrx_word' id='word_1_391' title='bbox 1509 185 1608 220; x_wconf 71' lang='lat' dir='ltr'>coitio,</span> <span class='ocrx_word' id='word_1_392' title='bbox 1626 194 1704 224; x_wconf 85' lang='lat' dir='ltr'>pro·</span> 
     </span>
     <span class='ocr_line' id='line_1_67' title="bbox 968 227 1699 269; baseline -0.003 -9"><span class='ocrx_word' id='word_1_393' title='bbox 968 235 1043 269; x_wconf 88' lang='lat' dir='ltr'>pter</span> <span class='ocrx_word' id='word_1_394' title='bbox 1054 240 1155 269; x_wconf 86' lang='lat' dir='ltr'>quam</span> <span class='ocrx_word' id='word_1_395' title='bbox 1166 229 1206 260; x_wconf 89' lang='lat' dir='ltr'>de</span> <span class='ocrx_word' id='word_1_396' title='bbox 1223 229 1352 259; x_wconf 85' lang='lat' dir='ltr'>ambitu</span> <span class='ocrx_word' id='word_1_397' title='bbox 1363 227 1606 258; x_wconf 86' lang='lat' dir='ltr'>condemnatus</span> <span class='ocrx_word' id='word_1_398' title='bbox 1618 238 1699 258; x_wconf 87' lang='lat' dir='ltr'>exu-</span> 
     </span>
     <span class='ocr_line' id='line_1_68' title="bbox 968 271 1699 304; baseline -0.003 0"><span class='ocrx_word' id='word_1_399' title='bbox 968 273 1048 304; x_wconf 82' lang='lat' dir='ltr'>lavit</span> <span class='ocrx_word' id='word_1_400' title='bbox 1075 273 1267 304; x_wconf 82' lang='lat' dir='ltr'>Memmius.</span> <span class='ocrx_word' id='word_1_401' title='bbox 1302 272 1343 302; x_wconf 91' lang='lat' dir='ltr'>ad</span> <span class='ocrx_word' id='word_1_402' title='bbox 1371 272 1446 302; x_wconf 92' lang='lat' dir='ltr'>Div.</span> <span class='ocrx_word' id='word_1_403' title='bbox 1476 272 1545 301; x_wconf 80' lang='lat' dir='ltr'>xiii.</span> <span class='ocrx_word' id='word_1_404' title='bbox 1577 274 1603 302; x_wconf 91' lang='lat'>1.</span> <span class='ocrx_word' id='word_1_405' title='bbox 1637 271 1699 302; x_wconf 83' lang='lat' dir='ltr'>Est</span> 
     </span>
     <span class='ocr_line' id='line_1_69' title="bbox 968 315 1698 354; baseline -0.001 -8"><span class='ocrx_word' id='word_1_406' title='bbox 968 318 1057 347; x_wconf 88' lang='lat' dir='ltr'>enim</span> <span class='ocrx_word' id='word_1_407' title='bbox 1074 319 1175 354; x_wconf 74' lang='lat' dir='ltr'>coitio,</span> <span class='ocrx_word' id='word_1_408' title='bbox 1190 325 1267 346; x_wconf 90' lang='lat' dir='ltr'>cum</span> <span class='ocrx_word' id='word_1_409' title='bbox 1282 315 1434 346; x_wconf 88' lang='lat' dir='ltr'>homines</span> <span class='ocrx_word' id='word_1_410' title='bbox 1451 318 1698 354; x_wconf 81' lang='lat' dir='ltr'>congregantur</span> 
     </span>
     <span class='ocr_line' id='line_1_70' title="bbox 969 359 1697 400; baseline -0.003 -10"><span class='ocrx_word' id='word_1_411' title='bbox 969 361 1014 390; x_wconf 88' lang='lat' dir='ltr'>rei</span> <span class='ocrx_word' id='word_1_412' title='bbox 1048 360 1145 390; x_wconf 75' lang='lat' dir='ltr'>malae.</span> <span class='ocrx_word' id='word_1_413' title='bbox 1176 359 1402 400; x_wconf 80' lang='lat' dir='ltr'>perficiendae‚</span> <span class='ocrx_word' id='word_1_414' title='bbox 1429 362 1604 397; x_wconf 86' lang='lat' dir='ltr'>tamquam</span> <span class='ocrx_word' id='word_1_415' title='bbox 1635 359 1697 389; x_wconf 88' lang='lat' dir='ltr'>tri-</span> 
     </span>
     <span class='ocr_line' id='line_1_71' title="bbox 969 401 1695 444; baseline -0.003 -11"><span class='ocrx_word' id='word_1_416' title='bbox 969 404 1071 433; x_wconf 86' lang='lat' dir='ltr'>buum</span> <span class='ocrx_word' id='word_1_417' title='bbox 1088 403 1421 444; x_wconf 80' lang='lat' dir='ltr'>corrumpendarum,</span> <span class='ocrx_word' id='word_1_418' title='bbox 1438 411 1548 432; x_wconf 84' lang='lat' dir='ltr'>causa.</span> <span class='ocrx_word' id='word_1_419' title='bbox 1564 401 1606 432; x_wconf 83' lang='lat' dir='ltr'>cf.</span> <span class='ocrx_word' id='word_1_420' title='bbox 1624 401 1695 432; x_wconf 90' lang='lat' dir='ltr'>Ha-</span> 
     </span>
     <span class='ocr_line' id='line_1_72' title="bbox 968 446 1694 488; baseline 0 -12"><span class='ocrx_word' id='word_1_421' title='bbox 968 457 1055 488; x_wconf 83' lang='lat' dir='ltr'>rusp.</span> <span class='ocrx_word' id='word_1_422' title='bbox 1087 447 1127 477; x_wconf 89' lang='lat' dir='ltr'>R.</span> <span class='ocrx_word' id='word_1_423' title='bbox 1151 448 1203 478; x_wconf 68' lang='lat'>26.</span> <span class='ocrx_word' id='word_1_424' title='bbox 1234 452 1266 476; x_wconf 81' lang='lat' dir='ltr'>et</span> <span class='ocrx_word' id='word_1_425' title='bbox 1298 447 1367 476; x_wconf 87' lang='lat' dir='ltr'>Att.</span> <span class='ocrx_word' id='word_1_426' title='bbox 1392 446 1426 475; x_wconf 91' lang='lat' dir='ltr'>ii.</span> <span class='ocrx_word' id='word_1_427' title='bbox 1454 448 1502 476; x_wconf 72' lang='lat'>18.</span> <span class='ocrx_word' id='word_1_428' title='bbox 1529 451 1581 476; x_wconf 66' lang='lat' dir='ltr'>est</span> <span class='ocrx_word' id='word_1_429' title='bbox 1606 447 1694 476; x_wconf 75' lang='lat' dir='ltr'>coitio</span> 
     </span>
     <span class='ocr_line' id='line_1_73' title="bbox 967 489 1641 521; baseline -0.001 -1"><span class='ocrx_word' id='word_1_430' title='bbox 967 490 1232 521; x_wconf 84' lang='lat' dir='ltr'>candidatorum.</span> <span class='ocrx_word' id='word_1_431' title='bbox 1256 489 1319 520; x_wconf 85' lang='lat' dir='ltr'>Sed</span> <span class='ocrx_word' id='word_1_432' title='bbox 1336 489 1427 519; x_wconf 80' lang='lat' dir='ltr'>locus</span> <span class='ocrx_word' id='word_1_433' title='bbox 1445 495 1496 519; x_wconf 77' lang='lat' dir='ltr'>est</span> <span class='ocrx_word' id='word_1_434' title='bbox 1511 489 1641 519; x_wconf 89' lang='lat' dir='ltr'>dubius.</span> 
     </span>
    </p>

    <p class='ocr_par' dir='ltr' id='par_1_14' title="bbox 965 533 1692 924">
     <span class='ocr_line' id='line_1_74' title="bbox 1015 533 1691 564; baseline 0 0"><span class='ocrx_word' id='word_1_435' title='bbox 1015 534 1105 564; x_wconf 78' lang='lat' dir='ltr'>Golei.</span> <span class='ocrx_word' id='word_1_436' title='bbox 1129 534 1170 564; x_wconf 87' lang='lat' dir='ltr'>ad</span> <span class='ocrx_word' id='word_1_437' title='bbox 1185 534 1261 564; x_wconf 76' lang='lat' dir='ltr'>Div.</span> <span class='ocrx_word' id='word_1_438' title='bbox 1285 535 1328 563; x_wconf 77' lang='lat' dir='ltr'>ix.</span> <span class='ocrx_word' id='word_1_439' title='bbox 1345 535 1398 563; x_wconf 68' lang='lat'>⁶32.</span> <span class='ocrx_word' id='word_1_440' title='bbox 1419 533 1579 562; x_wconf 70' lang='lat' dir='ltr'>testiculi.</span> <span class='ocrx_word' id='word_1_441' title='bbox 1603 533 1691 564; x_wconf 91' lang='lat' dir='ltr'>Nam</span> 
     </span>
     <span class='ocr_line' id='line_1_75' title="bbox 966 576 1691 618; baseline 0 -11"><span class='ocrx_word' id='word_1_442' title='bbox 966 579 1013 607; x_wconf 75' lang='lat' dir='ltr'>si&lt;-</span> <span class='ocrx_word' id='word_1_443' title='bbox 1036 583 1087 607; x_wconf 82' lang='lat' dir='ltr'>est</span> <span class='ocrx_word' id='word_1_444' title='bbox 1110 588 1163 618; x_wconf 82' lang='lat' dir='ltr'>ap.</span> <span class='ocrx_word' id='word_1_445' title='bbox 1180 578 1313 607; x_wconf 85' lang='lat' dir='ltr'>Petron.</span> <span class='ocrx_word' id='word_1_446' title='bbox 1328 580 1382 607; x_wconf 73' lang='lat'>44.</span> <span class='ocrx_word' id='word_1_447' title='bbox 1411 577 1467 606; x_wconf 83' lang='lat' dir='ltr'>ubi</span> <span class='ocrx_word' id='word_1_448' title='bbox 1492 576 1555 606; x_wconf 68' lang='lat' dir='ltr'>vicl.</span> <span class='ocrx_word' id='word_1_449' title='bbox 1572 576 1691 607; x_wconf 86' lang='lat' dir='ltr'>Scheff.</span> 
     </span>
     <span class='ocr_line' id='line_1_76' title="bbox 972 620 1692 651; baseline 0 0"><span class='ocrx_word' id='word_1_450' title='bbox 972 622 1052 651; x_wconf 66' lang='lat' dir='ltr'>(Mei</span> <span class='ocrx_word' id='word_1_451' title='bbox 1071 629 1185 651; x_wconf 79' lang='lat' dir='ltr'>autem</span> <span class='ocrx_word' id='word_1_452' title='bbox 1201 625 1271 651; x_wconf 79' lang='lat' dir='ltr'>erat</span> <span class='ocrx_word' id='word_1_453' title='bbox 1287 624 1319 650; x_wconf 86' lang='lat' dir='ltr'>et</span> <span class='ocrx_word' id='word_1_454' title='bbox 1337 629 1458 650; x_wconf 85' lang='lat' dir='ltr'>nomen</span> <span class='ocrx_word' id='word_1_455' title='bbox 1475 620 1610 650; x_wconf 82' lang='lat' dir='ltr'>familiae</span> <span class='ocrx_word' id='word_1_456' title='bbox 1627 621 1692 651; x_wconf 87' lang='lat' dir='ltr'>La-</span> 
     </span>
     <span class='ocr_line' id='line_1_77' title="bbox 967 663 1692 694; baseline 0 0"><span class='ocrx_word' id='word_1_457' title='bbox 967 666 1117 694; x_wconf 78' lang='lat' dir='ltr'>nuvinae:</span> <span class='ocrx_word' id='word_1_458' title='bbox 1148 664 1237 694; x_wconf 86' lang='lat' dir='ltr'>unde</span> <span class='ocrx_word' id='word_1_459' title='bbox 1265 664 1346 694; x_wconf 61' lang='lat' dir='ltr'>(blei</span> <span class='ocrx_word' id='word_1_460' title='bbox 1369 664 1535 694; x_wconf 72' lang='lat' dir='ltr'>Lanuvini</span> <span class='ocrx_word' id='word_1_461' title='bbox 1552 663 1692 694; x_wconf 79' lang='lat' dir='ltr'>honeste</span> 
     </span>
     <span class='ocr_line' id='line_1_78' title="bbox 966 707 1691 748; baseline -0.001 -10"><span class='ocrx_word' id='word_1_462' title='bbox 966 709 1173 745; x_wconf 76' lang='lat' dir='ltr'>dicebantur,</span> <span class='ocrx_word' id='word_1_463' title='bbox 1196 709 1342 748; x_wconf 74' lang='lat' dir='ltr'>turpiter</span> <span class='ocrx_word' id='word_1_464' title='bbox 1364 712 1477 737; x_wconf 87' lang='lat' dir='ltr'>autem</span> <span class='ocrx_word' id='word_1_465' title='bbox 1502 707 1691 737; x_wconf 59' lang='lat' dir='ltr'>Cliternini.</span> 
     </span>
     <span class='ocr_line' id='line_1_79' title="bbox 967 751 1690 788; baseline 0 -7"><span class='ocrx_word' id='word_1_466' title='bbox 967 762 1043 782; x_wconf 83' lang='lat' dir='ltr'>nam</span> <span class='ocrx_word' id='word_1_467' title='bbox 1068 752 1111 782; x_wconf 87' lang='lat' dir='ltr'>ibi</span> <span class='ocrx_word' id='word_1_468' title='bbox 1136 751 1229 782; x_wconf 81' lang='lat' dir='ltr'>nulla</span> <span class='ocrx_word' id='word_1_469' title='bbox 1250 751 1377 782; x_wconf 74' lang='lat' dir='ltr'>familia</span> <span class='ocrx_word' id='word_1_470' title='bbox 1402 751 1576 788; x_wconf 67' lang='lat' dir='ltr'>Coleorztm,</span> <span class='ocrx_word' id='word_1_471' title='bbox 1594 757 1632 781; x_wconf 83' lang='lat' dir='ltr'>ut</span> <span class='ocrx_word' id='word_1_472' title='bbox 1650 752 1690 781; x_wconf 75' lang='lat' dir='ltr'>iis</span> 
     </span>
     <span class='ocr_line' id='line_1_80' title="bbox 966 795 1689 836; baseline 0 -11"><span class='ocrx_word' id='word_1_473' title='bbox 966 797 1158 825; x_wconf 74' lang='lat' dir='ltr'>memoratis</span> <span class='ocrx_word' id='word_1_474' title='bbox 1184 796 1225 825; x_wconf 79' lang='lat' dir='ltr'>ad</span> <span class='ocrx_word' id='word_1_475' title='bbox 1250 795 1341 825; x_wconf 80' lang='lat' dir='ltr'>aliud</span> <span class='ocrx_word' id='word_1_476' title='bbox 1363 795 1474 836; x_wconf 82' lang='lat' dir='ltr'>potius</span> <span class='ocrx_word' id='word_1_477' title='bbox 1497 795 1689 825; x_wconf 76' lang='lat' dir='ltr'>obscoenum</span> 
     </span>
     <span class='ocr_line' id='line_1_81' title="bbox 966 838 1689 876; baseline 0 -9"><span class='ocrx_word' id='word_1_478' title='bbox 966 839 1163 869; x_wconf 79' lang='lat' dir='ltr'>vocabulum</span> <span class='ocrx_word' id='word_1_479' title='bbox 1180 839 1281 869; x_wconf 74' lang='lat' dir='ltr'>alludi</span> <span class='ocrx_word' id='word_1_480' title='bbox 1297 839 1477 876; x_wconf 78' lang='lat' dir='ltr'>videretur,</span> <span class='ocrx_word' id='word_1_481' title='bbox 1494 843 1533 868; x_wconf 88' lang='lat' dir='ltr'>ut</span> <span class='ocrx_word' id='word_1_482' title='bbox 1549 838 1590 868; x_wconf 81' lang='lat' dir='ltr'>ad</span> <span class='ocrx_word' id='word_1_483' title='bbox 1610 845 1689 868; x_wconf 75' lang='grc' dir='ltr'><strong><em>κλει-</em></strong></span> 
     </span>
     <span class='ocr_line' id='line_1_82' title="bbox 965 879 1291 924; baseline 0.003 -13"><span class='ocrx_word' id='word_1_484' title='bbox 965 879 1156 924; x_wconf 48' lang='lat' dir='ltr'>‘rogfssasallt</span> <span class='ocrx_word' id='word_1_485' title='bbox 1171 882 1291 912; x_wconf 71' lang='lat' dir='ltr'>Simile.</span> 
     </span>
    </p>

    <p class='ocr_par' dir='ltr' id='par_1_15' title="bbox 964 926 1692 1262">
     <span class='ocr_line' id='line_1_83' title="bbox 1013 926 1691 957; baseline -0.001 -1"><span class='ocrx_word' id='word_1_486' title='bbox 1013 926 1129 956; x_wconf 66' lang='lat' dir='ltr'>(were.</span> <span class='ocrx_word' id='word_1_487' title='bbox 1160 927 1233 957; x_wconf 80' lang='lat' dir='ltr'>Att.</span> <span class='ocrx_word' id='word_1_488' title='bbox 1262 927 1330 956; x_wconf 74' lang='lat' dir='ltr'>xiii.</span> <span class='ocrx_word' id='word_1_489' title='bbox 1355 929 1406 957; x_wconf 73' lang='lat'>30.</span> <span class='ocrx_word' id='word_1_490' title='bbox 1436 935 1455 955; x_wconf 84' lang='lat' dir='ltr'>a</span> <span class='ocrx_word' id='word_1_491' title='bbox 1477 930 1510 956; x_wconf 86' lang='lat' dir='ltr'>te</span> <span class='ocrx_word' id='word_1_492' title='bbox 1541 926 1691 956; x_wconf 68' lang='lat' dir='ltr'>colendus</span> 
     </span>
     <span class='ocr_line' id='line_1_84' title="bbox 965 969 1690 1009; baseline 0 -10"><span class='ocrx_word' id='word_1_493' title='bbox 965 975 1025 999; x_wconf 82' lang='lat' dir='ltr'>est.</span> <span class='ocrx_word' id='word_1_494' title='bbox 1059 969 1135 1000; x_wconf 76' lang='lat' dir='ltr'>Istae</span> <span class='ocrx_word' id='word_1_495' title='bbox 1152 973 1265 1000; x_wconf 81' lang='lat' dir='ltr'>autem</span> <span class='ocrx_word' id='word_1_496' title='bbox 1288 971 1442 1000; x_wconf 72' lang='grc' dir='ltr'><strong><em>κολακεῖαι</em></strong></span> <span class='ocrx_word' id='word_1_497' title='bbox 1466 979 1531 999; x_wconf 84' lang='lat' dir='ltr'>non</span> <span class='ocrx_word' id='word_1_498' title='bbox 1550 969 1690 1009; x_wconf 62' lang='lat' dir='ltr'>long-um</span> 
     </span>
     <span class='ocr_line' id='line_1_85' title="bbox 965 1013 1691 1045; baseline -0.001 -2"><span class='ocrx_word' id='word_1_499' title='bbox 965 1013 1086 1043; x_wconf 82' lang='lat' dir='ltr'>absunt</span> <span class='ocrx_word' id='word_1_500' title='bbox 1103 1024 1122 1043; x_wconf 83' lang='lat' dir='ltr'>a</span> <span class='ocrx_word' id='word_1_501' title='bbox 1144 1014 1278 1043; x_wconf 81' lang='lat' dir='ltr'>scelere.</span> <span class='ocrx_word' id='word_1_502' title='bbox 1298 1014 1339 1043; x_wconf 80' lang='lat' dir='ltr'>ad</span> <span class='ocrx_word' id='word_1_503' title='bbox 1362 1014 1435 1043; x_wconf 87' lang='lat' dir='ltr'>Div.</span> <span class='ocrx_word' id='word_1_504' title='bbox 1452 1013 1495 1042; x_wconf 83' lang='lat' dir='ltr'>vi.</span> <span class='ocrx_word' id='word_1_505' title='bbox 1514 1016 1564 1045; x_wconf 70' lang='lat'>1⁶2.</span> <span class='ocrx_word' id='word_1_506' title='bbox 1596 1022 1691 1043; x_wconf 88' lang='lat' dir='ltr'>amor</span> 
     </span>
     <span class='ocr_line' id='line_1_86' title="bbox 964 1057 1691 1097; baseline 0 -11"><span class='ocrx_word' id='word_1_507' title='bbox 964 1058 1070 1087; x_wconf 78' lang='lat' dir='ltr'>cultus</span> <span class='ocrx_word' id='word_1_508' title='bbox 1085 1067 1104 1086; x_wconf 86' lang='lat' dir='ltr'>a</span> <span class='ocrx_word' id='word_1_509' title='bbox 1118 1062 1152 1087; x_wconf 88' lang='lat' dir='ltr'>te</span> <span class='ocrx_word' id='word_1_510' title='bbox 1170 1057 1433 1097; x_wconf 71' lang='lat' dir='ltr'>diligentissime.</span> <span class='ocrx_word' id='word_1_511' title='bbox 1453 1058 1472 1075; x_wconf 50' lang='grc' dir='ltr'>Ῥ</span> <span class='ocrx_word' id='word_1_512' title='bbox 1484 1057 1564 1096; x_wconf 83' lang='lat' dir='ltr'>Leg.</span> <span class='ocrx_word' id='word_1_513' title='bbox 1582 1057 1616 1086; x_wconf 84' lang='lat' dir='ltr'>ii.</span> <span class='ocrx_word' id='word_1_514' title='bbox 1641 1057 1691 1087; x_wconf 85' lang='lat'>16.</span> 
     </span>
     <span class='ocr_line' id='line_1_87' title="bbox 965 1100 1690 1142; baseline 0 -12"><span class='ocrx_word' id='word_1_515' title='bbox 965 1100 1005 1130; x_wconf 77' lang='lat' dir='ltr'>(le</span> <span class='ocrx_word' id='word_1_516' title='bbox 1028 1101 1149 1142; x_wconf 73' lang='lat' dir='ltr'>ritibus</span> <span class='ocrx_word' id='word_1_517' title='bbox 1162 1103 1275 1141; x_wconf 76' lang='lat' dir='ltr'>patriis</span> <span class='ocrx_word' id='word_1_518' title='bbox 1291 1103 1450 1131; x_wconf 67' lang='lat' dir='ltr'>colamur.</span> <span class='ocrx_word' id='word_1_519' title='bbox 1475 1101 1528 1130; x_wconf 75' lang='lat' dir='ltr'>Sic</span> <span class='ocrx_word' id='word_1_520' title='bbox 1543 1101 1634 1140; x_wconf 70' lang='lat' dir='ltr'>Virg.</span> <span class='ocrx_word' id='word_1_521' title='bbox 1649 1100 1690 1130; x_wconf 85' lang='lat' dir='ltr'>de</span> 
     </span>
     <span class='ocr_line' id='line_1_88' title="bbox 966 1144 1692 1175; baseline 0 -2"><span class='ocrx_word' id='word_1_522' title='bbox 966 1154 1067 1174; x_wconf 80' lang='lat' dir='ltr'>more.</span> <span class='ocrx_word' id='word_1_523' title='bbox 1091 1144 1110 1163; x_wconf 70' lang='lat'>²¹²</span> <span class='ocrx_word' id='word_1_524' title='bbox 1122 1145 1164 1175; x_wconf 74' lang='lat' dir='ltr'>N.</span> <span class='ocrx_word' id='word_1_525' title='bbox 1182 1145 1222 1175; x_wconf 93' lang='lat' dir='ltr'>D.</span> <span class='ocrx_word' id='word_1_526' title='bbox 1237 1146 1257 1174; x_wconf 93' lang='lat' dir='ltr'>i.</span> <span class='ocrx_word' id='word_1_527' title='bbox 1271 1148 1322 1175; x_wconf 72' lang='lat'>41.</span> <span class='ocrx_word' id='word_1_528' title='bbox 1346 1145 1403 1175; x_wconf 81' lang='lat' dir='ltr'>Dii</span> <span class='ocrx_word' id='word_1_529' title='bbox 1419 1144 1578 1174; x_wconf 85' lang='lat' dir='ltr'>dicuntur</span> <span class='ocrx_word' id='word_1_530' title='bbox 1593 1146 1692 1175; x_wconf 75' lang='lat' dir='ltr'>colere</span> 
     </span>
     <span class='ocr_line' id='line_1_89' title="bbox 965 1187 1689 1225; baseline 0.001 -8"><span class='ocrx_word' id='word_1_531' title='bbox 965 1187 1129 1223; x_wconf 77' lang='lat' dir='ltr'>homines,</span> <span class='ocrx_word' id='word_1_532' title='bbox 1145 1189 1166 1218; x_wconf 87' lang='lat' dir='ltr'>i.</span> <span class='ocrx_word' id='word_1_533' title='bbox 1182 1199 1212 1218; x_wconf 89' lang='lat' dir='ltr'>e.</span> <span class='ocrx_word' id='word_1_534' title='bbox 1230 1189 1268 1218; x_wconf 84' lang='lat' dir='ltr'>iis</span> <span class='ocrx_word' id='word_1_535' title='bbox 1287 1188 1471 1225; x_wconf 81' lang='lat' dir='ltr'>consulere,</span> <span class='ocrx_word' id='word_1_536' title='bbox 1484 1187 1689 1219; x_wconf 74' lang='lat' dir='ltr'>benefacere.</span> 
     </span>
     <span class='ocr_line' id='line_1_90' title="bbox 965 1231 1172 1262; baseline 0.005 -1"><span class='ocrx_word' id='word_1_537' title='bbox 965 1231 1021 1261; x_wconf 87' lang='lat' dir='ltr'>ubi</span> <span class='ocrx_word' id='word_1_538' title='bbox 1043 1242 1070 1261; x_wconf 86' lang='grc' dir='ltr'>ν.</span> <span class='ocrx_word' id='word_1_539' title='bbox 1089 1233 1172 1262; x_wconf 81' lang='lat' dir='ltr'>Dav.</span> 
     </span>
    </p>

    <p class='ocr_par' dir='ltr' id='par_1_16' title="bbox 967 1275 1697 1917">
     <span class='ocr_line' id='line_1_91' title="bbox 1014 1275 1693 1315; baseline 0 -10"><span class='ocrx_word' id='word_1_540' title='bbox 1014 1275 1154 1312; x_wconf 62' lang='lat' dir='ltr'>Collatia,</span> <span class='ocrx_word' id='word_1_541' title='bbox 1172 1276 1387 1315; x_wconf 78' lang='lat' dir='ltr'>comparatio.</span> <span class='ocrx_word' id='word_1_542' title='bbox 1409 1276 1479 1305; x_wconf 87' lang='lat' dir='ltr'>Fin.</span> <span class='ocrx_word' id='word_1_543' title='bbox 1496 1277 1538 1306; x_wconf 77' lang='lat' dir='ltr'>iv.</span> <span class='ocrx_word' id='word_1_544' title='bbox 1556 1278 1608 1310; x_wconf 68' lang='grc'>(27.</span> <span class='ocrx_word' id='word_1_545' title='bbox 1631 1277 1693 1306; x_wconf 78' lang='lat' dir='ltr'>col-</span> 
     </span>
     <span class='ocr_line' id='line_1_92' title="bbox 967 1319 1691 1358; baseline 0.001 -10"><span class='ocrx_word' id='word_1_546' title='bbox 967 1320 1042 1348; x_wconf 76' lang='lat' dir='ltr'>latio</span> <span class='ocrx_word' id='word_1_547' title='bbox 1066 1320 1170 1357; x_wconf 72' lang='lat' dir='ltr'>igitur</span> <span class='ocrx_word' id='word_1_548' title='bbox 1193 1321 1256 1349; x_wconf 79' lang='lat' dir='ltr'>ista</span> <span class='ocrx_word' id='word_1_549' title='bbox 1279 1324 1312 1348; x_wconf 85' lang='lat' dir='ltr'>te</span> <span class='ocrx_word' id='word_1_550' title='bbox 1337 1319 1418 1348; x_wconf 75' lang='lat' dir='ltr'>nihil</span> <span class='ocrx_word' id='word_1_551' title='bbox 1435 1320 1544 1358; x_wconf 67' lang='lat' dir='ltr'>juvat.</span> <span class='ocrx_word' id='word_1_552' title='bbox 1569 1324 1588 1340; x_wconf 48' lang='grc' dir='ltr'><strong>ᾗ</strong></span> <span class='ocrx_word' id='word_1_553' title='bbox 1605 1320 1691 1349; x_wconf 87' lang='lat' dir='ltr'>Con-</span> 
     </span>
     <span class='ocr_line' id='line_1_93' title="bbox 967 1362 1691 1401; baseline 0 -9"><span class='ocrx_word' id='word_1_554' title='bbox 967 1363 1084 1401; x_wconf 66' lang='lat' dir='ltr'>gestio,</span> <span class='ocrx_word' id='word_1_555' title='bbox 1117 1363 1281 1392; x_wconf 73' lang='lat' dir='ltr'>collectio.</span> <span class='ocrx_word' id='word_1_556' title='bbox 1314 1362 1414 1392; x_wconf 66' lang='lat' dir='ltr'>Tmo.</span> <span class='ocrx_word' id='word_1_557' title='bbox 1448 1364 1490 1392; x_wconf 77' lang='lat' dir='ltr'>iv.</span> <span class='ocrx_word' id='word_1_558' title='bbox 1522 1366 1573 1394; x_wconf 70' lang='lat'>39..</span> <span class='ocrx_word' id='word_1_559' title='bbox 1607 1368 1691 1393; x_wconf 63' lang='lat' dir='ltr'>extr.</span> 
     </span>
     <span class='ocr_line' id='line_1_94' title="bbox 967 1406 1691 1447; baseline 0.001 -12"><span class='ocrx_word' id='word_1_560' title='bbox 967 1416 1043 1436; x_wconf 82' lang='lat' dir='ltr'>cum</span> <span class='ocrx_word' id='word_1_561' title='bbox 1065 1406 1272 1447; x_wconf 80' lang='lat' dir='ltr'>philosophia</span> <span class='ocrx_word' id='word_1_562' title='bbox 1289 1417 1328 1435; x_wconf 75' lang='lat' dir='ltr'>ex</span> <span class='ocrx_word' id='word_1_563' title='bbox 1345 1408 1510 1443; x_wconf 64' lang='grc' dir='ltr'>ςοίέαῐὶυηε</span> <span class='ocrx_word' id='word_1_564' title='bbox 1526 1407 1691 1436; x_wconf 80' lang='lat' dir='ltr'>rationum</span> 
     </span>
     <span class='ocr_line' id='line_1_95' title="bbox 967 1450 1694 1480; baseline 0.001 -1"><span class='ocrx_word' id='word_1_565' title='bbox 967 1453 1106 1480; x_wconf 87' lang='lat' dir='ltr'>constet.</span> <span class='ocrx_word' id='word_1_566' title='bbox 1138 1450 1243 1480; x_wconf 61' lang='lat' dir='ltr'>*Fm</span> <span class='ocrx_word' id='word_1_567' title='bbox 1271 1450 1316 1479; x_wconf 88' lang='lat' dir='ltr'>iii.</span> <span class='ocrx_word' id='word_1_568' title='bbox 1347 1453 1396 1480; x_wconf 83' lang='lat' dir='ltr'>lo.</span> <span class='ocrx_word' id='word_1_569' title='bbox 1427 1451 1577 1480; x_wconf 73' lang='lat' dir='ltr'>notiones</span> <span class='ocrx_word' id='word_1_570' title='bbox 1606 1451 1694 1480; x_wconf 87' lang='lat' dir='ltr'>fiunt</span> 
     </span>
     <span class='ocr_line' id='line_1_96' title="bbox 969 1493 1694 1533; baseline 0 -10"><span class='ocrx_word' id='word_1_571' title='bbox 969 1494 1105 1523; x_wconf 85' lang='lat' dir='ltr'>rationis</span> <span class='ocrx_word' id='word_1_572' title='bbox 1128 1496 1304 1529; x_wconf 53' lang='lat' dir='ltr'>collariam,</span> <span class='ocrx_word' id='word_1_573' title='bbox 1322 1495 1343 1523; x_wconf 83' lang='lat' dir='ltr'>i.</span> <span class='ocrx_word' id='word_1_574' title='bbox 1361 1504 1390 1522; x_wconf 87' lang='lat' dir='ltr'>e.</span> <span class='ocrx_word' id='word_1_575' title='bbox 1406 1493 1571 1533; x_wconf 61' lang='lat' dir='ltr'>analogia,</span> <span class='ocrx_word' id='word_1_576' title='bbox 1587 1499 1627 1524; x_wconf 77' lang='lat' dir='ltr'>nt</span> <span class='ocrx_word' id='word_1_577' title='bbox 1643 1499 1694 1523; x_wconf 82' lang='lat' dir='ltr'>cst</span> 
     </span>
     <span class='ocr_line' id='line_1_97' title="bbox 968 1537 1695 1577; baseline 0.001 -11"><span class='ocrx_word' id='word_1_578' title='bbox 968 1547 1020 1576; x_wconf 77' lang='lat' dir='ltr'>ap.</span> <span class='ocrx_word' id='word_1_579' title='bbox 1036 1537 1151 1567; x_wconf 63' lang='lat' dir='ltr'>Sene—0,</span> <span class='ocrx_word' id='word_1_580' title='bbox 1170 1548 1221 1577; x_wconf 82' lang='lat' dir='ltr'>ep.</span> <span class='ocrx_word' id='word_1_581' title='bbox 1242 1539 1312 1568; x_wconf 63' lang='lat'>1⁶20.</span> <span class='ocrx_word' id='word_1_582' title='bbox 1346 1537 1513 1576; x_wconf 52' lang='lat' dir='ltr'>Iziogunes</span> <span class='ocrx_word' id='word_1_583' title='bbox 1532 1537 1641 1567; x_wconf 52' lang='lat' dir='ltr'>Lafirt.</span> <span class='ocrx_word' id='word_1_584' title='bbox 1660 1539 1695 1567; x_wconf 87' lang='lat' dir='ltr'>in</span> 
     </span>
     <span class='ocr_line' id='line_1_98' title="bbox 969 1580 1695 1620; baseline 0.001 -10"><span class='ocrx_word' id='word_1_585' title='bbox 969 1581 1048 1610; x_wconf 59' lang='lat' dir='ltr'>Zeu.</span> <span class='ocrx_word' id='word_1_586' title='bbox 1069 1582 1139 1610; x_wconf 69' lang='grc' dir='ltr'>κατ’</span> <span class='ocrx_word' id='word_1_587' title='bbox 1150 1580 1312 1619; x_wconf 62' lang='grc' dir='ltr'>ἀναλογίαν</span> <span class='ocrx_word' id='word_1_588' title='bbox 1327 1581 1422 1617; x_wconf 72' lang='lat' dir='ltr'>dicit,</span> <span class='ocrx_word' id='word_1_589' title='bbox 1433 1583 1569 1620; x_wconf 62' lang='lat' dir='ltr'>ejusque</span> <span class='ocrx_word' id='word_1_590' title='bbox 1583 1591 1695 1611; x_wconf 84' lang='lat' dir='ltr'>exem-</span> 
     </span>
     <span class='ocr_line' id='line_1_99' title="bbox 969 1624 1692 1665; baseline 0.001 -12"><span class='ocrx_word' id='word_1_591' title='bbox 969 1625 1024 1665; x_wconf 85' lang='lat' dir='ltr'>pla</span> <span class='ocrx_word' id='word_1_592' title='bbox 1039 1625 1135 1664; x_wconf 84' lang='lat' dir='ltr'>ponit</span> <span class='ocrx_word' id='word_1_593' title='bbox 1150 1624 1274 1664; x_wconf 83' lang='lat' dir='ltr'>Tityon</span> <span class='ocrx_word' id='word_1_594' title='bbox 1290 1628 1326 1654; x_wconf 79' lang='lat' dir='ltr'>et</span> <span class='ocrx_word' id='word_1_595' title='bbox 1345 1624 1556 1664; x_wconf 69' lang='lat' dir='ltr'>Pygniaeuui:</span> <span class='ocrx_word' id='word_1_596' title='bbox 1583 1625 1638 1654; x_wconf 86' lang='lat' dir='ltr'>ille</span> <span class='ocrx_word' id='word_1_597' title='bbox 1656 1626 1692 1654; x_wconf 85' lang='lat' dir='ltr'>fit</span> 
     </span>
     <span class='ocr_line' id='line_1_100' title="bbox 969 1667 1696 1707; baseline -0.001 -9"><span class='ocrx_word' id='word_1_598' title='bbox 969 1668 1135 1707; x_wconf 73' lang='lat' dir='ltr'>augendo,</span> <span class='ocrx_word' id='word_1_599' title='bbox 1152 1668 1205 1697; x_wconf 72' lang='lat' dir='ltr'>liic</span> <span class='ocrx_word' id='word_1_600' title='bbox 1229 1668 1411 1698; x_wconf 78' lang='lat' dir='ltr'>minuendo</span> <span class='ocrx_word' id='word_1_601' title='bbox 1434 1669 1504 1698; x_wconf 72' lang='grc' dir='ltr'>κατ’</span> <span class='ocrx_word' id='word_1_602' title='bbox 1523 1667 1696 1707; x_wconf 70' lang='grc' dir='ltr'>ἀναλογίαν.</span> 
     </span>
     <span class='ocr_line' id='line_1_101' title="bbox 968 1711 1695 1752; baseline 0 -11"><span class='ocrx_word' id='word_1_603' title='bbox 968 1712 987 1730; x_wconf 68' lang='lat'><em>*</em></span> <span class='ocrx_word' id='word_1_604' title='bbox 1002 1713 1036 1742; x_wconf 90' lang='lat' dir='ltr'>in</span> <span class='ocrx_word' id='word_1_605' title='bbox 1058 1721 1092 1741; x_wconf 87' lang='lat' dir='ltr'>re</span> <span class='ocrx_word' id='word_1_606' title='bbox 1109 1711 1243 1741; x_wconf 85' lang='lat' dir='ltr'>militari</span> <span class='ocrx_word' id='word_1_607' title='bbox 1258 1713 1384 1742; x_wconf 75' lang='lat' dir='ltr'>collatio</span> <span class='ocrx_word' id='word_1_608' title='bbox 1407 1716 1457 1741; x_wconf 83' lang='lat' dir='ltr'>est</span> <span class='ocrx_word' id='word_1_609' title='bbox 1479 1713 1588 1752; x_wconf 79' lang='lat' dir='ltr'>ipsum</span> <span class='ocrx_word' id='word_1_610' title='bbox 1612 1722 1695 1751; x_wconf 78' lang='lat' dir='ltr'>prae-</span> 
     </span>
     <span class='ocr_line' id='line_1_102' title="bbox 970 1755 1695 1792; baseline 0 -7"><span class='ocrx_word' id='word_1_611' title='bbox 970 1756 1066 1792; x_wconf 86' lang='lat' dir='ltr'>lium,</span> <span class='ocrx_word' id='word_1_612' title='bbox 1089 1755 1146 1786; x_wconf 89' lang='lat' dir='ltr'>Or.</span> <span class='ocrx_word' id='word_1_613' title='bbox 1172 1755 1192 1785; x_wconf 90' lang='lat' dir='ltr'>i.</span> <span class='ocrx_word' id='word_1_614' title='bbox 1215 1758 1268 1786; x_wconf 70' lang='lat'>48.</span> <span class='ocrx_word' id='word_1_615' title='bbox 1292 1756 1489 1785; x_wconf 62' lang='lat' dir='ltr'>*concessio</span> <span class='ocrx_word' id='word_1_616' title='bbox 1507 1756 1695 1785; x_wconf 63' lang='lat' dir='ltr'>etattribu-</span> 
     </span>
     <span class='ocr_line' id='line_1_103' title="bbox 968 1798 1694 1839; baseline -0.001 -10"><span class='ocrx_word' id='word_1_617' title='bbox 968 1799 1029 1829; x_wconf 88' lang='lat' dir='ltr'>tio.</span> <span class='ocrx_word' id='word_1_618' title='bbox 1053 1799 1104 1829; x_wconf 84' lang='lat' dir='ltr'>Fr.</span> <span class='ocrx_word' id='word_1_619' title='bbox 1128 1800 1162 1829; x_wconf 91' lang='lat' dir='ltr'>in</span> <span class='ocrx_word' id='word_1_620' title='bbox 1178 1798 1262 1838; x_wconf 78' lang='lat' dir='ltr'>Tog.</span> <span class='ocrx_word' id='word_1_621' title='bbox 1286 1800 1498 1829; x_wconf 79' lang='lat' dir='ltr'>concessione</span> <span class='ocrx_word' id='word_1_622' title='bbox 1513 1800 1694 1839; x_wconf 82' lang='lat' dir='ltr'>petitorum</span> 
     </span>
     <span class='ocr_line' id='line_1_104' title="bbox 970 1842 1697 1882; baseline 0 -10"><span class='ocrx_word' id='word_1_623' title='bbox 970 1848 1005 1873; x_wconf 88' lang='lat' dir='ltr'>et</span> <span class='ocrx_word' id='word_1_624' title='bbox 1027 1844 1190 1873; x_wconf 77' lang='lat' dir='ltr'>collatione</span> <span class='ocrx_word' id='word_1_625' title='bbox 1210 1843 1439 1872; x_wconf 83' lang='lat' dir='ltr'>centuriarum</span> <span class='ocrx_word' id='word_1_626' title='bbox 1454 1851 1632 1882; x_wconf 77' lang='lat' dir='ltr'>praetorem</span> <span class='ocrx_word' id='word_1_627' title='bbox 1649 1842 1697 1872; x_wconf 84' lang='lat' dir='ltr'>fa-</span> 
     </span>
     <span class='ocr_line' id='line_1_105' title="bbox 971 1886 1514 1917; baseline 0 -1"><span class='ocrx_word' id='word_1_628' title='bbox 971 1890 1074 1917; x_wconf 88' lang='lat' dir='ltr'>ctum.</span> <span class='ocrx_word' id='word_1_629' title='bbox 1090 1896 1120 1916; x_wconf 92' lang='lat' dir='ltr'>v.</span> <span class='ocrx_word' id='word_1_630' title='bbox 1136 1886 1260 1916; x_wconf 65' lang='lat' dir='ltr'>G‘ruch.</span> <span class='ocrx_word' id='word_1_631' title='bbox 1276 1886 1317 1916; x_wconf 85' lang='lat' dir='ltr'>de</span> <span class='ocrx_word' id='word_1_632' title='bbox 1333 1886 1427 1916; x_wconf 84' lang='lat' dir='ltr'>Com.</span> <span class='ocrx_word' id='word_1_633' title='bbox 1446 1886 1466 1916; x_wconf 94' lang='lat' dir='ltr'>i.</span> <span class='ocrx_word' id='word_1_634' title='bbox 1483 1889 1514 1917; x_wconf 82' lang='lat'>4.</span> 
     </span>
    </p>

    <p class='ocr_par' dir='ltr' id='par_1_17' title="bbox 970 1930 1696 2014">
     <span class='ocr_line' id='line_1_106' title="bbox 1019 1930 1696 1966; baseline -0.001 -6"><span class='ocrx_word' id='word_1_635' title='bbox 1019 1930 1206 1960; x_wconf 76' lang='lat' dir='ltr'>Cbllatcttus.</span> <span class='ocrx_word' id='word_1_636' title='bbox 1236 1931 1294 1960; x_wconf 86' lang='lat' dir='ltr'>Or.</span> <span class='ocrx_word' id='word_1_637' title='bbox 1319 1931 1370 1960; x_wconf 84' lang='lat'>56.</span> <span class='ocrx_word' id='word_1_638' title='bbox 1401 1931 1554 1960; x_wconf 70' lang='lat' dir='ltr'>collatam</span> <span class='ocrx_word' id='word_1_639' title='bbox 1578 1931 1696 1966; x_wconf 76' lang='lat' dir='ltr'>oratio,</span> 
     </span>
     <span class='ocr_line' id='line_1_107' title="bbox 970 1973 1609 2014; baseline -0.002 -10"><span class='ocrx_word' id='word_1_640' title='bbox 970 1974 1152 2014; x_wconf 87' lang='lat' dir='ltr'>opponitur</span> <span class='ocrx_word' id='word_1_641' title='bbox 1165 1975 1274 2011; x_wconf 78' lang='lat' dir='ltr'>tenui,</span> <span class='ocrx_word' id='word_1_642' title='bbox 1290 1973 1394 2010; x_wconf 75' lang='lat' dir='ltr'>brevi,</span> <span class='ocrx_word' id='word_1_643' title='bbox 1407 1983 1432 2003; x_wconf 78' lang='lat' dir='ltr'>s.</span> <span class='ocrx_word' id='word_1_644' title='bbox 1449 1979 1609 2012; x_wconf 74' lang='lat' dir='ltr'>angustze.</span> 
     </span>
    </p>

    <p class='ocr_par' dir='ltr' id='par_1_18' title="bbox 971 2017 1698 2188">
     <span class='ocr_line' id='line_1_108' title="bbox 1020 2017 1696 2048; baseline -0.004 0"><span class='ocrx_word' id='word_1_645' title='bbox 1020 2018 1170 2048; x_wconf 63' lang='lat' dir='ltr'>(bllatus.</span> <span class='ocrx_word' id='word_1_646' title='bbox 1202 2018 1270 2048; x_wconf 79' lang='lat' dir='ltr'>Att.</span> <span class='ocrx_word' id='word_1_647' title='bbox 1301 2017 1367 2047; x_wconf 87' lang='lat' dir='ltr'>xiii.</span> <span class='ocrx_word' id='word_1_648' title='bbox 1402 2019 1451 2047; x_wconf 68' lang='lat'>12.</span> <span class='ocrx_word' id='word_1_649' title='bbox 1484 2027 1536 2047; x_wconf 75' lang='lat' dir='ltr'>res</span> <span class='ocrx_word' id='word_1_650' title='bbox 1567 2017 1609 2047; x_wconf 87' lang='lat' dir='ltr'>ad</span> <span class='ocrx_word' id='word_1_651' title='bbox 1642 2026 1696 2046; x_wconf 88' lang='lat' dir='ltr'>me</span> 
     </span>
     <span class='ocr_line' id='line_1_109' title="bbox 971 2060 1698 2098; baseline -0.003 -7"><span class='ocrx_word' id='word_1_652' title='bbox 971 2061 1042 2091; x_wconf 88' lang='lat' dir='ltr'>sine</span> <span class='ocrx_word' id='word_1_653' title='bbox 1065 2061 1289 2091; x_wconf 84' lang='lat' dir='ltr'>controversia</span> <span class='ocrx_word' id='word_1_654' title='bbox 1311 2062 1428 2091; x_wconf 75' lang='lat' dir='ltr'>collata</span> <span class='ocrx_word' id='word_1_655' title='bbox 1452 2066 1516 2098; x_wconf 84' lang='lat' dir='ltr'>est,</span> <span class='ocrx_word' id='word_1_656' title='bbox 1532 2061 1554 2090; x_wconf 87' lang='lat' dir='ltr'>i.</span> <span class='ocrx_word' id='word_1_657' title='bbox 1570 2071 1599 2090; x_wconf 87' lang='lat' dir='ltr'>e.</span> <span class='ocrx_word' id='word_1_658' title='bbox 1624 2060 1698 2089; x_wconf 79' lang='lat' dir='ltr'>red-</span> 
     </span>
     <span class='ocr_line' id='line_1_110' title="bbox 972 2105 1696 2135; baseline -0.001 0"><span class='ocrx_word' id='word_1_659' title='bbox 972 2109 1057 2135; x_wconf 85' lang='lat' dir='ltr'>acta.</span> <span class='ocrx_word' id='word_1_660' title='bbox 1088 2105 1164 2135; x_wconf 83' lang='lat' dir='ltr'>Div.</span> <span class='ocrx_word' id='word_1_661' title='bbox 1182 2105 1216 2135; x_wconf 89' lang='lat' dir='ltr'>ii.</span> <span class='ocrx_word' id='word_1_662' title='bbox 1234 2108 1285 2135; x_wconf 82' lang='lat'>55.</span> <span class='ocrx_word' id='word_1_663' title='bbox 1317 2108 1427 2134; x_wconf 76' lang='lat' dir='ltr'>eastra</span> <span class='ocrx_word' id='word_1_664' title='bbox 1448 2105 1564 2134; x_wconf 84' lang='lat' dir='ltr'>castris</span> <span class='ocrx_word' id='word_1_665' title='bbox 1580 2106 1696 2134; x_wconf 74' lang='lat' dir='ltr'>collata</span> 
     </span>
     <span class='ocr_line' id='line_1_111' title="bbox 971 2147 1317 2188; baseline 0 -10"><span class='ocrx_word' id='word_1_666' title='bbox 971 2147 1056 2186; x_wconf 61' lang='lat' dir='ltr'>esse,</span> <span class='ocrx_word' id='word_1_667' title='bbox 1072 2149 1093 2178; x_wconf 85' lang='lat' dir='ltr'>i.</span> <span class='ocrx_word' id='word_1_668' title='bbox 1110 2158 1139 2179; x_wconf 91' lang='lat' dir='ltr'>e.</span> <span class='ocrx_word' id='word_1_669' title='bbox 1156 2149 1317 2188; x_wconf 73' lang='lat' dir='ltr'>opposita.</span> 
     </span>
    </p>

    <p class='ocr_par' dir='ltr' id='par_1_19' title="bbox 973 2189 1699 2275">
     <span class='ocr_line' id='line_1_112' title="bbox 1020 2189 1699 2234; baseline -0.004 -12"><span class='ocrx_word' id='word_1_670' title='bbox 1020 2192 1165 2223; x_wconf 77' lang='lat' dir='ltr'>Collecta.</span> <span class='ocrx_word' id='word_1_671' title='bbox 1194 2191 1250 2222; x_wconf 90' lang='lat' dir='ltr'>Gr.</span> <span class='ocrx_word' id='word_1_672' title='bbox 1267 2191 1369 2234; x_wconf 60' lang='grc' dir='ltr'>’ἔρα-ως.</span> <span class='ocrx_word' id='word_1_673' title='bbox 1394 2191 1451 2222; x_wconf 91' lang='lat' dir='ltr'>Or.</span> <span class='ocrx_word' id='word_1_674' title='bbox 1469 2193 1503 2222; x_wconf 90' lang='lat' dir='ltr'>ii.</span> <span class='ocrx_word' id='word_1_675' title='bbox 1522 2194 1574 2226; x_wconf 81' lang='lat'>57.</span> <span class='ocrx_word' id='word_1_676' title='bbox 1600 2189 1699 2220; x_wconf 77' lang='lat' dir='ltr'>colle-</span> 
     </span>
     <span class='ocr_line' id='line_1_113' title="bbox 973 2237 1677 2275; baseline 0 -10"><span class='ocrx_word' id='word_1_677' title='bbox 973 2239 1061 2266; x_wconf 86' lang='lat' dir='ltr'>ctam</span> <span class='ocrx_word' id='word_1_678' title='bbox 1079 2237 1220 2275; x_wconf 74' lang='lat' dir='ltr'>exigere.</span> <span class='ocrx_word' id='word_1_679' title='bbox 1563 2243 1573 2254; x_wconf 80' lang='grc'><em>·</em></span> <span class='ocrx_word' id='word_1_680' title='bbox 1675 2263 1677 2265; x_wconf 76' lang='grc'>,</span> 
     </span>
    </p>

    <p class='ocr_par' dir='ltr' id='par_1_20' title="bbox 972 2278 1703 2493">
     <span class='ocr_line' id='line_1_114' title="bbox 1022 2278 1699 2310; baseline -0.004 0"><span class='ocrx_word' id='word_1_681' title='bbox 1022 2280 1173 2310; x_wconf 75' lang='lat' dir='ltr'>Cbllectio.</span> <span class='ocrx_word' id='word_1_682' title='bbox 1204 2279 1298 2309; x_wconf 85' lang='lat' dir='ltr'>Brut.</span> <span class='ocrx_word' id='word_1_683' title='bbox 1333 2281 1386 2310; x_wconf 74' lang='lat'>88.</span> <span class='ocrx_word' id='word_1_684' title='bbox 1418 2278 1586 2309; x_wconf 74' lang='lat' dir='ltr'>Attulerat</span> <span class='ocrx_word' id='word_1_685' title='bbox 1616 2278 1699 2308; x_wconf 78' lang='lat' dir='ltr'>duas</span> 
     </span>
     <span class='ocr_line' id='line_1_115' title="bbox 972 2321 1698 2363; baseline -0.003 -10"><span class='ocrx_word' id='word_1_686' title='bbox 972 2333 1036 2360; x_wconf 85' lang='lat' dir='ltr'>res,</span> <span class='ocrx_word' id='word_1_687' title='bbox 1061 2333 1140 2362; x_wconf 85' lang='lat' dir='ltr'>quas</span> <span class='ocrx_word' id='word_1_688' title='bbox 1164 2332 1263 2353; x_wconf 85' lang='lat' dir='ltr'>nemo</span> <span class='ocrx_word' id='word_1_689' title='bbox 1286 2322 1388 2352; x_wconf 75' lang='lat' dir='ltr'>alius:</span> <span class='ocrx_word' id='word_1_690' title='bbox 1425 2323 1634 2363; x_wconf 84' lang='lat' dir='ltr'>partitiones,</span> <span class='ocrx_word' id='word_1_691' title='bbox 1658 2321 1698 2351; x_wconf 90' lang='lat' dir='ltr'>de</span> 
     </span>
     <span class='ocr_line' id='line_1_116' title="bbox 973 2367 1700 2406; baseline -0.001 -10"><span class='ocrx_word' id='word_1_692' title='bbox 973 2367 1091 2406; x_wconf 87' lang='lat' dir='ltr'>quibus</span> <span class='ocrx_word' id='word_1_693' title='bbox 1122 2367 1271 2397; x_wconf 87' lang='lat' dir='ltr'>dicturus</span> <span class='ocrx_word' id='word_1_694' title='bbox 1301 2369 1400 2403; x_wconf 83' lang='lat' dir='ltr'>esset,</span> <span class='ocrx_word' id='word_1_695' title='bbox 1431 2370 1464 2395; x_wconf 88' lang='lat' dir='ltr'>et</span> <span class='ocrx_word' id='word_1_696' title='bbox 1493 2367 1700 2404; x_wconf 75' lang='lat' dir='ltr'>collectiones,</span> 
     </span>
     <span class='ocr_line' id='line_1_117' title="bbox 972 2409 1703 2449; baseline -0.001 -9"><span class='ocrx_word' id='word_1_697' title='bbox 972 2420 1101 2440; x_wconf 90' lang='lat' dir='ltr'>memor</span> <span class='ocrx_word' id='word_1_698' title='bbox 1123 2413 1157 2439; x_wconf 91' lang='lat' dir='ltr'>et</span> <span class='ocrx_word' id='word_1_699' title='bbox 1179 2420 1252 2449; x_wconf 81' lang='lat' dir='ltr'>quae</span> <span class='ocrx_word' id='word_1_700' title='bbox 1275 2414 1388 2440; x_wconf 86' lang='lat' dir='ltr'>essent</span> <span class='ocrx_word' id='word_1_701' title='bbox 1409 2409 1497 2439; x_wconf 85' lang='lat' dir='ltr'>dicta</span> <span class='ocrx_word' id='word_1_702' title='bbox 1523 2413 1652 2448; x_wconf 82' lang='lat' dir='ltr'>contra,</span> <span class='ocrx_word' id='word_1_703' title='bbox 1667 2411 1703 2439; x_wconf 82' lang='lat' dir='ltr'>et</span> 
     </span>
     <span class='ocr_line' id='line_1_118' title="bbox 973 2452 1701 2493; baseline -0.003 -9"><span class='ocrx_word' id='word_1_704' title='bbox 973 2463 1046 2493; x_wconf 83' lang='lat' dir='ltr'>quae</span> <span class='ocrx_word' id='word_1_705' title='bbox 1064 2455 1133 2493; x_wconf 78' lang='lat' dir='ltr'>ipse</span> <span class='ocrx_word' id='word_1_706' title='bbox 1149 2453 1304 2484; x_wconf 78' lang='lat' dir='ltr'>dixisset:</span> <span class='ocrx_word' id='word_1_707' title='bbox 1329 2457 1409 2483; x_wconf 83' lang='lat' dir='ltr'>sunt</span> <span class='ocrx_word' id='word_1_708' title='bbox 1425 2452 1701 2493; x_wconf 69' lang='grc' dir='ltr'>ἀνωκεφαλαιῶσεις.</span> 
     </span>
    </p>

    <p class='ocr_par' dir='ltr' id='par_1_21' title="bbox 973 2497 1702 2624">
     <span class='ocr_line' id='line_1_119' title="bbox 1022 2497 1701 2528; baseline -0.003 0"><span class='ocrx_word' id='word_1_709' title='bbox 1022 2498 1222 2528; x_wconf 76' lang='lat' dir='ltr'>Collectitius.</span> <span class='ocrx_word' id='word_1_710' title='bbox 1246 2497 1287 2527; x_wconf 82' lang='lat' dir='ltr'>ad</span> <span class='ocrx_word' id='word_1_711' title='bbox 1302 2497 1380 2528; x_wconf 90' lang='lat' dir='ltr'>Div.</span> <span class='ocrx_word' id='word_1_712' title='bbox 1395 2497 1451 2526; x_wconf 85' lang='lat' dir='ltr'>vii.</span> <span class='ocrx_word' id='word_1_713' title='bbox 1469 2499 1500 2527; x_wconf 87' lang='lat'>3.</span> <span class='ocrx_word' id='word_1_714' title='bbox 1526 2497 1620 2528; x_wconf 86' lang='lat' dir='ltr'>miles</span> <span class='ocrx_word' id='word_1_715' title='bbox 1634 2497 1701 2526; x_wconf 90' lang='lat' dir='ltr'>tiro</span> 
     </span>
     <span class='ocr_line' id='line_1_120' title="bbox 973 2539 1702 2580; baseline 0 -10"><span class='ocrx_word' id='word_1_716' title='bbox 973 2544 1009 2570; x_wconf 91' lang='lat' dir='ltr'>et</span> <span class='ocrx_word' id='word_1_717' title='bbox 1033 2542 1230 2580; x_wconf 57' lang='lat' dir='ltr'>ccllectfflssus,</span> <span class='ocrx_word' id='word_1_718' title='bbox 1255 2541 1287 2571; x_wconf 90' lang='lat' dir='ltr'>h.</span> <span class='ocrx_word' id='word_1_719' title='bbox 1316 2551 1346 2571; x_wconf 89' lang='lat' dir='ltr'>e.</span> <span class='ocrx_word' id='word_1_720' title='bbox 1371 2550 1438 2570; x_wconf 89' lang='lat' dir='ltr'>non</span> <span class='ocrx_word' id='word_1_721' title='bbox 1464 2540 1620 2578; x_wconf 86' lang='lat' dir='ltr'>dilectus,</span> <span class='ocrx_word' id='word_1_722' title='bbox 1643 2539 1702 2571; x_wconf 86' lang='lat' dir='ltr'>sed</span> 
     </span>
     <span class='ocr_line' id='line_1_121' title="bbox 973 2585 1508 2624; baseline 0 -10"><span class='ocrx_word' id='word_1_723' title='bbox 973 2585 1094 2624; x_wconf 86' lang='lat' dir='ltr'>raptim</span> <span class='ocrx_word' id='word_1_724' title='bbox 1111 2587 1145 2614; x_wconf 85' lang='lat' dir='ltr'>et</span> <span class='ocrx_word' id='word_1_725' title='bbox 1159 2585 1346 2624; x_wconf 80' lang='lat' dir='ltr'>promiscue</span> <span class='ocrx_word' id='word_1_726' title='bbox 1362 2588 1508 2615; x_wconf 85' lang='lat' dir='ltr'>coaetus.</span> 
     </span>
    </p>

    <p class='ocr_par' dir='ltr' id='par_1_22' title="bbox 974 2627 1708 2930">
     <span class='ocr_line' id='line_1_122' title="bbox 1023 2627 1703 2668; baseline -0.003 -9"><span class='ocrx_word' id='word_1_727' title='bbox 1023 2628 1210 2667; x_wconf 77' lang='lat' dir='ltr'>Collegium.</span> <span class='ocrx_word' id='word_1_728' title='bbox 1242 2629 1320 2658; x_wconf 88' lang='lat' dir='ltr'>Sen.</span> <span class='ocrx_word' id='word_1_729' title='bbox 1340 2638 1374 2668; x_wconf 87' lang='lat' dir='ltr'>p.</span> <span class='ocrx_word' id='word_1_730' title='bbox 1390 2628 1431 2659; x_wconf 88' lang='lat' dir='ltr'>R.</span> <span class='ocrx_word' id='word_1_731' title='bbox 1451 2631 1502 2659; x_wconf 85' lang='lat'>13.</span> <span class='ocrx_word' id='word_1_732' title='bbox 1534 2637 1643 2658; x_wconf 84' lang='lat' dir='ltr'>servos</span> <span class='ocrx_word' id='word_1_733' title='bbox 1660 2627 1703 2658; x_wconf 83' lang='lat' dir='ltr'>si-</span> 
     </span>
     <span class='ocr_line' id='line_1_123' title="bbox 974 2672 1704 2711; baseline -0.003 -9"><span class='ocrx_word' id='word_1_734' title='bbox 974 2672 1159 2702; x_wconf 81' lang='lat' dir='ltr'>mulatione</span> <span class='ocrx_word' id='word_1_735' title='bbox 1181 2673 1391 2711; x_wconf 74' lang='lat' dir='ltr'>collegiormn</span> <span class='ocrx_word' id='word_1_736' title='bbox 1414 2672 1613 2702; x_wconf 86' lang='lat' dir='ltr'>nominatim</span> <span class='ocrx_word' id='word_1_737' title='bbox 1632 2680 1704 2701; x_wconf 82' lang='lat' dir='ltr'>esse</span> 
     </span>
     <span class='ocr_line' id='line_1_124' title="bbox 975 2713 1703 2755; baseline 0.001 -11"><span class='ocrx_word' id='word_1_738' title='bbox 975 2713 1189 2755; x_wconf 65' lang='lat' dir='ltr'>conscriptos.</span> <span class='ocrx_word' id='word_1_739' title='bbox 1220 2715 1358 2754; x_wconf 72' lang='lat' dir='ltr'>Collegia</span> <span class='ocrx_word' id='word_1_740' title='bbox 1374 2719 1482 2752; x_wconf 82' lang='lat' dir='ltr'>erant,</span> <span class='ocrx_word' id='word_1_741' title='bbox 1492 2725 1531 2745; x_wconf 85' lang='lat' dir='ltr'>ex</span> <span class='ocrx_word' id='word_1_742' title='bbox 1549 2716 1703 2745; x_wconf 76' lang='lat' dir='ltr'>instituto</span> 
     </span>
     <span class='ocr_line' id='line_1_125' title="bbox 974 2758 1703 2798; baseline 0 -10"><span class='ocrx_word' id='word_1_743' title='bbox 974 2758 1098 2789; x_wconf 80' lang='lat' dir='ltr'>Numae</span> <span class='ocrx_word' id='word_1_744' title='bbox 1122 2759 1289 2798; x_wconf 67' lang='lat' dir='ltr'>Pompilii,</span> <span class='ocrx_word' id='word_1_745' title='bbox 1312 2759 1502 2789; x_wconf 81' lang='lat' dir='ltr'>sodalitates</span> <span class='ocrx_word' id='word_1_746' title='bbox 1526 2758 1644 2798; x_wconf 81' lang='lat' dir='ltr'>plebis,</span> <span class='ocrx_word' id='word_1_747' title='bbox 1669 2759 1703 2788; x_wconf 89' lang='lat' dir='ltr'>in</span> 
     </span>
     <span class='ocr_line' id='line_1_126' title="bbox 977 2802 1705 2841; baseline 0 -9"><span class='ocrx_word' id='word_1_748' title='bbox 977 2812 1057 2841; x_wconf 82' lang='lat' dir='ltr'>quas</span> <span class='ocrx_word' id='word_1_749' title='bbox 1081 2812 1121 2832; x_wconf 87' lang='lat' dir='ltr'>ea</span> <span class='ocrx_word' id='word_1_750' title='bbox 1138 2802 1303 2841; x_wconf 77' lang='lat' dir='ltr'>descripta</span> <span class='ocrx_word' id='word_1_751' title='bbox 1317 2809 1400 2839; x_wconf 83' lang='lat' dir='ltr'>erat,</span> <span class='ocrx_word' id='word_1_752' title='bbox 1417 2803 1456 2832; x_wconf 84' lang='lat' dir='ltr'>(le</span> <span class='ocrx_word' id='word_1_753' title='bbox 1473 2803 1592 2841; x_wconf 81' lang='lat' dir='ltr'>quibus</span> <span class='ocrx_word' id='word_1_754' title='bbox 1608 2812 1637 2832; x_wconf 87' lang='grc' dir='ltr'>ν.</span> <span class='ocrx_word' id='word_1_755' title='bbox 1656 2803 1705 2832; x_wconf 82' lang='lat' dir='ltr'>Si-</span> 
     </span>
     <span class='ocr_line' id='line_1_127' title="bbox 977 2845 1707 2884; baseline -0.001 -8"><span class='ocrx_word' id='word_1_756' title='bbox 977 2855 1054 2884; x_wconf 81' lang='lat' dir='ltr'>gon.</span> <span class='ocrx_word' id='word_1_757' title='bbox 1079 2846 1119 2876; x_wconf 88' lang='lat' dir='ltr'>A.</span> <span class='ocrx_word' id='word_1_758' title='bbox 1143 2845 1175 2876; x_wconf 82' lang='lat' dir='ltr'>J.</span> <span class='ocrx_word' id='word_1_759' title='bbox 1193 2846 1230 2876; x_wconf 91' lang='lat' dir='ltr'>C.</span> <span class='ocrx_word' id='word_1_760' title='bbox 1247 2847 1288 2877; x_wconf 89' lang='lat' dir='ltr'>R.</span> <span class='ocrx_word' id='word_1_761' title='bbox 1314 2847 1348 2877; x_wconf 89' lang='lat' dir='ltr'>ii.</span> <span class='ocrx_word' id='word_1_762' title='bbox 1370 2849 1418 2877; x_wconf 68' lang='lat'>12.</span> <span class='ocrx_word' id='word_1_763' title='bbox 1451 2850 1485 2876; x_wconf 88' lang='lat' dir='ltr'>et</span> <span class='ocrx_word' id='word_1_764' title='bbox 1506 2845 1639 2876; x_wconf 86' lang='lat' dir='ltr'>Manut.</span> <span class='ocrx_word' id='word_1_765' title='bbox 1665 2845 1707 2875; x_wconf 89' lang='lat' dir='ltr'>ad</span> 
     </span>
     <span class='ocr_line' id='line_1_128' title="bbox 978 2889 1708 2930; baseline 0 -11"><span class='ocrx_word' id='word_1_766' title='bbox 978 2889 1035 2920; x_wconf 89' lang='lat' dir='ltr'>Or.</span> <span class='ocrx_word' id='word_1_767' title='bbox 1065 2899 1124 2930; x_wconf 90' lang='lat' dir='ltr'>pro</span> <span class='ocrx_word' id='word_1_768' title='bbox 1147 2889 1259 2920; x_wconf 86' lang='lat' dir='ltr'>Sextio</span> <span class='ocrx_word' id='word_1_769' title='bbox 1284 2893 1336 2921; x_wconf 80' lang='lat'>15.</span> <span class='ocrx_word' id='word_1_770' title='bbox 1367 2890 1424 2921; x_wconf 91' lang='lat' dir='ltr'>ubi</span> <span class='ocrx_word' id='word_1_771' title='bbox 1447 2889 1630 2921; x_wconf 80' lang='lat' dir='ltr'>eorundem</span> <span class='ocrx_word' id='word_1_772' title='bbox 1645 2890 1708 2920; x_wconf 75' lang='lat' dir='ltr'>col·</span> 
     </span>
    </p>
   </div>
   <div class='ocr_carea' id='block_1_6' title="bbox 1032 2942 1054 2973">
    <p class='ocr_par' dir='ltr' id='par_1_23' title="bbox 1032 2942 1054 2973">
     <span class='ocr_line' id='line_1_129' title="bbox 1032 2942 1054 2973; baseline 0 -5"><span class='ocrx_word' id='word_1_773' title='bbox 1032 2942 1054 2973; x_wconf 76' lang='grc' dir='ltr'><em>Ω</em></span> 
     </span>
    </p>
   </div>
  </div>
 </body>
</html>
