1985 3206
292 92 375 128 210

294 188 366 218 nul.
391 188 431 218 ad
455 188 602 219 Frontin.
624 189 768 229 Stratag.
790 192 830 221 iv.
848 192 879 222 6.
895 195 925 222 3.
957 193 1031 222 Mo-

295 232 370 262 dius
395 232 436 262 ad
457 232 584 262 Justin.
610 234 642 262 ii.
666 237 697 267 7.
729 239 763 264 et
787 234 856 264 Viri
881 235 968 265 docti
990 237 1031 266 ad

293 275 413 305 Silium
429 276 497 306 xiii.
516 279 584 306 155.
600 282 633 306 et
647 277 688 306 ad
701 277 840 308 Sueton.
858 278 962 318 Calig.
977 283 1030 311 24.

344 320 514 358 Capitalis,
527 325 577 349 est
595 321 681 359 quod
699 321 739 350 ad
757 327 855 361 eaput
870 324 1029 362 pertinet,

296 362 329 392 in
359 373 424 401 quo
451 369 553 403 caput
578 365 709 402 agitur3
735 365 824 403 quod
850 366 946 405 quale
972 368 1029 403 sit,

295 406 361 436 vid.
379 407 413 436 in
429 413 541 446 caput.
572 408 625 437 Sic
638 408 730 437 Verr.
748 409 779 438 ii.
797 412 848 442 39.
881 410 926 439 rei
942 412 1029 450 eapi-

294 451 371 479 talis
386 460 471 480 reus.
490 451 532 480 ib.
551 453 603 481 28.
621 461 712 481 remn
731 454 923 492 capitalium
940 464 1028 492 quae—

295 493 432 523 stiones.
450 494 561 523 Rabir.
581 495 674 524 Perd.
691 500 722 529 9.
746 496 923 528 admittere
940 498 1029 528 frau-

290 536 368 566 dem
393 539 577 576 capitalem.
608 538 717 568 *hinc
744 549 794 569 res
819 540 1025 579 periculosae,

288 581 455 619 caparam,
481 581 650 612 dicuntur.
682 582 751 612 Fin.
779 584 822 612 iv.
851 585 897 614 12.
922 584 1025 615 hostis

287 625 439 663 capitalis
456 625 515 654 &tn
539 625 557 643 *
571 626 650 655 item
672 627 876 665 perniciosae.
901 627 964 657 Off.
988 629 1022 658 ii.

290 669 342 697 21.
360 669 509 707 capitalis
523 670 640 699 oratio.
657 670 675 687 ²*
688 670 839 701 scelerati
855 671 955 700 etiam
974 672 1022 701 di-

290 715 415 741 cuntur
430 714 594 752 capitales.
623 714 718 744 Offie.
737 714 782 743 iii.
800 716 852 744 21.
872 716 1023 753 capitalis

291 754 457 791 Eteocles,
471 756 521 786 vel
539 757 649 795 potius
663 757 838 797 Euripides
857 758 915 787 διο.
940 759 1021 789 *ea-

282 799 404 838 pitales
421 799 561 829 dicimus
579 801 679 830 etiam
699 801 896 838 ingeniosos.
915 802 954 841 Ω.
969 803 1019 833 Fr.

286 842 320 871 ii.
340 845 386 874 13.
404 843 562 873 Philistus
576 843 711 881 dicitur,
725 844 855 875 Siculus
867 847 1021 884 capitalis

285 885 353 922 ille,
378 887 504 923 creber,
527 894 659 923 acutus,
678 889 781 917 brevis
807 889 866 918 ἃς.
891 889 930 918 de
955 900 1021 929 qua

283 931 314 959 Vi
334 929 432 968 hujus
449 931 537 960 verbi
555 942 584 961 ν.
602 932 725 961 Mur-et.
739 932 815 961 Var.
832 931 925 962 Lect.
940 933 973 964 ii.
987 937 1018 964 5.

333 974 445 1013 Capsa.
485 975 733 1014 receptaculum
773 975 946 1006 literarum
986 981 1020 1007 et

282 1018 516 1057 scriptionum.
543 1019 576 1047 in
602 1019 713 1048 Caecil.
742 1020 789 1049 16.
814 1019 841 1049 si
865 1024 898 1049 te
916 1021 1019 1051 semel

282 1060 324 1090 ad
340 1071 430 1091 meas
447 1072 560 1101 capsas
576 1063 751 1092 admisero.

329 1106 483 1144 (aptatio.
510 1106 626 1136 Partit.
652 1109 703 1137 23.
728 1106 919 1146 disputandi
941 1118 1019 1147 pru-

279 1147 427 1178 dentiam
450 1151 666 1187 concertatio,
682 1152 882 1191 captatioque
905 1153 1018 1181 verbo-

277 1201 351 1221 rum
377 1193 539 1222 imitatur.

326 1236 446 1275 Capito,
471 1237 653 1276 sophisma,
679 1246 784 1274 genus
810 1238 1015 1278 disputandi,

276 1288 341 1317 quo
358 1280 499 1309 alterum
518 1280 715 1319 decipimus,
732 1281 833 1311 fraus.
869 1282 937 1312 Fat.
967 1286 1015 1314 13.

275 1333 392 1353 omnes
410 1324 478 1362 ejus
497 1325 627 1363 generis
643 1326 800 1363 captiones
816 1326 931 1356 eodem
945 1337 1015 1356 mo-

275 1366 316 1395 do
333 1367 543 1397 refelluntur.
569 1367 639 1397 Fin.
658 1368 691 1397 ii.
708 1369 738 1398 6.
763 1371 921 1408 captiones
934 1370 1014 1399 Dia-

273 1409 412 1440 lectieze.
437 1411 536 1441 Aead.
560 1412 600 1441 iv.
630 1414 676 1441 14.
701 1412 741 1441 ab
766 1413 803 1442 iis
828 1423 901 1451 quae
926 1413 1016 1444 clara

273 1460 366 1490 sunt,
384 1456 475 1493 quasi
494 1455 668 1494 praestigiis
686 1456 883 1494 quibusdam
908 1462 942 1487 et
958 1468 1012 1487 ca-

266 1499 428 1537 ptionibus
469 1498 599 1537 depelli.
638 1499 716 1529 ibid.
761 1503 810 1529 15.
852 1504 1013 1541 captiones

271 1541 449 1572 discutere.
480 1543 554 1572 DiV.
582 1543 616 1572 ii.
646 1545 694 1576 17.
729 1543 866 1573 induitis
893 1555 948 1574 Vos
976 1546 1011 1574 in

270 1587 441 1623 captiones,
473 1596 553 1625 quas
586 1596 759 1624 nunquam
795 1587 1011 1627 explicabitis.

271 1628 371 1659 *Atn
396 1640 426 1658 x.
455 1633 503 1659 15.
527 1631 629 1660 Servii
653 1631 790 1660 consilio
808 1631 891 1661 nihil
913 1642 1013 1672 expe-

269 1671 369 1702 ditur.
386 1683 501 1702 omnes
517 1675 676 1714 captiones
688 1674 722 1703 in
735 1675 826 1704 omni
843 1677 1011 1706 sententia

268 1722 463 1753 occurrunt,
495 1717 526 1747 h.
555 1728 583 1746 e.
609 1718 711 1747 Servii
737 1718 911 1749 consilium
942 1729 1009 1752 non

268 1759 351 1789 mihi
369 1760 545 1790 satisfacit.
569 1760 678 1800 Atque
697 1763 810 1791 omnia
826 1762 908 1792 adeo
931 1773 1010 1793 con-

265 1803 340 1832 silia
364 1804 398 1833 in
423 1804 485 1833 hac
513 1814 612 1833 causa
639 1805 829 1842 hujusmodi
853 1810 945 1843 sunt,
970 1811 1009 1837 ut

267 1856 337 1876 rem
358 1857 424 1877 non
442 1848 633 1887 expediant,
650 1849 775 1879 nullius
793 1849 921 1879 consilii
941 1851 1008 1880 exi-

266 1894 341 1920 tum
369 1891 571 1929 invenimus,
596 1896 634 1922 ut
659 1903 710 1932 ep.
736 1896 844 1922 antec.
869 1893 1007 1925 dixerat.

266 1933 354 1964 Nam
387 1945 620 1974 quameunque
657 1937 874 1974 sententiam,
903 1938 1006 1976 quod-

265 1987 398 2017 cunque.
424 1979 601 2009 consilium
629 1980 753 2019 capias,
777 1990 909 2020 semper
936 1991 1006 2011 ma-

265 2031 331 2060 gna
348 2022 511 2052 dubitatio
535 2023 749 2061 relinquitur,
765 2034 897 2064 semper
921 2025 1006 2055 mul-

263 2068 306 2094 tae
325 2067 469 2095 rationes
486 2071 680 2103 occurrunt,
695 2067 814 2106 quihus
828 2069 1004 2099 consilium

263 2108 432 2139 delectum
454 2111 643 2150 impugnari
661 2116 784 2150 potest,
801 2121 932 2151 semper
948 2123 1004 2152 pe-

264 2152 360 2182 riculi
377 2154 503 2192 aliquid
519 2155 642 2184 subest.
668 2154 750 2184 Haec
767 2160 817 2184 est
834 2155 922 2185 illius
940 2156 1003 2186 loci

261 2197 455 2235 sententia3
482 2207 582 2236 quam
612 2208 673 2227 nec
700 2197 872 2228 Manutius
901 2201 1003 2239 cepit,

264 2249 326 2268 nec
344 2241 398 2278 qui
418 2240 507 2270 hunc
524 2241 634 2270 locum
652 2242 686 2271 in
704 2241 826 2272 Lexico
843 2243 935 2273 Fabr.
953 2244 1003 2274 in-

259 2287 464 2322 terpretatus
494 2289 567 2323 est3
608 2295 750 2324 quorum
786 2289 927 2325 uterque
963 2287 1003 2317 de

261 2327 374 2356 Servio
390 2329 511 2367 accipit
525 2341 534 2366 3
553 2330 644 2367 qnasi
661 2329 704 2365 ei,
716 2333 889 2368 tamquam
902 2331 1001 2368 JCto,

260 2380 376 2400 omnes
389 2373 548 2412 captiones
559 2373 592 2401 in
608 2376 757 2402 mentem
770 2374 917 2403 veniant.
940 2375 1002 2404 Ce-

259 2419 371 2444 terum
389 2416 595 2445 mentionem
613 2416 689 2445 JCti
710 2416 861 2446 Ciceroni
882 2419 1001 2456 captio-

258 2467 340 2487 num
356 2459 491 2488 verbum
510 2460 543 2488 in
561 2460 757 2490 memoriam
774 2460 938 2500 redegisse
952 2461 1001 2491 fa-

259 2500 321 2530 cile
347 2502 501 2532 concedo.
527 2513 604 2532 nam
628 2503 705 2533 deti
730 2510 849 2534 cavent
869 2505 999 2535 clienti-

258 2544 333 2581 bus,
352 2555 393 2574 ne
419 2546 459 2575 ab
483 2547 677 2576 adversariis
704 2547 891 2586 capiantur.
912 2559 941 2578 V.
963 2549 996 2579 in

262 2586 359 2627 Capio
375 2594 409 2618 et
431 2591 658 2629 (aptianeala.
682 2591 700 2608 *¹
713 2594 751 2620 ut
766 2591 856 2621 fraus
872 2596 923 2621 est
939 2603 997 2632 pro

257 2631 393 2669 damno,
411 2634 456 2662 sic
473 2636 592 2672 captio:
616 2635 642 2663 si
659 2644 737 2663 Vera
751 2634 864 2671 lectio,
877 2635 916 2664 de
933 2646 997 2674 quo

256 2675 411 2705 dubitant
420 2678 568 2714 quidam,
580 2678 633 2716 qui
647 2678 778 2707 malunt
791 2679 913 2708 cautio.
926 2679 996 2709 Att.

254 2728 283 2748 V.
312 2721 343 2749 4.
372 2721 433 2749 etsi
459 2731 552 2759 paene
580 2722 737 2760 praeterii,
756 2721 905 2751 chartam
934 2723 994 2752 tibi

254 2761 380 2801 deesse,
408 2774 483 2793 mea
508 2767 612 2803 captio
635 2772 706 2802 est3
733 2765 899 2803 siquidem
924 2767 995 2803 ejus

253 2806 366 2845 inopia
383 2808 492 2837 minus
510 2808 618 2837 multa
638 2808 678 2838 ad
700 2818 752 2837 me
773 2809 899 2838 scribis.
936 2810 995 2838 Fa-

251 2850 314 2878 cile
343 2855 481 2890 apparet
507 2862 642 2881 sensum
671 2851 762 2880 hune
789 2862 881 2881 esse:
912 2853 993 2883 mihi

249 2892 372 2932 fraudi,
382 2895 504 2926 damno
514 2902 577 2933 est,
590 2895 679 2935 quod
691 2895 750 2925 tibi
764 2895 879 2927 charta
889 2896 993 2934 deest,

819 102 966 132 INDEX
998 104 1295 133 LATINITATIS.

1076 193 1209 232 quando
1226 203 1265 223 ea
1279 202 1330 223 res
1347 203 1386 223 eo
1401 192 1502 230 valet,
1518 198 1555 224 nt
1569 194 1684 225 breves
1699 195 1812 226 literas

1075 238 1249 276 accipiam.
1279 236 1391 275 Captos
1407 238 1483 275 dici,
1502 239 1557 277 qui
1578 239 1739 269 damnum
1757 249 1812 268 ac-

1074 281 1397 320 cipiunt,jacturam
1422 281 1563 319 faciunt,
1586 288 1714 312 certum
1740 288 1809 312 est:

1075 333 1181 362 neque
1202 324 1310 354 solum
1326 324 1440 354 fraude
1458 325 1597 356 aliorum
1619 326 1808 363 hominum,

1074 368 1131 396 sed
1169 378 1367 407 quacunque
1405 369 1545 399 ratione.
1591 370 1644 399 Sic
1682 374 1810 406 mente,

1075 411 1244 447 membris,
1276 411 1380 441 oculis
1419 414 1505 452 eapti
1541 413 1713 450 dicuntur,
1752 413 1809 451 qui

1073 464 1187 483 earum
1213 464 1323 485 rerum
1341 456 1509 493 jacturam
1534 456 1652 486 fecere.
1688 457 1731 486 Et
1757 462 1809 486 est

1072 499 1176 536 captio
1199 499 1245 528 sic
1267 509 1319 538 ap.
1344 499 1498 529 Plautum
1522 505 1556 530 et
1578 500 1672 537 alios,
1689 504 1729 530 ut
1747 501 1808 530 du-

1072 541 1150 570 dum
1177 541 1415 582 Lexicographi
1442 543 1639 573 docuerunt.
1675 544 1728 574 Sic
1753 554 1808 574 ea»—

1062 586 1186 623 pansas
1202 596 1259 625 pro
1276 585 1466 616 damnosus.
1500 587 1564 617 Sed
1581 598 1608 617 v.
1626 594 1695 617 not.

1117 629 1290 669 (optimus,
1308 629 1349 659 ad
1365 630 1596 670 decipiendum
1618 640 1806 660 accommo-

1066 670 1176 710 datus,
1202 678 1348 713 paratus.
1380 673 1482 704 Acad.
1512 675 1553 704 iv.
1588 678 1636 705 15.
1665 676 1804 714 captiosa

1062 716 1290 756 interrogatio.
1326 717 1395 747 Fin.
1412 718 1433 747 i.
1451 721 1482 750 7.
1513 728 1579 757 qua
1594 719 1646 747 via
1662 720 1804 757 captiosa

1066 759 1297 799 (sophismata)
1317 760 1488 791 solvantur
1505 762 1564 791 &c.
1589 762 1686 792 Rosc.
1707 762 1803 791 Com.

1067 806 1115 832 10.
1128 804 1165 834 οἱ
1182 806 1356 844 captiosam
1369 804 1565 834 societatem
1578 806 1584 834 !
1608 808 1627 826 ²*
1638 805 1801 844 periculo-

1061 856 1129 884 sus,
1144 848 1335 878 damnosus.
1353 848 1475 877 Caecin.
1494 851 1540 878 14.
1562 853 1613 877 est
1625 851 1801 887 captiosam

1061 891 1228 928 omnibus,
1251 900 1322 920 rem
1342 890 1446 920 ullam
1470 892 1629 921 constitui
1657 892 1801 930 ejusmo-

1062 933 1105 964 di.
1124 933 1219 965 Brut.
1229 936 1280 966 52.
1294 944 1394 973 quam
1407 936 1585 974 captiosum
1596 939 1646 964 est
1657 935 1796 975 populo!

1109 978 1334 1017 (aptiuncula.
1362 978 1562 1018 periculum,
1594 979 1665 1008 Att.
1690 989 1742 1009 κν.
1768 983 1798 1013 7.

1061 1021 1190 1051 Servius
1208 1022 1400 1062 pacificator
1424 1022 1554 1051 videtur
1573 1023 1691 1052 obiisse
1709 1022 1798 1062 lega-

1059 1065 1201 1102 tionem,
1212 1070 1246 1095 et
1263 1075 1378 1096 omnes
1395 1067 1623 1104 captiunculas
1639 1067 1798 1106 pertime—

1059 1118 1161 1139 scere.
1185 1109 1357 1139 Timidum
1373 1109 1475 1139 fuisse
1492 1110 1642 1138 Servium
1661 1110 1694 1139 in
1710 1109 1797 1139 bello

1059 1152 1160 1189 civili,
1174 1158 1268 1192 patet
1284 1164 1301 1183 e
1320 1164 1350 1183 x.
1372 1156 1419 1183 14.
1440 1156 1489 1183 15.
1517 1153 1659 1182 Videtur
1681 1158 1794 1183 autem

1058 1197 1196 1226 verbum
1206 1201 1355 1227 sumtum
1371 1207 1388 1225 e
1402 1197 1484 1235 jure.
1495 1196 1573 1227 JCti
1589 1207 1666 1226 cum
1677 1202 1796 1227 cavent

1058 1239 1249 1277 clientibus,
1275 1241 1366 1270 omni
1393 1242 1560 1279 captionis,
1589 1240 1795 1280 periculique

1057 1284 1171 1321 generi
1200 1294 1372 1314 occurrere
1398 1283 1546 1313 student.
1594 1283 1682 1313 Hinc
1709 1285 1796 1324 peri-

1057 1326 1144 1363 cula,
1169 1337 1241 1366 quae
1267 1328 1410 1358 timebat
1435 1335 1470 1357 et
1497 1337 1611 1357 cavere
1639 1328 1795 1367 cupiebat

1057 1371 1202 1408 Servius,
1229 1373 1444 1410 captiuncula>
1472 1371 1644 1410 eleganter
1675 1371 1793 1401 dicun-

1055 1419 1122 1444 tur.
1139 1425 1168 1444 V.
1192 1415 1311 1455 Captio,

1103 1458 1212 1498 Capto,
1245 1459 1364 1489 allicio.
1396 1458 1467 1488 Inv.
1498 1458 1533 1487 ii.
1565 1460 1616 1489 52.
1652 1468 1703 1488 res
1735 1468 1794 1489 nos

1054 1501 1283 1532 emolumento
1303 1507 1425 1541 captat.
1450 1505 1469 1523 *Ψ
1484 1512 1608 1540 quaero,
1632 1512 1794 1542 aucupor,

1053 1552 1203 1584 expecto,
1229 1546 1299 1576 lnv.
1318 1547 1338 1576 i.
1357 1549 1409 1577 31.
1433 1546 1585 1576 inductio
1600 1551 1652 1576 est
1671 1546 1792 1583 oratio,

1053 1599 1126 1627 quae
1152 1590 1248 1619 rebus
1273 1599 1339 1620 non
1364 1590 1472 1620 dubiis
1496 1593 1609 1629 captat
1632 1590 1795 1619 assensio-

1054 1642 1130 1662 nem
1155 1634 1241 1671 ejus,
1258 1635 1313 1672 qui
1336 1634 1395 1663 ἃς.
1420 1633 1460 1663 ad
1476 1634 1552 1664 Div.
1569 1644 1600 1663 x.
1616 1635 1668 1663 23.
1693 1633 1795 1673 Lepi-

1053 1676 1113 1705 dus
1130 1676 1303 1717 desperato
1321 1677 1467 1707 adventu
1492 1687 1579 1713 me0‚
1598 1687 1696 1715 quem
1723 1686 1790 1707 non

1051 1720 1265 1750 mediocriter
1279 1721 1443 1761 captabat.
1467 1723 1486 1741 ¹*
1499 1721 1663 1760 decipere.
1687 1720 1789 1751 Acad.

1051 1763 1092 1792 iv.
1116 1765 1168 1798 29.
1193 1765 1272 1804 quid
1295 1765 1385 1795 enim
1410 1764 1452 1794 ad
1475 1763 1584 1801 illum,
1600 1765 1655 1803 qui
1677 1769 1712 1793 te
1736 1774 1790 1794 ca-

1044 1812 1142 1846 ptare
1158 1808 1242 1845 vult,
1260 1812 1374 1838 utrum
1389 1813 1560 1838 tacentem
1586 1808 1729 1845 irretiat,
1747 1818 1790 1838 an

1050 1852 1267 1889 loquentem?

1098 1895 1213 1933 Caput,
1230 1895 1400 1925 decretum
1420 1894 1617 1935 philosophi.
1631 1893 1734 1924 Aead.
1746 1894 1789 1924 iv,

1047 1940 1100 1969 32.
1141 1938 1193 1968 Ita
1216 1940 1310 1969 nobis
1333 1939 1524 1969 tacentibus
1555 1949 1594 1968 ex
1619 1947 1687 1967 uno
1711 1939 1791 1977 Epi-

1047 1982 1119 2011 curi
1143 1984 1257 2022 capite,
1282 1982 1387 2012 altero
1414 1987 1536 2019 Vestro,
1558 1982 1726 2021 perceptio
1754 1987 1788 2011 et

1048 2027 1302 2065 comprehensio
1325 2026 1469 2056 tollitur.
1501 2029 1676 2056 *summm
1706 2025 1788 2054 Ver-

1046 2069 1109 2099 rin.
1137 2070 1183 2100 iii.
1210 2073 1262 2100 35.
1297 2070 1336 2100 de
1364 2071 1466 2110 capite
1491 2068 1617 2108 aliquid
1644 2068 1788 2098 demere.

1046 2112 1125 2143 ibid.
1143 2113 1164 2143 i.
1182 2116 1212 2144 4.
1245 2114 1372 2152 aliquot
1397 2113 1587 2143 nominibus
1612 2112 1651 2142 de
1672 2113 1787 2151 capite,

1046 2162 1210 2194 quantum
1239 2157 1453 2187 commodum
1482 2156 1596 2193 fuerit,
1622 2156 1787 2185 frumenti

1046 2199 1201 2231 detraxit.
1226 2204 1244 2222 ¹¹⁶
1259 2201 1347 2240 quod
1371 2207 1421 2230 est
1446 2201 1481 2230 in
1498 2209 1628 2239 quaque
1646 2209 1679 2228 re
1697 2199 1789 2238 prin-

1046 2244 1169 2282 cipium
1188 2249 1221 2274 et
1235 2255 1419 2281 summum,
1438 2243 1661 2283 plurimumve
1686 2241 1786 2272 valet.

1043 2286 1142 2317 Tusc.
1161 2299 1188 2318 ν.
1204 2291 1256 2319 3⁴.
1280 2298 1313 2318 se
1331 2289 1409 2327 jure
1430 2287 1487 2317 illo
1503 2288 1611 2326 nigro,
1627 2285 1716 2325 quod
1732 2296 1787 2315 ca-

1037 2336 1103 2369 put
1127 2342 1228 2361 coenae
1252 2338 1337 2368 erat,
1354 2331 1571 2361 delectatum.
1603 2330 1660 2360 Or.
1685 2330 1706 2359 i.
1730 2333 1784 2360 33.

1042 2380 1141 2413 caput
1178 2375 1591 2414 est‚—quamplurimum
1629 2373 1786 2403 scribere.

1043 2418 1122 2449 ibid.
1148 2419 1180 2448 ii.
1207 2421 1258 2449 82.
1292 2419 1334 2448 ad
1357 2418 1534 2448 consilium
1558 2417 1707 2447 dandum
1730 2426 1785 2446 ca·-

1036 2468 1102 2500 pat
1125 2466 1185 2492 est.
1214 2463 1362 2492 *auctor
1386 2462 1444 2492 rei.
1472 2461 1578 2491 Flacc.
1606 2464 1656 2491 18.
1679 2464 1779 2500 eaput

1040 2509 1091 2534 est
1128 2505 1319 2535 Graecorum
1359 2505 1637 2535 concitandorum
1674 2504 1783 2534 Hera-

1041 2548 1141 2578 clides
1180 2549 1234 2579 ille
1271 2550 1456 2580 Temnites.
1503 2548 1617 2577 Plane.
1656 2549 1709 2578 23.
1755 2547 1783 2576 si

1040 2593 1120 2631 quid
1143 2594 1214 2622 sine
1238 2595 1341 2633 capite
1364 2592 1527 2628 manabit,
1545 2596 1579 2621 et
1603 2592 1697 2629 cujus
1722 2600 1780 2620 au-

1039 2642 1112 2665 ctor
1128 2646 1194 2666 non
1212 2642 1331 2667 exstet.
1356 2639 1375 2657 '¹‘
1389 2636 1453 2666 Sed
1469 2635 1622 2675 inprimis
1641 2635 1711 2664 haec
1736 2634 1780 2663 si-

1038 2680 1211 2717 gnificatio
1228 2686 1262 2710 et
1279 2681 1375 2710 obvia
1391 2686 1426 2709 et
1450 2678 1598 2709 notanda
1622 2683 1686 2714 est,
1703 2687 1781 2707 cum

1037 2728 1136 2761 capnt
1152 2723 1278 2753 dicitur
1294 2734 1353 2763 pro
1371 2723 1516 2753 hominis
1528 2725 1632 2757 statu,
1646 2721 1781 2752 liberta-

1036 2766 1080 2795 tis
1112 2772 1147 2796 et
1177 2768 1322 2797 civitatis
1347 2768 1438 2805 jure,
1456 2769 1555 2804 atque
1585 2764 1667 2794 adeo
1697 2765 1779 2794 vita.

1035 2810 1151 2849 Topic.
1170 2814 1200 2840 4.
1225 2812 1258 2840 Si
1273 2821 1314 2840 ea
1330 2810 1451 2840 mulier
1465 2814 1710 2839 testamentum
1730 2807 1779 2836 fe-

1036 2854 1094 2890 cit,
1112 2864 1185 2892 quae
1209 2864 1244 2884 se
1267 2855 1372 2894 capite
1395 2862 1580 2892 numquam
1605 2850 1779 2888 diminuit,

1035 2896 1067 2927 h.
1092 2906 1122 2927 e.
1146 2907 1328 2939 numquam
1351 2897 1454 2929 alicui
1477 2896 1606 2937 nupsit,
1629 2894 1778 2934 adeoque
