1985 3206
285 122 368 159 214

289 219 337 250 lui
361 219 534 250 consulere
559 219 676 259 pudori
704 224 738 250 et
762 219 872 257 famae,
897 220 1019 258 faeere,

291 274 365 303 quae
384 264 490 303 pudor
512 270 544 293 et
564 264 654 293 fama
674 263 857 303 postulant.
880 264 898 282 ³*
911 266 1019 295 cedere

290 308 459 337 interdum
485 314 535 336 est
558 306 759 346 simpliciter
781 317 840 346 pro
861 308 963 345 abire,
982 314 1019 338 ut

290 351 324 381 in
350 350 406 380 illo
429 351 536 380 cedere
560 352 629 380 vita
651 352 710 380 ἅς.
737 351 830 380 Cato.
858 354 906 385 19.
930 352 1018 382 liorae

291 394 425 433 quidem
443 394 567 424 cedunt
583 400 615 424 et
634 394 702 424 dies
719 401 751 423 et
767 405 896 425 menses
913 403 945 424 et
959 405 1018 425 an-

290 438 336 468 ni.
353 437 392 467 de
409 437 573 467 formula:
598 438 708 467 cedere
723 438 804 468 soro.
821 449 850 468 v.
871 438 1000 468 Forum.

339 481 463 511 Cnleber
488 481 589 510 loeus.
619 482 735 511 partit.
765 485 812 511 lo.
839 483 1020 521 opponitur

290 524 433 554 deserto.
467 524 565 554 Arch.
597 528 627 554 3.
665 526 743 554 urbs
773 527 915 562 celebris,
948 527 967 555 i.
991 538 1019 556 e.

290 568 462 598 abundans
491 568 606 598 incolis
637 575 671 598 et
699 568 865 607 sreqmns.
901 569 1018 599 Manil.

292 613 341 641 1⁶2.
373 617 487 651 portus
515 613 747 643 celeberrima&
780 613 861 642 Lael.
887 616 917 643 13.
951 614 1018 642 dics

287 656 525 691 celeherrinms‚
565 655 700 692 dicitur,
740 666 804 695 qno
847 656 1018 686 Africanus

289 699 394 736 major
417 709 436 728 a
459 704 590 736 senatu,
610 699 743 739 populo,
759 700 855 729 sociis
880 700 938 729 Sec.
963 700 1019 729 do-

290 752 382 772 nnum
406 742 568 772 deductus
585 751 667 773 erat.
691 743 731 772 ad
756 743 904 773 Herenn.
930 744 962 773 ii.
987 747 1016 774 4.

288 785 380 815 locus
397 787 526 816 celebris
542 796 584 816 an
601 787 762 816 desertus.
788 788 840 816 Sic
857 787 930 816 edd.
947 798 1017 816 oni-

288 839 366 859 nes:
405 835 439 860 et
464 830 510 859 sic
537 830 665 869 aliquot
691 830 770 859 locis
796 830 870 860 libri
896 831 1020 867 Taciti,

286 873 351 903 vid.
370 883 442 912 quae
459 873 525 903 dixi
542 874 583 904 ad
599 874 637 904 A.
656 875 688 904 ii.
707 877 757 904 38.
780 874 898 904 Aureae
911 876 1019 904 aetatis

287 918 464 957 scriptores
492 917 712 947 masculinum
739 928 870 957 semper
895 917 1019 948 habent

287 962 427 990 celeber:
465 966 499 990 et
530 961 585 991 ubi
617 961 753 1000 quidam
786 960 859 991 libri
890 962 1018 992 celebris

286 1004 405 1041 edunt,
423 1004 479 1034 alii
495 1010 608 1035 tamen
628 1005 773 1035 alterum
791 1005 929 1035 habent.

336 1048 517 1078 celebratio.
535 1049 708 1078 confluxus
726 1048 900 1079 hominum
920 1049 953 1078 in
970 1049 1016 1078 lo-

288 1101 365 1121 cum
391 1092 547 1131 aliquem.
579 1092 660 1122 Sull.
686 1093 738 1123 226.
762 1093 845 1132 Quae
870 1092 1013 1122 domus?

287 1145 361 1173 quae
378 1137 547 1166 celebratio
563 1136 779 1175 quotidiana?
806 1137 1016 1166 *conventus

287 1179 461 1209 hominum
489 1179 655 1218 frequens.
680 1180 775 1210 offic.
804 1181 824 1210 i.
852 1183 882 1210 4.
911 1180 1017 1210 homi-

287 1232 368 1252 num
385 1230 489 1253 coetus
507 1229 540 1253 et
555 1224 777 1254 celebrationes
792 1224 893 1254 obire.

335 1266 516 1297 Celebre'tas.
554 1275 738 1298 conventus
770 1273 805 1297 et
843 1267 1016 1298 confluxus

286 1308 475 1347 hominum,
493 1311 575 1340 item
592 1311 632 1340 de
649 1311 734 1348 loco,
752 1311 806 1341 ubi
823 1311 1014 1350 frequentes

285 1355 462 1383 convenire
490 1354 642 1384 homines
665 1355 783 1385 solent.
806 1355 906 1385 Tusc.
931 1365 959 1384 v.
985 1359 1014 1386 3.

283 1397 388 1427 totius
402 1398 538 1428 Graeciae
554 1400 731 1436 celebritas,
749 1399 788 1428 de
805 1398 890 1428 ludis
903 1399 1017 1438 Olym-

285 1440 377 1480 picis.
409 1441 450 1471 ad
466 1442 543 1472 Div.
560 1442 616 1472 vii.
634 1444 664 1473 2.
695 1443 1015 1482 celebritasjudicio-

283 1493 372 1521 rum,
390 1486 411 1514 i.
427 1495 455 1515 e.
481 1486 514 1515 in
531 1486 650 1524 quibus
663 1487 701 1516 fit
715 1496 896 1516 concursus
909 1486 1015 1516 homi-

285 1538 378 1558 num.
406 1529 501 1559 offic.
525 1530 570 1560 iii.
599 1533 626 1559 1.
657 1530 691 1560 in
718 1531 864 1560 maxima
886 1531 1016 1560 celebri-

282 1576 349 1602 tate
380 1576 479 1611 atque
510 1573 544 1602 in
576 1573 680 1603 oculis
710 1574 831 1603 civium
857 1574 1015 1603 xixiinus.

284 1615 364 1654 Leg.
382 1616 416 1645 ii.
434 1617 486 1647 26.
510 1617 643 1647 sublata
665 1618 767 1647 etiam
791 1623 863 1646 erat
887 1619 1015 1648 celebri-

281 1663 332 1689 tas
348 1660 493 1690 virorum
520 1665 555 1690 et
576 1661 900 1691 mulierum—habet
924 1662 1012 1690 enini

284 1702 412 1733 luctum
430 1713 610 1734 concursus
625 1705 812 1734 hominum.
832 1705 871 1734 de
888 1705 1014 1734 funeri-

283 1746 355 1776 bus.
390 1747 478 1777 *Ost-⁶.
509 1748 542 1778 ii.
572 1752 621 1779 13.
652 1749 678 1778 si
707 1749 779 1787 quis
807 1749 847 1778 ab
874 1749 1012 1778 ineunte

283 1795 384 1820 aetate
415 1792 605 1822 celebritatis
637 1802 771 1822 causam
801 1802 838 1822 ac
867 1793 1012 1821 nominis

283 1833 393 1864 habet.
421 1836 477 1873 qui
502 1836 542 1865 ab
569 1836 707 1866 ineunte
732 1842 831 1866 aetate
859 1842 952 1865 certa
974 1836 1013 1865 de

283 1887 383 1907 causa
401 1885 499 1908 notus
511 1879 665 1909 omnibus
678 1884 738 1909 est.

330 1921 507 1952 Celebrare.
530 1923 588 1953 Or.
616 1923 637 1953 i.
666 1926 690 1953 l.
725 1923 886 1953 celebrare
913 1928 1013 1959 artes,

283 1964 402 1996 colere..
426 1965 559 1996 Mure-n.
582 1970 634 1997 41.
658 1967 787 1996 factum
807 1977 877 1996 esse
895 1976 1014 1996 consu-

284 2007 364 2045 lem,
380 2010 494 2039 nuncii
510 2009 681 2049 literaeque
697 2012 915 2040 celebrassent.
933 2010 964 2039 h.
985 2020 1013 2039 e.

280 2052 385 2081 crebri
397 2054 509 2082 nuncii
518 2053 688 2093 literaeque
698 2054 923 2084 nunciassent.
932 2053 1014 2084 Sull.

282 2097 311 2125 ξιξ.
337 2105 479 2134 quorum
496 2097 607 2127 studio
623 2108 660 2127 ac
677 2098 841 2136 dignitate
859 2099 1013 2127 celebrari

281 2138 343 2168 hoc
360 2139 527 2177 judicium
553 2141 656 2177 vides,
673 2141 712 2170 de
737 2141 917 2178 advocatis,
935 2151 1012 2171 cum

280 2182 471 2221 frequentes
487 2184 618 2214 adsunt.
648 2184 704 2214 Or.
722 2185 743 2214 i.
760 2188 814 2215 45.
845 2187 1012 2214 senectuti

281 2227 477 2256 celebrancloe
498 2228 704 2267 perfugium,
723 2229 847 2258 dicitur
867 2238 930 2265 res,
949 2239 1013 2267 qua

281 2270 437 2307 efficitur,
451 2275 489 2300 ut
502 2272 602 2301 etiam
617 2281 734 2302 senum
748 2272 833 2302 aedes
844 2272 1012 2302 celebren-

279 2319 337 2342 tur
352 2314 549 2344 adeuntium
564 2315 796 2345 multitudine.
818 2315 911 2345 Verr.
925 2316 945 2345 i.
959 2316 1011 2346 26.

284 2356 471 2387 celebr-amr
494 2355 647 2389 omnium
662 2369 814 2389 sermone
830 2358 1012 2398 laetitiaque

280 2401 482 2439 convivium,
500 2412 577 2432 cum
601 2413 716 2433 omnes
738 2403 884 2432 convivae
901 2403 1013 2432 hilari-

279 2449 333 2474 ter
362 2444 544 2483 multisque
581 2447 788 2477 sermonibus
824 2447 1011 2476 convivium

278 2493 455 2528 peragunt.
488 2489 580 2520 Prov.
613 2490 712 2520 Cons.
743 2494 774 2524 9.
805 2490 1013 2520 celebrantur

279 2541 374 2562 aures
396 2542 479 2562 meae
504 2535 595 2563 novis
619 2534 810 2564 nominibus
834 2534 1009 2572 gentium:

280 2575 302 2606 i.
319 2586 347 2605 e.
365 2585 452 2615 saepe
470 2576 569 2606 audio
586 2587 671 2607 nova
687 2578 835 2607 nomina.

325 2619 491 2659 Celeripes.
516 2620 586 2650 Att.
605 2621 648 2650 ix.
666 2625 696 2654 7.
719 2620 821 2650 Venit
840 2627 954 2650 autem
970 2631 1009 2650 eo

278 2662 349 2702 ipso
371 2662 423 2693 die
445 2663 500 2693 ille
522 2666 682 2704 celeripes,
700 2674 800 2704 quem
817 2663 944 2694 Salvius
961 2664 1010 2694 di-

278 2710 384 2736 xerat.

324 2750 420 2780 Cella.
438 2750 537 2781 aedes.
562 2750 646 2780 Phil.
663 2751 697 2780 ii.
714 2754 743 2781 8.
774 2750 860 2781 Cella
872 2761 1009 2780 eoncor-

274 2792 348 2824 diae.
373 2793 505 2831 flocus,
524 2795 579 2824 ubi
595 2794 751 2824 conditur
766 2795 799 2824 in
816 2805 895 2824 usus
914 2795 1007 2824 futu-

275 2846 338 2867 ros.
363 2845 394 2866 v.
421 2847 449 2867 c.
474 2837 698 2874 frumentum,
726 2843 784 2868 aut
813 2839 939 2868 vinum.
971 2839 1005 2868 in

274 2880 386 2911 Caecil.
414 2884 463 2911 10.
494 2882 705 2911 frumentum
729 2882 764 2911 in
787 2883 916 2919 cellam,
940 2887 1004 2920 est,

270 2924 360 2964 quod
382 2924 577 2965 provinciali
601 2925 813 2965 magistratui
836 2936 855 2957 a
871 2925 1003 2967 provin-

805 131 951 158 1NDEx
982 132 1278 159 LATINITATIS.

1065 221 1203 251 cialibus
1231 221 1343 257 datur,
1367 222 1456 252 unde
1479 232 1557 252 cum
1580 223 1647 253 suls
1671 232 1793 263 panem

1064 265 1195 294 habeat.
1213 275 1242 294 ν.
1261 266 1395 296 cibaria.

1112 309 1228 338 Celsus.
1264 310 1321 339 Or.
1350 310 1370 339 i.
1397 312 1449 340 40.
1484 310 1555 340 haec
1581 310 1793 349 ignorantem

1063 359 1212 381 erectum
1238 360 1272 382 et
1295 355 1415 383 celsum
1440 355 1551 392 vagari
1577 364 1698 391 inagna
1715 364 1793 384 eum

1064 402 1197 425 catena
1211 402 1283 425 toto
1300 396 1381 426 foro.
1400 398 1458 426 &st
1485 398 1523 427 de
1547 397 1662 427 habitu
1687 397 1794 426 homi-

1065 439 1113 468 nis
1138 439 1198 468 sibi
1228 439 1320 469 valde
1347 440 1556 471 confidentis.
1585 443 1637 471 Sic
1662 448 1697 470 et
1723 440 1792 471 Liv.

1064 493 1138 512 xxx.
1156 484 1208 511 3²2.
1231 490 1316 512 extr.
1333 484 1387 513 ubi
1406 494 1434 513 ν.
1452 484 1580 514 Duker.

1112 528 1232 556 (cnseo.
1256 527 1296 555 ad
1314 527 1388 557 Div.
1407 528 1448 557 ix.
1467 530 1498 558 2.
1520 529 1581 557 tibi
1604 529 1708 567 igitur
1730 528 1792 558 hoc

1063 580 1178 599 censeo,
1206 571 1302 600 Catil.
1314 572 1357 600 iv.
1370 572 1400 602 6.
1424 581 1482 610 pro
1498 572 1608 608 credo,
1622 572 1692 601 sine
1708 572 1794 610 regi-

1064 614 1164 642 mine.
1199 613 1327 644 *ΑΜ-1).
1360 615 1389 644 6.
1424 626 1463 644 ex
1493 614 1541 645 his
1571 616 1690 645 studiis
1722 615 1793 645 haec

1063 667 1191 696 quoquc
1209 663 1354 688 censetur
1370 659 1475 687 oratio
1496 666 1528 688 et
1545 659 1699 694 facultas,
1717 659 1737 688 i.
1763 669 1792 689 e.

1063 705 1133 737 aut,
1152 700 1338 739 judicatur,
1362 703 1562 738 aestimatur,
1582 709 1621 732 ut
1647 702 1792 732 Budaeus

1062 743 1304 784 interpretatur
1330 746 1370 775 ad
1398 745 1580 775 pandectas
1606 756 1638 785 p.
1668 756 1710 775 ιιι.
1742 746 1790 776 16.

1063 797 1127 826 quo
1151 798 1250 817 sensu
1275 796 1324 818 est
1341 788 1442 818 etiam
1467 789 1500 818 in
1524 789 1681 819 paradox.
1699 790 1741 819 vi.
1760 792 1792 820 21.

1062 831 1103 860 cf.
1117 831 1280 861 Schwarz.
1299 832 1339 861 ad
1358 832 1440 861 l’lin.
1459 832 1537 862 Pan.
1552 843 1582 872 p.
1600 836 1652 863 33.
1671 839 1743 869 aut,
1757 834 1792 863 in

1063 873 1180 904 borum
1197 875 1386 905 studiorum
1402 885 1522 914 genere
1539 876 1686 915 ponitur.
1710 877 1729 893 ’¹'
1741 880 1793 906 est

1062 918 1165 948 etiam
1183 919 1380 948 vocabulum
1393 920 1563 959 proprium
1577 920 1791 956 Senatorum,

1062 972 1138 991 cum
1159 963 1363 992 sententiam
1389 963 1505 992 dicunt
1529 963 1562 992 in
1586 962 1723 992 Senatu.
1749 963 1791 992 ad

1062 1005 1138 1035 Div.
1156 1007 1199 1035 xi.
1217 1008 1268 1036 ⁶20.
1294 1007 1319 1035 si
1335 1006 1395 1036 tibi
1409 1006 1553 1043 videtur,
1567 1015 1661 1045 agros
1674 1016 1789 1036 eorum

1062 1048 1304 1079 militum—his
1318 1050 1442 1080 dandos
1455 1060 1579 1080 censeas
1592 1050 1632 1079 ab
1642 1050 1790 1088 utrisque

1061 1093 1165 1123 nobis.
1190 1093 1207 1110 ’¹‘
1220 1103 1346 1124 censere
1360 1100 1409 1123 est
1426 1093 1527 1123 etiam
1547 1094 1580 1123 in
1593 1103 1722 1124 censum
1734 1093 1791 1123 de-

1060 1136 1144 1166 ferre
1161 1137 1251 1176 apud
1267 1147 1448 1167 censorem.
1474 1137 1579 1167 Flacc.
1597 1139 1649 1167 32.
1674 1137 1707 1166 in
1725 1146 1792 1176 qua

1060 1180 1150 1210 tribu
1176 1180 1300 1220 praedia
1325 1182 1500 1211 censuisti?
1525 1180 1603 1210 ibid.
1631 1181 1658 1210 si
1682 1180 1792 1210 aliena

1059 1225 1213 1254 censendo
1239 1234 1299 1254 sua
1325 1225 1432 1254 faeere
1461 1231 1582 1264 posset.
1608 1224 1683 1253 Act.
1710 1225 1731 1254 i.
1755 1224 1790 1253 in

1060 1267 1154 1297 Verr.
1190 1271 1237 1298 18.
1273 1270 1418 1298 censendi
1446 1278 1556 1298 causa.
1597 1267 1704 1298 Flacc.
1736 1269 1790 1298 32.

1060 1310 1177 1341 Sintne
1202 1314 1266 1341 ista
1285 1313 1408 1351 praedia
1424 1313 1537 1341 censui
1554 1312 1705 1342 censendo
1717 1312 1733 1340 ?
1756 1311 1790 1342 h.

1060 1364 1088 1385 e.
1112 1365 1153 1384 an
1170 1356 1297 1395 possint
1315 1366 1333 1384 a
1350 1356 1443 1385 nobis
1458 1356 1491 1384 in
1509 1365 1638 1385 censum
1657 1355 1788 1385 deferri.

1061 1398 1098 1428 ln
1122 1409 1251 1429 censum.
1274 1406 1387 1429 autem
1412 1398 1532 1429 deferri
1554 1404 1693 1438 possunt
1717 1408 1791 1438 pos·

1059 1443 1233 1479 sessiones,
1249 1453 1321 1481 quae
1339 1448 1418 1472 sunt
1435 1443 1581 1482 mancipi
1597 1447 1631 1471 et
1641 1442 1728 1480 juris
1744 1442 1790 1471 ei-

1058 1486 1142 1516 vilis.
1168 1497 1196 1516 v.
1216 1487 1284 1516 Cic.
1308 1486 1329 1516 1,
1347 1497 1374 1516 e.
1407 1486 1448 1515 cf.
1474 1486 1589 1516 Festus
1614 1487 1647 1515 in
1677 1485 1791 1516 Censuz'

1059 1531 1220 1560 censendo.
1251 1530 1342 1567 hinc,
1369 1531 1425 1569 qui
1450 1534 1484 1559 et
1509 1539 1631 1559 nomen
1658 1534 1691 1559 et
1718 1538 1789 1559 rem

1059 1574 1147 1613 apud
1178 1574 1341 1604 Censorem
1371 1573 1490 1610 defert,
1510 1574 1630 1604 censeri
1655 1572 1789 1602 dicitur.

1058 1627 1086 1646 v.
1110 1628 1138 1647 e.
1165 1617 1235 1647 Att.
1258 1618 1278 1647 i.
1306 1621 1354 1648 18.
1380 1617 1487 1646 Flaec.
1512 1619 1563 1648 39.
1587 1618 1695 1646 *cum
1719 1626 1788 1646 acc.

1057 1663 1177 1691 censeri
1193 1661 1331 1700 aliquid,
1348 1666 1388 1690 ut
1403 1660 1424 1689 l.
1441 1671 1469 1690 e.
1488 1661 1667 1700 mancipia,
1679 1669 1789 1690 servos

1059 1705 1118 1735 &a
1143 1704 1252 1734 aliena
1268 1706 1387 1735 censer-2·
1404 1705 1463 1733 &c.

1105 1748 1228 1779 Censor.
1254 1749 1469 1787 magistratus
1492 1748 1589 1778 Rom.
1610 1747 1728 1787 major,
1746 1747 1786 1776 de

1058 1803 1123 1831 quo
1141 1802 1319 1831 cognoscas
1334 1791 1414 1821 licet
1430 1802 1447 1819 e
1472 1790 1493 1821 l.
1512 1792 1556 1820 iii.
1583 1791 1621 1820 de
1638 1790 1741 1830 Legg.
1759 1801 1788 1820 c.

1058 1839 1086 1866 3.
1117 1836 1250 1866 Cluent.
1277 1836 1330 1865 46.
1356 1836 1456 1865 Doni.
1485 1838 1536 1866 51.
1563 1835 1622 1864 &c
1654 1834 1724 1864 Fin.
1751 1834 1786 1864 ii.

1061 1883 1109 1910 10.
1135 1889 1206 1918 quae
1234 1880 1299 1917 jam
1326 1879 1432 1909 oratio
1458 1888 1524 1908 non
1547 1888 1566 1908 a
1592 1877 1788 1918 philosopho

1057 1924 1180 1962 aliquo,
1204 1923 1261 1952 sed
1285 1933 1304 1952 a
1329 1932 1452 1952 censure
1479 1921 1698 1961 opprimenda
1723 1927 1786 1951 est.

1057 1967 1074 1984 ²*
1087 1967 1189 1997 Fuere
1206 1967 1307 1996 etiam
1330 1966 1476 1996 Censores
1493 1966 1526 1995 in
1549 1964 1621 1995 aliis
1643 1964 1786 2004 oppidis,

1056 2011 1158 2040 etiam
1172 2009 1441 2050 provincialibus,
1455 2010 1510 2048 qui
1522 2018 1650 2038 censum
1667 2013 1788 2047 agunt,

1057 2060 1097 2084 ut
1123 2065 1162 2083 ex
1190 2065 1228 2084 eo
1253 2054 1420 2083 tributum
1448 2052 1591 2082 conferri
1618 2052 1721 2091 possit
1751 2057 1786 2081 et

1057 2098 1166 2137 exigi:
1196 2108 1337 2137 quorum
1363 2097 1489 2126 mentio
1518 2097 1552 2126 in
1578 2095 1727 2127 Verrinis
1752 2095 1788 2126 ii.

1060 2145 1111 2172 53.

1106 2185 1280 2215 Censorius.
1306 2184 1498 2223 Ag1·ar.i.2.
1523 2183 1677 2214 Censmioe
1688 2181 1786 2212 tabu-

1057 2228 1110 2265 lae,
1127 2234 1207 2258 sunt
1230 2228 1318 2265 libri,
1344 2229 1377 2257 in
1401 2238 1481 2266 quos
1508 2227 1645 2257 nomina
1669 2235 1785 2264 resque

1057 2273 1179 2302 civium
1190 2279 1223 2301 et
1234 2278 1322 2302 notae
1333 2272 1533 2301 referuntur.
1545 2271 1609 2310 Qu.
1621 2269 1671 2300 Fr.
1681 2270 1703 2299 i.
1718 2272 1744 2298 l.
1757 2279 1786 2298 c.

1060 2318 1108 2345 12.
1127 2316 1177 2345 lex
1190 2317 1341 2346 censoria.
1360 2326 1388 2345 v,
1404 2315 1476 2344 lnd.
1494 2315 1561 2344 LL.
1580 2313 1619 2343 de
1637 2313 1787 2343 Censor-ia

1057 2360 1206 2396 notione,
1217 2361 1305 2389 notis
1317 2360 1475 2395 087250771‘8,
1488 2356 1786 2397 subscriptionibus

1056 2413 1084 2432 v.
1102 2404 1169 2433 suis
1187 2403 1276 2433 locis.
1300 2403 1356 2432 Or.
1373 2403 1407 2432 ii.
1425 2405 1477 2435 90.
1501 2403 1678 2431 censorium
1702 2409 1786 2439 opus

1056 2453 1107 2476 est
1123 2447 1262 2486 dignum
1280 2452 1362 2476 nota
1375 2447 1527 2476 censoria.
1551 2444 1604 2474 Sic
1617 2448 1669 2474 est
1681 2444 1785 2473 etiam

1056 2500 1108 2530 ap.
1127 2489 1211 2520 Gell.
1229 2491 1269 2520 iv.
1289 2493 1337 2520 1⁶2.
1361 2497 1395 2520 et
1416 2489 1500 2519 Plin.
1524 2489 1566 2518 H.
1585 2489 1628 2518 N.
1645 2487 1735 2517 xviii.
1753 2490 1784 2517 3.

1056 2535 1232 2564 censoriam
1258 2534 1427 2573 probrum.
1454 2543 1512 2573 pro
1539 2536 1620 2561 nota
1644 2531 1787 2561 censoria

1056 2583 1169 2607 autem
1187 2587 1238 2617 ap.
1257 2576 1432 2607 Columell.
1456 2577 1512 2606 xii.
1537 2575 1630 2615 praef.
1653 2579 1686 2604 et
1703 2575 1785 2604 Sue·-

1054 2627 1124 2651 ton.
1143 2621 1226 2651 CaeS.
1242 2624 1294 2652 41.
1320 2621 1376 2650 ubi
1394 2621 1458 2651 vid.
1476 2620 1616 2649 Casaub.

1104 2665 1232 2695 Census.
1254 2665 1394 2694 &moris
1410 2664 1498 2694 actio
1514 2663 1670 2692 censendi.
1695 2661 1786 2692 Sext.

1053 2710 1106 2741 47.
1143 2718 1239 2738 censu
1276 2707 1463 2748 prohibere,
1502 2707 1627 2736 dicitur
1661 2705 1787 2741 Censor,

1054 2761 1131 2781 cum
1149 2752 1308 2790 aliquem,
1326 2752 1403 2790 quia
1425 2752 1531 2780 civem
1555 2760 1624 2780 esse
1643 2758 1709 2778 non
1726 2759 1788 2788 pu-

1051 2799 1116 2832 tat,
1136 2795 1223 2824 bona
1237 2805 1297 2825 sua
1314 2797 1347 2825 in
1365 2804 1492 2825 censum
1514 2793 1641 2823 deferre
1658 2801 1726 2822 non
1743 2792 1787 2820 si-

1052 2838 1114 2868 nit.
1140 2838 1275 2869 cluent.
1290 2842 1343 2870 48.
1367 2849 1444 2868 cum
1461 2838 1495 2867 in
1513 2837 1665 2876 equitum
1688 2845 1787 2865 censu

1049 2881 1208 2912 Sacerdos
1226 2883 1422 2923 prodiisset:
1440 2891 1517 2911 cum
1535 2881 1664 2919 equites
1680 2889 1786 2909 cense-

1046 2931 1175 2956 rentur.
1199 2926 1349 2958 *tabulae
1361 2926 1520 2957 censorioe.
1545 2923 1645 2955 Arch.
1658 2926 1689 2955 5.
1711 2933 1784 2954 cen·
