1920 3196
229 100 313 147 376

234 201 258 231 i.
276 211 305 231 e.
322 200 411 231 darc.
436 199 477 230 ad
492 199 565 231 Att.
582 200 623 231 iv.
646 201 695 234 18.
718 203 801 239 optio
816 199 973 239 eligendi.

239 245 293 274 Sic
309 249 341 274 et
359 244 435 274 alibi
453 248 515 274 est.

285 288 476 327 opulentus.
511 287 582 317 Inv.
614 286 636 317 i.
668 290 719 318 53.
751 296 811 327 per
836 296 974 318 manum

237 333 435 372 opulentam.

287 375 387 416 Opus,
407 384 455 405 res
480 374 688 411 aedificanda,
705 378 762 403 aut
788 374 976 404 instauran-

239 419 294 455 da,
313 420 366 448 ein
395 417 477 448 Bau.
501 419 594 447 Verr.
620 418 640 447 “ι.
665 420 717 448 55.
741 417 792 446 lex
816 427 907 456 opere
930 418 977 447 fa-

238 464 372 492 ciundo.
398 472 429 492 v.
456 462 538 492 Lex.
567 461 645 491 ibid.
670 463 722 491 54.
746 471 823 500 opus
850 461 976 501 pupillo

237 505 424 536 redimitur.
471 505 715 534 *munimenta
759 509 830 534 arte
874 504 974 535 facta.

236 549 321 579 Phil.
338 550 402 579 viii.
417 553 447 583 7.
469 559 545 589 opus
562 548 851 587 munitionemque
863 554 974 577 osten-

241 593 352 623 debat.
376 593 504 623 *omne
530 596 598 621 arte
632 591 773 621 sactum.
810 591 903 621 verr.
931 592 975 621 iv.

237 636 291 666 46.
320 637 458 675 antiquo
487 646 587 676 opere.
626 635 692 665 *in
719 635 798 675 ipsis
826 638 895 664 arte
926 635 974 665 fa-

237 681 299 710 ctis
317 690 392 719 opus
409 680 588 720 opponitur
603 679 764 709 materiae.
790 678 842 708 die
860 678 974 708 Arbeit

239 723 354 754 daran.
378 724 470 753 Verr.
496 723 538 753 iv.
564 723 615 753 56.
639 731 705 752 non
727 732 817 762 opere
831 722 975 752 delecta-

238 767 351 803 batur,
368 767 423 797 sed
441 767 596 807 pondere.
626 765 747 796 *Brun
766 768 816 796 54.
848 767 872 794 si
893 766 972 795 nihil

239 811 395 847 audierit,
410 816 525 840 tamen
545 814 709 840 oratorem
728 810 762 839 in
780 809 836 838 illo
846 809 975 846 judicio

240 856 375 892 versari,
387 858 421 884 et
436 864 512 894 opus
527 854 709 884 oratorium
728 854 813 889 fleri,
827 859 886 882 aut
903 863 974 892 per-

238 898 365 928 fectum
389 909 459 928 esse
483 898 660 936 intelliget.
689 897 792 937 *ultus
816 906 974 935 quaerere.

237 942 337 972 Tusc.
362 943 408 972 iii.
433 945 485 973 34.
522 942 560 971 dc
584 940 800 981 philosophis,
825 940 880 979 qui
906 950 973 970 non

240 987 426 1016 necessaria
441 986 605 1019 scribunt,
621 988 660 1014 ut
684 985 792 1014 hodie.
824 984 880 1022 qui
899 989 975 1013 tan-

237 1034 311 1060 tum
328 1029 501 1059 scribendo
517 1029 693 1069 pecuniam
711 1030 877 1067 quaerunt.

286 1074 382 1114 Opus.
425 1083 491 1102 non
522 1083 605 1113 opus
636 1077 700 1109 est,
731 1082 803 1111 pro,
835 1071 971 1100 noxium

238 1122 300 1147 est.
334 1117 468 1146 (Jlnent.
487 1121 538 1148 50.
569 1122 608 1146 ut
631 1117 656 1145 si
681 1115 759 1154 quid
781 1115 972 1153 aliqnando,

236 1161 325 1199 quod
341 1170 407 1190 non
423 1171 500 1200 opus
516 1164 615 1196 essct,
627 1160 666 1189 ab
682 1169 715 1189 se
733 1166 817 1188 esset
833 1159 972 1188 dictum.

236 1206 283 1234 sic
303 1214 380 1243 opus
403 1210 452 1233 est
477 1214 534 1244 pro
558 1204 639 1233 utile
665 1208 728 1240 est,
746 1203 787 1233 ad
811 1203 887 1232 Div.
904 1203 924 1231 i.
942 1207 973 1235 9.

236 1248 343 1287 legem
362 1248 532 1278 Curiatam
550 1258 625 1287 opus
647 1257 730 1283 esse,
747 1256 880 1276 necesse
906 1255 971 1275 non

236 1302 317 1321 esse.
351 1291 453 1321 *cum
473 1292 577 1331 genit.
602 1290 643 1321 ad
660 1291 734 1320 Div.
750 1301 780 1319 x.
800 1293 830 1320 3.
858 1290 970 1328 magni

228 1335 352 1365 laboris
370 1340 403 1365 et
419 1336 535 1365 multae
551 1336 710 1375 impensae
736 1344 814 1373 opus
836 1333 914 1363 fuit.
943 1343 973 1363 v.

233 1380 368 1410 Blanut.
384 1385 419 1408 et
435 1380 577 1409 Gronov.
595 1378 635 1408 ad
652 1377 722 1408 Liv.
738 1378 815 1407 xxii.
833 1381 867 1408 51
878 1400 884 1406 .

281 1423 399 1460 Orare,
417 1433 513 1462 agere
535 1422 686 1452 dicendo,
718 1431 796 1451 nam
814 1421 902 1461 apud
919 1431 973 1450 ve-

232 1470 319 1497 teres
336 1477 431 1496 orare
454 1467 627 1496 dicebatur
651 1476 709 1505 pro
733 1474 842 1503 agere.
873 1464 969 1494 Brut.

238 1513 286 1541 12.
326 1511 497 1540 neminem
522 1510 641 1540 melius
665 1510 804 1539 oravisse
834 1518 969 1538 causam

233 1555 363 1594 capitis.
395 1555 513 1594 Quint.
538 1557 584 1584 13.
618 1563 751 1583 causam
772 1552 879 1592 priore
898 1552 969 1581 loco

233 1598 337 1635 dicat,
354 1602 388 1628 et
410 1608 483 1627 eam
501 1607 579 1627 cum
595 1598 699 1628 orarit
716 1597 775 1626 ἃς.
806 1595 969 1636 *Proprie

234 1652 318 1680 esse,
343 1651 472 1680 rogare,
496 1651 563 1671 non
588 1641 684 1670 modo
708 1638 888 1680 precando,
912 1640 970 1669 scd

233 1687 338 1716 etiam
365 1686 550 1715 rationibus
575 1683 889 1720 commemorandis,
914 1683 971 1713 do-

234 1733 288 1759 cet
305 1730 478 1759 Manutius
497 1729 537 1758 ad
555 1729 616 1769 Ep.
633 1728 674 1758 ad
691 1728 765 1757 Div.
782 1737 812 1757 v,
835 1730 883 1757 18.

282 1772 404 1803 Oratio.
435 1773 569 1803 Muren.
600 1774 652 1806 99.
690 1772 791 1801 oracio
819 1770 972 1800 habenda

233 1821 285 1847 est
301 1827 370 1847 non
386 1826 463 1846 cum
484 1816 639 1856 imperita
662 1814 895 1851 multitudine,
912 1825 971 1854 pro

233 1861 276 1891 ad
306 1861 386 1900 imp.
414 1860 679 1890 multitudinem.
715 1859 810 1888 Verr.
840 1858 886 1887 iii.
919 1861 971 1888 44.

231 1904 339 1935 brevis
355 1905 455 1934 oratio
478 1904 704 1933 AEtnensium.
728 1902 761 1932 h.
785 1912 814 1931 e.
838 1901 877 1931 de
901 1903 973 1932 AEt-

234 1948 404 1978 nensibus.
433 1947 528 1977 Verr.
552 1947 586 1977 ii.
611 1947 663 1980 69.
693 1947 795 1977 oratio
821 1950 973 1975 contem-

232 1992 420 2022 nendorum
437 1991 639 2027 Siculorum,
658 1990 679 2020 i.
696 1999 725 2020 e.
748 1990 783 2019 in
808 1999 873 2028 qua
896 1999 974 2019 con-

233 2039 360 2066 temtus
377 2035 564 2065 Siculorum
582 2035 680 2064 inest.
709 2036 726 2055 ²*
738 2033 879 2063 facultas
893 2034 973 2063 scri-

232 2079 334 2110 bendi
355 2082 389 2109 et
410 2078 553 2108 dicendi.
585 2078 680 2108 Offic.
697 2078 719 2107 i.
741 2080 766 2107 l.
798 2078 973 2107 orationem

235 2123 377 2154 latinam
394 2122 514 2152 efficies
530 2122 713 2162 pleniorem
727 2121 847 2150 nostris
860 2120 974 2160 legen-

236 2167 298 2197 dis.
328 2166 399 2196 *dc
419 2166 525 2196 verbis
550 2165 700 2205 pluribus
718 2164 848 2203 junctis
871 2174 974 2204 oppo-

235 2211 394 2250 niturque
418 2209 569 2250 singulis.
600 2210 657 2240 Or.
681 2209 727 2239 iii.
744 2210 797 2239 4⁶2.
816 2218 865 2248 pr.
897 2209 974 2238 Par-

235 2255 288 2285 tit.
312 2258 359 2288 17.
375 2264 425 2294 pr.

284 2297 415 2334 Orator,
428 2297 650 2336 demagogus:
676 2306 754 2326 nam
770 2295 804 2325 hi
820 2295 876 2324 Gr.
891 2294 974 2336 ῥήτο-

234 2353 278 2386 ςες
295 2341 504 2377 dicebantur,
522 2347 558 2370 ut
578 2351 595 2369 e
620 2339 849 2370 Demosthene
873 2349 974 2378 appa-

236 2390 300 2416 ret.
327 2386 410 2416 Cato
423 2385 453 2414 6.
477 2384 715 2424 proveniebant
732 2387 872 2413 oratores
884 2383 974 2420 novi,

235 2428 348 2467 stulti,
387 2427 637 2458 adolescentuli.
677 2427 850 2465 *legatus
893 2426 975 2458 Har.

233 2473 275 2504 R.
297 2474 346 2503 16.
374 2478 514 2503 oratores
528 2475 645 2501 contra
661 2471 718 2509 jus
738 2471 853 2509 fasque
870 2470 974 2500 inter-

232 2516 351 2547 fectos.
367 2516 463 2546 Brut.
485 2518 534 2545 14.
561 2515 728 2544 Fabricius
753 2513 794 2543 ad
809 2513 972 2553 Pyrrhum

235 2560 276 2590 de
311 2560 448 2600 captivis
486 2558 661 2589 reddendis
697 2558 816 2588 missus
854 2562 972 2589 orator.

233 2603 306 2633 *de
331 2604 474 2634 rhetore.
504 2602 604 2632 Acad.
629 2602 649 2631 i.
674 2604 704 2632 ⁶2.
737 2601 830 2630 Orat.
855 2601 900 2631 iii.
921 2603 973 2632 2³1.

231 2647 299 2679 Sed
315 2651 456 2686 utroque
471 2647 544 2676 loco
559 2650 611 2675 est
624 2650 819 2685 suspectum
836 2644 973 2675 verbum

235 2691 383 2727 Pearcio‚
401 2701 500 2730 quem
518 2689 583 2719 vid.
601 2689 703 2718 etiam
722 2688 763 2717 ad
779 2688 836 2717 Or.
855 2688 875 2717 i.
892 2689 943 2718 6⁶2.

281 2734 500 2764 Orbiculatus.
533 2733 573 2763 ad
589 2733 665 2763 Div.
681 2732 747 2762 viii.
769 2735 816 2762 15.
847 2735 886 2761 ut
909 2732 972 2761 mi-

231 2778 308 2809 lites
324 2778 419 2808 maiis
435 2777 624 2808 orbiculatis
646 2776 732 2815 pasti
749 2784 819 2805 esse
835 2774 971 2805 videan-

230 2826 305 2852 tur:
344 2822 378 2852 h.
409 2832 438 2851 e.
475 2820 611 2861 optimis
643 2823 677 2848 et
715 2818 972 2850 delicatissimis,

228 2866 388 2898 Rotunda
412 2865 503 2895 enim
531 2863 633 2899 mala,
656 2872 718 2892 ova
744 2863 804 2892 διο.
840 2863 970 2902 optima

228 2913 406 2950 putantur,
418 2908 508 2940 unde
524 2907 613 2939 mala
627 2907 807 2938 orbiculata
825 2905 856 2936 h.
871 2905 892 2936 1.
909 2916 969 2947 per

743 110 822 140 IND
828 110 888 140 Ex
927 112 1027 141 LATI
1034 113 1059 142 N
1068 112 1222 142 ITATIS.

1012 202 1129 240 jocum
1146 210 1206 241 pro
1222 200 1416 232 lautissimis
1432 201 1513 233 cibis
1529 201 1699 233 dicuntur.
1723 206 1755 233 ν’.

1019 245 1157 275 Gesncri
1187 245 1267 275 Lex.
1294 245 1424 276 Rustic.
1454 247 1488 276 in
1519 245 1552 276 h.
1585 256 1613 276 ν.
1655 246 1755 286 Apud

1022 288 1155 318 Celsum
1174 289 1206 317 ii,
1222 291 1274 319 524.
1307 290 1485 320 orbiculata
1505 299 1605 330 poma
1620 290 1654 320 in
1671 290 1754 320 cibis

1022 332 1115 362 bonis
1129 336 1311 371 ponuntur.

1068 375 1170 405 Orbis.
1196 376 1381 406 Div.ii.44.
1405 377 1492 406 orbes
1504 376 1677 406 finientes:
1696 375 1756 406 der

1022 417 1198 448 Horizont.
1228 419 1286 449 Or.
1310 420 1356 449 iii.
1380 423 1432 450 51.
1461 421 1543 450 orbis
1566 420 1755 457 verborum,

1021 469 1070 490 est
1088 461 1253 501 periodus,
1270 468 1309 492 ut
1331 474 1370 493 ex
1386 463 1457 501 ejus
1481 464 1675 493 definitione
1700 463 1756 493 Ci-

1022 506 1198 535 ceroniana
1213 511 1319 545 patet,
1336 516 1401 545 qua
1424 507 1547 536 dicitur
1565 507 1630 536 oren·
1647 506 1756 536 inclu-

1020 558 1056 577 sa
1072 558 1263 587 procurrere
1279 551 1404 587 oratio3
1430 550 1517 588 quod
1536 550 1615 588 quid
1632 550 1687 587 sit,
1705 550 1758 579 iu-

1019 591 1149 631 telliges
1172 603 1211 622 ex
1238 593 1290 630 iis,
1315 603 1387 631 quae
1411 593 1450 622 de
1474 593 1657 623 vinciendis
1680 602 1755 623 sen-

1020 636 1135 665 tentiis
1151 635 1232 672 dixi,
1248 637 1282 666 in
1297 636 1443 667 Vincite.
1472 637 1570 666 *Ate
1587 637 1621 666 ii.
1638 641 1669 670 9.
1693 637 1756 666 mi-

1021 688 1099 708 nore
1123 680 1249 716 sonitu,
1272 686 1370 718 quam
1395 685 1565 719 putaram,
1590 680 1644 709 hic
1670 681 1756 710 orbis

1021 722 1160 762 reipubl.
1177 727 1226 753 est
1243 733 1430 754 conversus.
1461 724 1503 753 cf.
1520 724 1563 753 ib.
1581 726 1633 754 ²21.
1659 724 1754 753 *Pis.

1025 769 1071 795 10.
1104 775 1144 796 ne
1172 770 1243 796 tum
1272 767 1420 805 quidem,
1444 777 1520 797 eum
1544 767 1755 797 saltatorium

1021 814 1167 840 versaret
1180 812 1298 848 orbem,
1314 810 1457 841 fortunae
1475 816 1581 841 rotam
1598 812 1758 851 pertime-

1019 853 1144 883 scebat.

1068 897 1241 934 ordinare,
1273 898 1330 927 Or.
1348 898 1382 927 ii.
1404 901 1452 927 10.
1479 898 1631 928 ordinare
1645 897 1755 935 litem,

1020 944 1071 969 est
1109 941 1285 970 instituere
1323 951 1471 980 causam,
1506 946 1553 979 et,
1591 941 1757 981 quomodo

1021 984 1150 1023 agenda
1164 985 1220 1021 sit,
1237 986 1452 1016 constituere.

1069 1028 1238 1058 Ordinate.
1270 1029 1420 1059 Herenn.
1441 1030 1482 1058 iv.
1499 1032 1528 1059 5.
1558 1028 1615 1058 ubi
1638 1033 1754 1058 tamen

1022 1071 1169 1102 Graevius
1195 1082 1212 1102 e
1238 1072 1308 1103 Ms‚
1333 1073 1448 1113 reponi
1471 1072 1544 1102 vult
1567 1071 1692 1101 ordine.
1723 1082 1755 1102 v.

1019 1119 1089 1144 not.

1067 1158 1265 1197 Ordinatim,
1284 1170 1342 1199 pro
1359 1159 1528 1199 deinceps,
1544 1159 1682 1197 καθεξῆς.
1712 1158 1755 1190 ad

1018 1202 1093 1232 Div.
1110 1204 1150 1232 iv.
1170 1206 1200 1234 5.

1066 1246 1186 1276 O'rdiri.
1219 1247 1368 1277 Marcell.
1396 1250 1443 1276 11.
1477 1247 1565 1276 unde
1594 1256 1667 1277 orsa
1694 1250 1754 1284 est,

1020 1290 1053 1318 in
1070 1300 1108 1319 eo
1124 1291 1326 1321 terminetur
1345 1291 1462 1320 oratio.
1507 1290 1655 1320 Graevius
1680 1300 1754 1329 pas-

1017 1334 1083 1363 sive
1100 1335 1234 1374 accipit,
1252 1338 1283 1363 et
1309 1339 1465 1373 provocat
1485 1334 1525 1363 ad
1548 1334 1642 1364 Voss.
1657 1333 1754 1363 Anal.

1017 1377 1063 1406 iii.
1087 1378 1118 1407 6.
1149 1378 1204 1407 sed
1231 1378 1315 1407 nihil
1337 1388 1431 1417 opus.
1477 1377 1658 1407 Commode
1681 1388 1755 1408 orsa

1018 1425 1062 1450 est
1080 1421 1291 1461 interpretari
1309 1431 1482 1461 possumus
1500 1422 1636 1460 incepit.

1066 1464 1163 1501 Ordo,
1180 1476 1279 1494 omne
1295 1465 1469 1495 hominum
1486 1465 1521 1494 in
1537 1465 1673 1494 civitate
1697 1475 1753 1504 ge-

1018 1517 1091 1538 nus.
1137 1509 1190 1539 Sic
1214 1509 1252 1538 de
1279 1509 1440 1539 libertinis
1471 1508 1594 1538 dicitur
1614 1508 1708 1538 Verr.
1732 1509 1755 1538 i.

1016 1555 1069 1585 47.
1101 1552 1141 1581 de
1165 1553 1278 1582 scribis
1303 1553 1380 1582 ibid.
1398 1553 1443 1582 iii.
1461 1556 1513 1586 79.
1545 1552 1585 1581 de
1603 1552 1754 1591 publica-

1017 1596 1067 1625 nis
1084 1595 1125 1626 ad
1143 1596 1217 1626 Div.
1234 1596 1302 1626 xiii.
1319 1601 1349 1630 9.
1369 1598 1427 1626 &e
1474 1596 1562 1626 Hinc
1578 1596 1716 1633 ordines,
1731 1597 1753 1626 i.

1015 1650 1043 1669 e.
1057 1649 1180 1678 genera
1194 1640 1373 1677 honorum,
1387 1645 1424 1669 ut
1439 1644 1645 1677 senatorum,
1658 1640 1752 1678 equi-

1016 1687 1089 1713 tum
1108 1684 1167 1713 ἃς.
1200 1683 1238 1713 In
1255 1684 1377 1714 militia
1390 1684 1514 1714 ordines
1529 1687 1609 1713 sunt
1624 1683 1754 1713 tricesi-

1017 1737 1079 1757 mae
1097 1734 1208 1767 partes
1224 1727 1406 1767 legionum,
1420 1729 1453 1757 in
1466 1737 1607 1767 quarum
1619 1736 1751 1766 quaque

1018 1771 1091 1801 tluae
1116 1772 1276 1801 centuriae
1300 1782 1319 1801 a
1342 1772 1469 1801 decimo
1493 1771 1625 1800 hastato
1648 1780 1754 1809 usque

1018 1815 1060 1845 ad
1074 1815 1218 1854 primum
1232 1814 1350 1855 pilum.
1376 1814 1464 1845 unde
1477 1815 1541 1844 Pis.
1555 1815 1607 1845 36.
1626 1815 1753 1844 ordines

1018 1859 1199 1897 assignare,
1223 1863 1258 1888 et
1280 1858 1365 1888 Phil.
1389 1859 1409 1888 i.
1437 1861 1466 1889 8.
1500 1859 1626 1888 ordines
1650 1857 1753 1887 duxe-

1018 1908 1115 1932 runt:
1147 1902 1188 1932 de
1213 1902 1474 1932 centurionibus.
1509 1913 1539 1932 v.
1563 1901 1653 1941 Lips.
1680 1901 1754 1932 Mil.

1018 1947 1057 1976 R.
1075 1947 1108 1976 ii.
1127 1949 1157 1977 8.
1188 1945 1520 2020 *subsellia.2=eatri.
1548 1945 1632 1975 Phil.
1650 1945 1684 1975 ii.
1704 1948 1753 1976 18.

1018 1987 1131 2019 sedisti
1148 1991 1183 2019 in
1203 1990 1267 2020 xiv.
1283 1990 1387 2020 ordini
1410 2000 1465 2019 us.-
1489 1988 1577 2028 quod
1600 1991 1651 2018 est
1673 1989 1754 2018 insi-

1018 2044 1082 2072 gne
1106 2033 1271 2072 equitum.
1300 2033 1428 2065 *Rosa
1451 2033 1490 2064 A.
1506 2036 1559 2064 48.
1589 2036 1679 2062 recte
1704 2037 1756 2062 at-

1018 2087 1081 2116 que
1097 2077 1208 2107 ordine
1224 2077 1353 2116 facere3
1379 2081 1428 2107 est
1446 2076 1592 2107 formula
1614 2076 1754 2114 antiqua

1017 2131 1095 2161 pro:
1121 2131 1160 2151 ex
1178 2121 1319 2160 legibus,
1332 2120 1557 2158 landabiliter,
1574 2120 1753 2159 sapienter.

1018 2167 1037 2186 ²*
1049 2168 1142 2195 extra
1156 2166 1313 2203 ordinem,
1327 2170 1378 2194 est
1394 2165 1490 2194 aliter
1506 2175 1543 2194 ac
1560 2163 1688 2203 legibus
1704 2166 1756 2193 est

1017 2209 1254 2246 constitutum,
1272 2213 1389 2239 contra
1405 2209 1504 2248 leges.
1529 2218 1558 2238 ν.
1573 2206 1756 2237 extraordi-

1017 2253 1144 2282 narius.
1175 2252 1310 2282 Cluent.
1325 2256 1376 2284 31.
1401 2253 1457 2291 qui
1474 2262 1507 2282 se
1525 2252 1564 2281 ab
1581 2260 1637 2280 reo
1654 2260 1756 2290 pecu-

1018 2297 1122 2333 niam,
1139 2306 1216 2326 cum
1234 2296 1340 2335 judex
1356 2300 1455 2333 esset,
1472 2295 1558 2325 clam
1577 2298 1675 2333 atque
1698 2304 1756 2323 ex-

1016 2345 1070 2370 tra
1094 2340 1240 2370 ordinem
1265 2340 1432 2381 accepisse
1460 2339 1629 2369 confessus
1656 2342 1755 2368 esset.

1018 2384 1059 2414 ad
1075 2384 1150 2414 Div.
1167 2385 1210 2413 vi.
1229 2387 1257 2414 5.
1289 2394 1362 2424 spes
1379 2393 1478 2422 quam
1495 2387 1590 2412 extra
1611 2382 1754 2411 ordinem

1018 2427 1192 2464 habemus,
1208 2430 1258 2457 est
1274 2428 1391 2466 major,
1409 2437 1508 2465 quam
1527 2426 1567 2455 (le
1583 2425 1715 2455 ceteris.

1066 2470 1168 2501 Oriri.
1193 2471 1305 2501 Plane.
1323 2473 1376 2505 27.
1401 2469 1485 2501 Phil.
1502 2470 1545 2500 vi.
1563 2470 1593 2499 6.
1618 2468 1718 2498 homo
1735 2478 1756 2499 a

1016 2525 1050 2546 se
1067 2519 1173 2545 ortus:
1197 2515 1219 2545 i.
1237 2525 1265 2544 e.
1282 2524 1398 2544 novus.

1065 2558 1315 2589 Ornamentum.
1348 2558 1438 2589 Sext.
1469 2560 1522 2588 51.
1559 2560 1755 2587 ornamenta

1016 2602 1178 2641 equestris
1196 2602 1334 2639 ordinis,
1344 2600 1492 2642 appellat
1507 2610 1659 2637 censum,
1672 2600 1755 2630 divi-

1014 2646 1088 2677 tias.

1065 2689 1207 2727 Ornare,
1230 2689 1385 2726 honores,
1409 2687 1670 2728 supplicationes
1694 2686 1756 2717 &c.

1016 2732 1206 2764 decernere.
1240 2733 1351 2763 Deiot.
1374 2735 1401 2762 1.
1427 2741 1525 2771 quem
1541 2735 1619 2761 ante
1635 2739 1756 2761 ornare

1015 2782 1138 2806 cuncto
1162 2787 1240 2807 cum
1264 2779 1383 2806 senatu
1406 2775 1572 2805 solebam:
1598 2774 1631 2804 h.
1650 2783 1680 2804 e.
1698 2773 1756 2803 de-

1012 2830 1148 2850 cernere
1172 2829 1296 2851 nomen
1320 2820 1419 2859 regis,
1439 2818 1552 2856 amici,
1576 2819 1658 2848 item
1682 2816 1755 2846 lau-

1013 2863 1102 2894 dare.
1140 2864 1182 2895 ad
1211 2865 1288 2895 Div.
1320 2864 1342 2894 i.
1370 2867 1398 2894 l.
1438 2862 1526 2903 quod
1555 2860 1753 2901 Pompeium

1010 2913 1157 2939 ornam.
1187 2908 1220 2940 h.
1243 2918 1272 2939 e.
1296 2907 1327 2938 ei
1351 2906 1587 2949 praefecturam
1609 2912 1754 2937 annona
