1920 3196
205 71 290 115 494

200 169 259 198 xii.
272 169 302 198 5.
326 163 527 207 γεωμετρικῶς
542 162 663 193 dieitur
681 161 811 192 Atticus
831 161 923 192 Cice-

202 217 317 240 ronem
347 208 516 247 refellisse,
544 205 579 235 in
611 214 663 241 ee,
692 204 778 242 quod
809 203 924 235 Cicero

201 251 389 290 scripserat,
433 248 609 283 Fannium,
652 247 708 284 qui
752 245 923 276 historiam

203 292 345 332 scripsit,
362 291 457 322 Laelii
472 298 630 330 generum
646 288 754 318 fuisse.

246 336 301 374 75⁹
313 334 367 378 ureb
381 335 436 374 γῆς
450 336 594 372 cogitare
606 331 738 366 dicitur,
749 328 804 368 qui
818 328 925 360 solum

202 383 342 414 vertere,
353 382 387 407 et
401 387 440 407 ex
454 375 519 406 alia
533 379 620 405 terra
635 373 667 402 in
682 371 793 408 aliam,
806 375 840 401 et
855 373 926 411 qui-

203 421 277 452 dem
297 429 425 459 semper
448 418 630 458 proximam
646 423 822 453 quamque,
833 413 926 453 fuge-

203 473 239 494 re
260 463 399 501 cogitat,
421 471 452 490 v.
485 461 618 491 Manut.
639 457 680 487 ad
702 456 735 486 h.
760 456 781 486 1.
807 457 863 495 qui
888 466 927 486 ex

204 503 360 544 AEschylo
376 503 447 534 haec
471 502 569 533 verba
591 500 743 530 desumta
761 502 871 538 putat,
888 497 927 528 ad

204 550 276 579 Att.
294 547 356 576 χίν.
378 549 427 576 10.
488 549 492 555 ’

251 589 364 629 γλαῦκ’
388 589 424 622 εἷς
447 586 588 621 Ἀθήνας,
607 588 761 614 noctuam
783 583 929 613 Athenas

211 635 272 674 (sc.
298 637 395 673 porto
419 631 467 662 vel
488 629 601 668 mitto)
621 626 663 657 ad
685 626 763 656 Div.
778 624 821 656 vi.
837 627 869 656 3.
885 626 927 655 ix.

206 679 237 707 3.
252 673 293 705 ad
306 674 371 713 Qu.
386 673 438 703 Fr.
453 673 486 703 ii.
507 673 554 703 16.

247 715 416 758 γλισχρῦς,
427 725 542 756 parce,
556 713 710 748 tenuiter,
722 709 763 740 ad
777 710 848 740 Att.
865 710 927 740 xvi.

248 802 460 845 γλυκύπικρον,
485 801 578 831 dulce
599 805 770 834 amarum,
792 795 832 826 ad
854 795 927 826 Att.

206 858 236 879 v.
254 850 306 879 21.

247 889 351 930 γνῧθι,
363 888 424 921 πῶς
435 887 523 926 ἄλλῳ
533 884 693 926 κέχρηται,
704 891 807 916 nosce,
817 890 927 920 quem-

206 933 385 964 admodum
416 931 480 960 alio
516 939 593 958 usus
618 925 741 970 fuerit:
784 922 929 963 Explora

206 977 308 1016 priuS,
326 983 424 1014 quam
447 982 522 1002 cum
546 970 655 1009 aliquo
678 966 859 997 amicitiam
881 965 929 995 fa.

206 1019 284 1055 cias,
302 1017 463 1055 fidemque
479 1014 611 1049 habeas,
628 1008 791 1049 quomodo
804 1017 837 1038 se
851 1017 929 1046 erga

205 1061 286 1092 alios
308 1059 430 1090 amicos
456 1055 603 1096 gesserit,
626 1063 690 1092 qua
712 1050 774 1080 fide
798 1050 831 1080 in
848 1050 928 1080 alios

205 1103 316 1135 fuerit.
339 1112 378 1132 ex
395 1099 604 1140 Epicharmo.

248 1145 341 1185 γνῶθι
356 1142 486 1179 σεαυτὸν,
501 1150 591 1171 nosce
613 1143 644 1169 te
665 1139 785 1178 ipsum,
800 1134 841 1165 ad
861 1133 926 1174 Qu.

205 1188 259 1219 Fr.
276 1188 321 1218 iii.
338 1188 368 1218 6.

247 1230 378 1271 γοήτιια,
399 1227 589 1269 proestigiae,
612 1223 780 1254 malitiosa?
802 1219 927 1251 blandi-

206 1275 273 1311 tiae,
288 1273 329 1304 ad
341 1273 413 1303 Art.
429 1272 472 1301 ix.
489 1273 536 1300 13.

247 1319 316 1356 γὸνυ
327 1316 546 1355 κνῆμης,ςεηα
558 1312 651 1347 tibia,
663 1319 706 1340 sc.
721 1308 852 1348 propius
865 1308 927 1341 est,

205 1358 246 1390 ad
261 1359 338 1390 Div.
353 1359 417 1388 xvi.
433 1358 485 1388 23.
509 1353 729 1396 proverbium,
747 1349 834 1389 quod
855 1358 927 1378 eam

203 1402 270 1432 vim
297 1401 409 1437 habet,
435 1408 533 1438 quam
558 1394 797 1427 Terentianum
825 1390 926 1421 illud:

206 1444 390 1475 Proximus
413 1451 486 1471 sum
508 1443 633 1478 egomet
656 1436 748 1467 mihi.
792 1433 927 1464 Nostri:

204 1486 281 1518 Das
307 1485 437 1516 Hemde
472 1484 514 1513 z'st
543 1482 610 1511 mir
644 1479 753 1509 noeher
785 1478 835 1506 als
872 1477 923 1506 der

206 1529 306 1561 Rock.
322 1539 353 1558 v.
366 1525 536 1558 Theocrit.
554 1523 649 1564 ldyll.
666 1520 732 1551 xvi.
752 1522 800 1550 18.

248 1573 373 1613 ’γοργεῒω
400 1568 511 1609 γυμνὰ,
537 1569 637 1597 larvae
661 1563 770 1600 nudae,
796 1560 837 1592 ad
856 1560 927 1590 Att.

206 1615 249 1645 iv.
283 1615 330 1644 16.
368 1612 407 1643 de
438 1608 681 1642 accusatoribus
707 1604 848 1635 Gabinii.
872 1603 928 1641 qui

204 1656 376 1688 absolutus
403 1658 488 1690 crat,
519 1651 618 1691 quod,
648 1645 925 1689 quemadmodum

206 1699 304 1729 nudae
323 1703 359 1729 et
377 1698 490 1727 inanes
512 1695 602 1725 larva
622 1694 752 1722 terrent
773 1689 841 1719 illae
855 1687 926 1728 qni-

203 1741 293 1777 dem,
316 1740 372 1770 sed
396 1739 463 1769 veri
486 1737 598 1768 damni
614 1734 729 1765 afferre
752 1731 836 1762 nihil
855 1740 926 1771 pos-

204 1788 296 1820 sunt,
313 1783 362 1813 ita
380 1781 556 1812 Gabinium
582 1782 787 1808 accusatores
801 1778 928 1804 terrue-

205 1829 294 1863 rant,
309 1824 391 1855 nihil
405 1824 436 1853 ei
450 1824 645 1855 nocuerant.

249 1865 443 1908 γυμνασιῶδη,
472 1869 552 1905 apta
575 1862 762 1902 gymnasio,
791 1858 831 1889 ad
857 1857 928 1888 Att.

205 1913 226 1944 i.
244 1913 275 1943 6.

549 1996 588 2023 Δ.

247 2081 388 2123 δαίμονες,
406 2089 509 2122 genus
525 2079 687 2113 Deorum,
702 2074 789 2115 quod
808 2073 928 2105 Latine

208 2126 315 2158 Lares
335 2126 397 2157 dici
414 2133 506 2165 posse
529 2125 626 2162 putat
641 2120 757 2151 Cicero
771 2117 810 2147 de
826 2116 925 2147 Univ.

209 2173 259 2200 11.
275 2179 305 2199 v·
329 2168 400 2199 lnd.
417 2166 493 2197 Lat.
509 2165 544 2194 in
562 2163 680 2194 Lares.

249 2209 406 2252 δεδῆχὸαι,
435 2216 580 2240 ‘morsum
604 2215 681 2242 esse,
707 2202 749 2235 ad
769 2202 840 2233 Att.
861 2200 928 2231 xiii.

249 2295 328 2331 δεινός
343 2297 424 2339 ἀνὴρ,
440 2293 532 2333 τάχα
548 2302 595 2321 κεν
609 2290 660 2322 καὶ
675 2288 800 2320 ἀναίτιον
815 2285 929 2325 alei-1503-

208 2353 252 2375 το,
277 2342 446 2371 vehemens
469 2337 534 2372 vir,
562 2338 592 2365 et
615 2334 671 2373 qui
695 2333 748 2363 vel
769 2332 929 2368 ’msontem

208 2392 365 2415 accusare
384 2381 519 2415 audeat,
542 2378 614 2408 Att.
627 2375 695 2406 xiii.
716 2376 771 2406 25.
793 2383 833 2404 ex
858 2371 929 2402 Ho-

207 2435 287 2456 mer.
311 2424 405 2455 Iliad.
421 2429 455 2454 Λ.
471 2431 501 2451 V.
517 2420 592 2452 653.

247 2465 353 2510 δέρῤεις,
363 2468 476 2508 pelles,
487 2463 670 2496 involucra,
680 2458 721 2489 ad
732 2457 804 2488 Att.
816 2456 857 2487 iv.
878 2458 926 2490 17.

247 2508 374 2553 δεύτεραι
387 2503 541 2553 φροντίδες,
552 2502 745 2544 posteriores
758 2500 928 2539 cogitatio-

205 2563 274 2590 nes,
298 2554 339 2584 ad
356 2553 422 2593 Qu.
438 2552 492 2581 Fr.
508 2548 554 2579 iii.
571 2549 598 2578 l.
621 2556 651 2576 e.
667 2548 696 2576 5.
712 2554 751 2574 ex
762 2540 927 2582 Euripidis

207 2595 391 2636 Hippolyto
405 2595 476 2625 436.
634 2631 641 2637 ·
837 2627 843 2633 ι

249 2637 407 2680 Δημήτηρ,
429 2637 533 2670 Ceres,
552 2633 737 2678 nominata,
754 2636 846 2666 quasi
872 2629 927 2658 Γή-

205 2682 316 2724 μότης,
327 2685 417 2711 terra
429 2682 548 2713 mater,
559 2675 641 2706 Nat.
656 2672 699 2702 D.
716 2672 750 2703 1i.
767 2671 818 2701 26.

249 2723 342 2764 δῆμοι,
359 2722 399 2753 ad
414 2721 488 2752 Att,
506 2719 559 2748 vii.
579 2719 609 2747 3.
632 2715 735 2746 Loca.
759 2713 847 2744 Nam
864 2711 927 2742 La-

206 2769 286 2800 tinis
316 2768 385 2797 loca
415 2768 494 2794 sunt
527 2761 628 2802 χῶςαι,
655 2756 768 2800 χωρία,
795 2766 825 2785 ν.
855 2755 927 2785 Sal-

208 2820 290 2842 mas.
315 2807 355 2839 ad
377 2805 480 2837 Solin.
504 2815 535 2845 p.
553 2813 598 2834 m.
621 2801 695 2835 690.
720 2798 811 2831 Verti
826 2798 928 2828 etiam

208 2856 341 2894 potest:
363 2849 487 2891 populi,
498 2846 593 2888 pagi.
629 2843 719 2875 Nam
732 2840 929 2882 δῆμοιᾋτα-ι-

642 76 803 107 INDEX
838 75 1270 107 GRAECO—LATINUS.

967 166 1032 200 κῆς,
1062 163 1186 204 Populi
1214 164 1345 200 Atticm,
1372 161 1412 193 de
1445 162 1562 202 quibus
1596 164 1688 193 extat

966 207 1107 237 Mem-siz·
1130 206 1273 242 libellus,
1292 204 1375 236 nibil
1398 208 1488 241 sunt,
1514 204 1576 235 nisi
1590 205 1689 243 pagi,

971 249 1143 289 (Cantons)
1161 249 1196 279 in
1211 257 1291 288 quos
1306 248 1418 279 Attica
1430 252 1499 278 erat
1513 247 1689 286 descripta,

968 295 1002 321 et
1022 301 1041 321 a
1061 291 1176 329 quibus
1200 291 1428 326 Athenienses,
1445 294 1481 320 ut
1505 288 1646 320 Romani
1670 298 1690 318 a

968 332 1133 369 tribubus,
1154 333 1423 363 nominabantur.
1468 331 1555 361 Nam
1569 334 1607 360 ut
1624 330 1692 360 Ro-

969 375 1070 410 mani,
1092 384 1123 405 v.
1139 385 1167 405 c.
1191 375 1363 406 dicebant:
1388 373 1431 414 Q.
1449 372 1565 403 Verres
1579 372 1692 403 Romi-

970 418 1016 446 lia
1029 430 1039 449 ,·
1078 416 1123 446 sic
1151 417 1275 447 Graeci:
1310 415 1497 456 Δημοσθένης
1526 415 1692 449 Παιανιεύς.

971 459 1085 489 Cicero
1100 459 1181 490 dicit
1198 469 1231 489 se
1254 461 1416 500 scripsisse
1439 459 1474 489 2'71.
1497 457 1665 488 Piroeeum
1678 472 1689 491 ;

970 500 1068 540 idque
1081 501 1141 531 sibi
1150 502 1302 532 vitiosum
1314 503 1416 532 visun]
1434 510 1501 531 non
1513 510 1593 536 esse,
1605 499 1693 540 quod

971 542 1009 572 de
1023 544 1146 574 Piraeeo
1159 544 1304 581 dixisset,
1318 554 1385 574 non
1398 547 1435 573 ut
1448 543 1487 573 de
1499 543 1624 583 oppido,
1637 542 1693 572 sed

971 590 1009 614 ut
1027 585 1066 615 dc
1085 588 1162 622 loeo,
1182 586 1214 616 h.
1236 596 1376 626 e.pago‚
1396 587 1538 623 regione.
1563 585 1608 615 sic
1627 585 1692 615 Te-

973 628 1116 660 rentium
1129 628 1245 658 dixisse
1258 638 1274 657 e
1288 628 1401 659 Sunio.
1445 628 1586 658 Sunium
1600 637 1692 666 aeque

971 679 1039 699 esse
1065 670 1222 710 oppidum
1247 680 1283 700 ac
1309 670 1479 700 Piraeeum.
1526 670 1642 709 ltaque
1665 669 1692 700 si

971 709 1051 751 δῆμοι
1067 713 1133 742 sint
1149 712 1281 753 oppida,
1295 712 1476 743 necessario
1495 712 1525 742 T
1527 711 1692 742 eremium

971 765 1099 793 quoque
1128 765 1287 795 peccasse.
1331 755 1394 785 Sed
1420 755 1615 785 Terentium
1642 754 1693 783 in-

969 796 1132 827 tellexisse
1147 798 1290 828 Sunium
1300 806 1443 836 pagum,
1452 797 1623 836 populum,
1638 805 1696 826 cu-

964 839 1020 878 jus
1037 844 1136 879 eaput
1154 845 1239 870 esset
1256 839 1332 869 urbs
1352 840 1504 876 Sunium,
1519 843 1554 869 et
1573 837 1628 878 qui
1651 839 1693 869 ab

970 891 1009 910 eo
1024 881 1144 921 oppido
1166 881 1399 922 appellaretur.
1444 881 1497 912 Sic
1519 891 1552 911 se
1575 880 1693 911 dixisse

971 924 1005 953 in
1023 924 1193 954 Piroeeum
1210 933 1353 964 pagum,
1367 926 1538 964 populum,
1555 932 1623 953 non
1639 931 1693 962 op-

964 966 1084 1005 pidum
1100 967 1219 1006 ipsum.
1265 967 1317 997 Sic
1333 965 1508 1006 capiendus
1522 970 1571 996 est
1587 965 1692 1002 locus,

971 1018 1068 1047 quem
1095 1018 1154 1039 nec
1181 1009 1194 1039 ὖ
1220 1009 1297 1040 πάνυ
1322 1008 1468 1039 Graevius
1491 1009 1571 1038 satis
1593 1009 1692 1048 cepit.

971 1051 1059 1080 Nam
1092 1053 1198 1082 locum
1231 1052 1374 1092 explicat
1407 1050 1445 1081 de
1476 1051 1556 1088 vieo,
1586 1049 1693 1089 qualis

973 1092 1069 1132 Haga
1081 1093 1282 1124 Batavorum
1298 1105 1307 1131 ;
1334 1103 1409 1133 quae
1422 1092 1571 1123 vocabuli
1586 1093 1631 1122 vis
1645 1091 1693 1122 lo-

971 1145 1047 1165 cum
1068 1135 1122 1167 hic
1147 1146 1213 1166 non
1238 1137 1348 1166 habet.
1391 1135 1479 1166 Nam
1502 1145 1569 1165 non
1589 1135 1694 1174 magis

971 1177 1034 1207 dici
1051 1182 1160 1218 potest
1178 1191 1184 1208 ι
1203 1178 1345 1218 profecti
1358 1187 1472 1208 sumus
1486 1178 1522 1207 in
1536 1177 1692 1216 Hagam,

972 1229 1069 1258 quarn
1085 1221 1119 1250 in
1133 1220 1292 1261 Lipsiam.

1012 1260 1152 1299 διάθεσις,
1181 1273 1304 1300 sensus,
1335 1264 1500 1302 cogitatio,
1530 1273 1591 1304 quo
1622 1263 1695 1302 quis

972 1306 1083 1336 am'mo
1098 1311 1157 1343 est,
1173 1306 1213 1336 ad
1229 1308 1302 1337 Att.
1317 1306 1381 1336 xiv.
1396 1309 1426 1336 3.

1013 1345 1163 1388 διάλογος,
1176 1349 1338 1388 dialogus,
1351 1348 1556 1388 colloquium,
1569 1348 1611 1379 ad
1621 1348 1693 1380 Att.

971 1398 1001 1419 v.
1018 1394 1047 1422 5.
1064 1402 1115 1422 xv·
1135 1393 1182 1422 13.

994 1433 1154 1478 βαίςεσις,
1182 1434 1307 1471 divisio,
1330 1433 1526 1472 distributio,
1549 1432 1590 1466 ad
1616 1434 1690 1465 Att.

971 1483 1013 1503 vi.
1035 1481 1060 1508 ι,

1013 1520 1188 1554 διανοητικαὶ
1203 1517 1374 1560 φαντασίαι,
1385 1519 1606 1558 intelligibiles
1616 1519 1692 1549 visi-

971 1574 1057 1600 oneS,
1068 1565 1138 1594 visa
1150 1572 1263 1593 rerum
1277 1562 1535 1600 intelligibilium
1546 1571 1610 1592 non
1621 1571 1692 1592 sen-

970 1607 1127 1639 sibilium.
1149 1605 1189 1636 ad
1205 1605 1281 1636 Div.
1300 1615 1351 1635 xv.
1377 1604 1426 1634 16.
1441 1603 1504 1634 vid.
1521 1604 1604 1634 infra
1622 1611 1694 1645 φιν.

972 1649 1075 1683 racia.

1010 1690 1162 1735 διαρῥῆἷην,
1181 1693 1307 1730 aperte,
1328 1688 1456 1719 diserte.
1478 1688 1519 1720 ad
1534 1689 1612 1721 Div.
1625 1691 1693 1722 xvi.

969 1740 1022 1768 21.

1011 1777 1143 1820 διάρῤοια,
1159 1776 1226 1807 alvi
1239 1773 1457 1816 prcfiuvium,
1474 1774 1516 1806 ad
1534 1774 1613 1807 Div.
1636 1776 1690 1806 vii.

970 1822 1022 1855 526.

1012 1863 1058 1894 διὰ
1079 1860 1212 1901 σημείων,
1228 1870 1288 1900 per
1302 1864 1407 1896 notas,
1422 1860 1526 1898 siglas
1541 1861 1691 1893 scribere.

972 1907 1012 1938 ad
1026 1908 1097 1937 Att.
1113 1905 1180 1934 xiii.
1196 1906 1248 1935 32.

1013 1947 1167 1991 διατροπὴ,
1182 1945 1338 1987 iufamia,
1349 1945 1496 1983 dedecus,
1509 1946 1550 1977 ad
1562 1947 1635 1978 Att.
1646 1947 1691 1977 ix.

1014 2034 1161 2074 διάφασις,
1172 2035 1372 2073 prometur,
1387 2030 1429 2061 ad
1441 2032 1514 2063 Att.
1529 2032 1560 2062 ii.
1575 2034 1605 2062 3.

1011 2077 1185 2120 διαφόρησις,
1212 2080 1262 2105 est
1291 2073 1487 2104 vocabulum
1515 2073 1693 2111 medicum,

970 2121 1055 2160 quod
1069 2119 1235 2159 significat
1246 2117 1564 2154 ty-ansspz'rationem,
1575 2117 1693 2156 quoefit

965 2173 1029 2204 per
1049 2164 1214 2198 sudorem,
1234 2159 1321 2190 unde
1343 2157 1536 2201 διαφορηᾳικαὶ
1559 2159 1691 2198 ἰάματα,

972 2206 1211 2237 medicamenta
1239 2202 1285 2232 ad
1306 2201 1456 2232 sudorem
1483 2201 1691 2243 efficiendum

971 2247 1215 2278 accommodata
1247 2248 1279 2274 et
1313 2248 1519 2284 comparata.
1577 2244 1692 2283 Neque

971 2291 1077 2328 video,
1096 2288 1176 2329 quid
1201 2295 1309 2318 causae
1330 2286 1385 2323 sit,
1414 2296 1527 2324 quare,
1551 2296 1627 2316 cum
1652 2285 1692 2316 de

973 2332 1147 2363 imbecillae
1173 2328 1369 2361 valetudinis
1403 2327 1537 2360 homine
1567 2328 1692 2359 Tirone

971 2384 1077 2409 serino
1096 2375 1151 2410 sit,
1168 2372 1221 2403 cui
1240 2370 1400 2414 διαφέρησις
1424 2371 1583 2411 profuisse
1604 2370 1691 2401 dica-

971 2422 1040 2453 tur,
1054 2418 1089 2446 in
1106 2416 1167 2446 hac
1190 2414 1430 2454 significatione
1445 2413 1533 2444 verbi
1549 2413 1693 2451 acquies-

971 2469 1043 2490 cere
1061 2458 1217 2494 nolimus,
1231 2460 1265 2487 et
1279 2466 1355 2487 cum
1371 2456 1408 2486 P.
1423 2455 1577 2486 Manutio
1590 2455 1693 2485 inter-

971 2501 1106 2542 pretari,
1119 2500 1356 2530 relarationem
1367 2499 1485 2535 animi,
1497 2507 1570 2537 quae
1582 2497 1693 2537 potius

971 2544 1075 2575 altero
1091 2543 1148 2573 illo
1163 2541 1346 2577 indicatur:
1370 2541 1397 2570 si
1411 2550 1485 2570 vero
1497 2541 1599 2571 etiam
1611 2539 1693 2570 Tus-

970 2588 1128 2616 culanum
1141 2583 1281 2624 profuit.
1304 2582 1346 2614 ad
1360 2582 1437 2612 Div.
1452 2583 1515 2612 xvi.
1532 2585 1580 2613 18.

1013 2627 1141 2668 δίζαφον,
1158 2628 1204 2657 bis
1218 2627 1323 2656 tincta
1336 2634 1507 2665 purpura,
1522 2624 1619 2656 vectis
1632 2633 1693 2655 au-

968 2672 1114 2709 gumtis,
1129 2669 1169 2701 ad
1184 2669 1260 2699 Div.
1279 2668 1312 2698 ii.
1331 2667 1380 2698 16.
1396 2666 1437 2697 ad
1450 2666 1522 2698 Att.
1539 2667 1572 2697 ii.
1590 2671 1622 2700 9.
1644 2667 1694 2697 ita

970 2713 1104 2749 dicitur,
1120 2712 1200 2751 quia
1221 2711 1327 2750 primo
1349 2719 1459 2743 cocc0‚
1479 2707 1595 2739 deinde
1617 2719 1695 2747 pur-

972 2767 1054 2795 pura
1062 2755 1263 2794 tingebatur.
1300 2752 1429 2783 Ruben.
1443 2750 1482 2781 de
1496 2751 1580 2782 Lato
1591 2751 1694 2781 Clavo

972 2798 1008 2829 ii.
1027 2801 1079 2829 14.
1536 2801 1539 2803 ’

1013 2838 1204 2890 balaenam,
1228 2838 1388 2873 doctrina,
1408 2838 1468 2868 loce·
1483 2836 1694 2876 philosophici
