1920 3196
284 157 366 202 374

293 254 348 294 qui
367 264 407 284 ex
421 263 511 284 more
526 253 638 291 alicui,
651 252 843 291 salutando,
857 265 1033 285 oecurren-

294 299 350 335 do,
375 297 583 334 deducendo,
608 298 767 327 sectando
789 300 850 327 ὄις.
878 299 1033 329 habetur.

295 342 430 373 Muren.
458 344 510 371 33.
535 341 758 379 frequentiam
787 341 820 371 in
848 342 911 371 isto
934 342 1035 382 ffcz‘o

299 386 370 425 (up.
387 385 517 415 obviam
534 384 648 420 eundi]
666 385 962 423 gratuitam—non
979 386 1034 415 de-

295 429 410 459 fuisse.
426 428 504 457 ibid.
523 430 574 458 34.
600 427 666 457 noli
683 428 788 466 igitur
803 429 928 468 eripere
946 429 1034 458 hunc

296 472 444 502 inferiori
483 471 596 510 generi
634 471 808 501 hominum
840 471 936 511 officii
966 473 1035 502 fru-

297 521 413 545 ctum:
440 514 472 546 h.
497 524 525 543 e.
550 514 771 554 voluptatem,
789 525 887 554 quam
913 526 951 545 ex
973 516 1036 545 hoc

296 558 398 600 offi'cio
415 558 604 598 przrstando
621 558 771 597 capiunt.
795 558 843 588 Ab
861 559 922 588 hoc
935 568 1036 598 gene-

296 612 330 632 re
347 601 443 642 officii
460 601 628 631 interdum
646 602 769 631 dicitur

346 645 522 686 Officiosus.
540 644 619 674 ibid.
638 644 695 674 illa
710 645 947 685 officiosissima,
964 656 1037 684 quae

299 690 470 719 neminem
487 689 616 728 patitur
633 698 698 717 non
716 688 854 718 homste
871 689 905 718 in
923 691 1037 719 urbem

300 733 453 769 introire,
465 732 716 761 candidatorum
731 733 832 762 natio.
855 732 873 750 ²*
884 732 976 762 dolor
992 732 1039 772 of-

294 776 433 816 ficiosus
457 775 557 805 Tusc.
575 775 620 805 iii.
637 777 688 806 ⁶28.
713 785 811 814 quem
830 777 929 806 officii
954 777 1039 806 ratio

301 820 460 859 postulat.
485 818 556 848 Mil.
575 822 604 850 5.
628 818 754 859 officiosi
771 819 908 849 labores.

346 861 538 902 Offimdeoe,
566 863 718 899 obruere,
745 863 931 893 obscurare.
964 863 1034 893 Fin.

297 906 344 936 iii.
367 910 415 937 14.
443 903 630 945 offunditur
652 905 725 935 luce
749 906 826 936 solis
850 907 963 936 lumen
988 907 1038 937 lu-

299 960 418 980 cernae.
443 950 461 968 ²*
474 949 624 979 Marcell.
641 952 672 979 4.
689 951 840 979 omnium
861 950 1036 980 Marcello-

295 1003 371 1024 rum
390 993 551 1023 memoria
567 999 682 1032 pectus
699 1003 810 1023 meum
828 992 956 1034 offudit.
982 995 1038 1024 Vi-

300 1037 400 1067 detur
424 1047 493 1066 esse
521 1046 677 1066 converse
705 1036 833 1067 dictum
860 1048 939 1077 pro:
965 1048 1036 1068 om-

301 1081 395 1111 nium
427 1080 473 1109 M.
504 1081 665 1110 memoria
690 1081 817 1119 pectori
844 1079 950 1120 offusa
975 1087 1037 1112 est.

301 1124 368 1154 vid.
393 1124 498 1153 Graev.
528 1128 586 1153 aut
609 1121 727 1163 offudit
754 1125 881 1154 dictum
905 1130 955 1156 est
978 1136 1037 1165 pro

298 1167 463 1203 confudit,
480 1167 567 1205 quod
591 1174 641 1196 est
664 1168 803 1198 tristitia
825 1170 947 1207 affecit,
973 1170 1035 1199 im-

297 1211 414 1251 plevit,
433 1215 470 1240 ut
486 1221 536 1250 ap.
555 1211 626 1240 Liv.
642 1211 705 1241 xlv.
724 1213 777 1241 4⁶2.
796 1212 845 1241 vel
862 1214 1033 1252 perturba-

297 1255 358 1292 vit,
377 1260 415 1284 ut
431 1264 483 1293 ap.
501 1255 640 1284 Sueton.
659 1255 742 1284 Caes.
759 1259 790 1288 7.
805 1256 855 1286 De
874 1257 972 1287 verbo
986 1259 1033 1296 ip·

298 1307 334 1328 so
352 1298 433 1327 adde
453 1297 568 1327 Heius.
587 1298 627 1327 ad
643 1298 752 1328 Valer.
773 1299 878 1329 Flacc.
896 1302 939 1330 ἰν.
956 1303 1031 1331 489.

346 1341 449 1371 Olere.
467 1342 562 1371 Rosc.
581 1342 616 1371 C.
634 1345 663 1375 T.
682 1342 859 1381 supercilia
870 1346 953 1374 olere
965 1354 1035 1374 ma-

297 1384 404 1415 litiam
430 1390 463 1415 et
487 1385 657 1414 clamitare
682 1385 898 1417 calliditatem
924 1388 1037 1418 viden-

297 1433 366 1458 tur.
391 1429 470 1458 Nat.
495 1429 537 1458 D.
564 1429 584 1458 i.
609 1429 661 1458 ⁶26.
686 1429 850 1468 Epicurus
875 1431 959 1462 nihil
976 1434 1035 1462 olet

299 1481 339 1502 ex
357 1472 549 1507 Academia,
568 1472 649 1501 nihil
665 1482 703 1502 ex
720 1473 841 1512 Lyceo.

347 1515 472 1546 Oleum.
502 1516 572 1545 Att.
600 1516 633 1546 ii.
663 1519 711 1550 17.
743 1527 842 1556 opera
869 1521 903 1547 et
929 1519 1035 1547 oleum.

299 1565 420 1589 nostrae
437 1558 626 1599 philologia?
652 1560 784 1599 periret.
810 1562 827 1578 ’ἒ
841 1562 1036 1591 exercitatio

296 1603 498 1633 umbratilis.
523 1604 580 1632 Or.
596 1604 616 1633 i.
641 1606 689 1633 18.
706 1604 850 1634 nitidum
870 1605 1033 1644 quoddam

302 1656 406 1685 genus
429 1652 479 1676 est
501 1647 675 1676 verborum
692 1653 725 1675 et
742 1647 857 1677 laetum
874 1661 880 1677 z
906 1649 963 1679 sed
979 1659 1035 1688 pa-

299 1690 420 1720 laestra‘
438 1691 541 1729 mag-is
558 1696 593 1720 et
612 1692 681 1728 olei,
701 1701 799 1730 quam
818 1692 915 1729 hujus
933 1693 1036 1722 civilis

298 1734 406 1764 turba·
424 1744 460 1764 ac
477 1734 549 1763 sori.

349 1777 448 1814 Olim,
461 1777 500 1807 de
515 1777 642 1807 futuro.
660 1777 730 1808 Att.
748 1789 777 1807 v.
795 1781 847 1809 521.
865 1779 944 1818 quid
961 1781 1036 1809 olim

301 1820 381 1851 mali
397 1822 433 1850 C.
446 1821 557 1851 Julius
570 1820 697 1851 fecerit.
711 1833 740 1851 v,
753 1822 901 1852 Graevius
915 1823 956 1853 ad
970 1823 1002 1853 h.
1015 1823 1038 1853 l.

347 1863 462 1901 Omen,
479 1865 611 1904 proprie
637 1865 713 1903 quid
740 1866 795 1901 sit,
813 1866 852 1896 de
869 1876 907 1896 co
925 1872 975 1897 est
991 1866 1038 1896 lo-

300 1918 358 1938 cus
384 1907 538 1938 classicus
564 1909 640 1938 Div.
659 1909 679 1938 i.
696 1912 752 1946 45,
768 1910 820 1939 46.
845 1910 968 1940 dicitur
990 1916 1039 1940 ta-

302 1961 380 1981 men
403 1952 505 1981 etiam
531 1951 571 1981 de
596 1951 667 1981 aliis
691 1954 857 1992 auspiciis,
882 1954 960 1984 ibid.
984 1957 1037 1989 47.

300 1996 347 2024 sic
358 1995 476 2034 aquilae
490 1995 617 2025 clarum
632 1996 776 2025 firmavit
788 1996 923 2036 Jupiter
935 2008 1037 2028 omen.

300 2039 354 2068 De
381 2039 518 2069 somniis
546 2042 596 2068 est
621 2039 710 2078 apud
735 2039 860 2070 Tibull.
884 2042 930 2071 iii.
952 2045 984 2072 4.
1008 2046 1038 2075 9.

299 2082 360 2112 ubi
387 2093 417 2111 v.
444 2082 594 2113 Broukh.
624 2082 790 2113 *cluens
816 2087 845 2114 5.
872 2087 979 2115 omina
1003 2086 1036 2116 in

301 2127 427 2165 nuptiis
457 2132 774 2156 commemorantur.
822 2127 918 2158 Unde
950 2129 1038 2169 apud

299 2168 417 2208 Virgil.
435 2170 511 2199 AEu.
530 2170 550 2199 i.
567 2170 641 2201 346.
673 2172 781 2201 omina
797 2172 905 2211 prima
921 2172 960 2202 de
976 2182 1038 2203 nu-

300 2213 378 2253 ptiis
396 2213 522 2252 primis.

349 2256 499 2293 Omnino,
528 2266 674 2297 prorsus,
699 2257 809 2297 plane.
848 2259 919 2289 Fin.
946 2270 976 2289 V.
1008 2263 1038 2291 8.

298 2303 367 2329 tres
379 2302 505 2330 omnino
519 2300 668 2330 fuerunt.
688 2303 823 2341 praecise
840 2302 930 2342 drey,
944 2303 1040 2334 nicht

301 2343 397 2373 mehr
428 2344 498 2373 und
528 2344 623 2373 nicht
648 2346 804 2384 weniger.
834 2345 909 2376 Div.
935 2347 956 2376 i.
985 2351 1036 2382 39.

300 2388 373 2416 fieri
389 2389 516 2418 omnino
534 2397 646 2426 neges
679 2388 781 2418 Tusc.
799 2390 832 2418 ii.
854 2393 879 2419 1.
911 2392 1039 2421 omnino

298 2430 523 2471 philosophari
542 2430 630 2460 haud
647 2431 766 2470 placet.
790 2433 951 2463 *disertis
968 2444 1040 2464 ver-

299 2474 361 2504 bis.
388 2474 488 2504 Tusc.
514 2485 544 2504 v.
572 2479 603 2508 9.
636 2484 703 2504 uon
731 2486 870 2514 usquam
899 2477 931 2506 id
957 2478 1039 2508 dicit

297 2519 439 2554 omnino,
468 2518 538 2555 sed,
567 2527 640 2556 quae
669 2518 763 2556 dicit,
794 2519 881 2549 idem
914 2521 1039 2553 valent.

296 2561 315 2579 ³*
328 2562 363 2591 in
397 2571 530 2600 genere,
562 2562 597 2590 in
629 2563 833 2593 uuiversum.
873 2564 953 2594 Lael.
987 2567 1039 2596 21.

297 2607 427 2635 omnino
450 2607 601 2634 omnium
626 2605 742 2635 eadem
760 2609 870 2636 cautio
888 2614 948 2637 est.
972 2609 1037 2639 Off.

297 2649 318 2678 i.
344 2651 395 2679 25.
421 2650 560 2685 omnino,
577 2649 632 2686 qui
656 2649 737 2689 reip.
754 2650 928 2689 praefuturi
945 2657 1037 2690 sunt,

297 2691 363 2722 duo
388 2696 556 2732 praecepta
580 2691 726 2722 Platonis
751 2698 901 2724 teneant.
926 2695 967 2725 cf.
993 2696 1037 2726 ib.

296 2738 350 2766 33.
376 2736 410 2765 in
427 2735 541 2766 Caecil.
557 2739 587 2766 4.
616 2736 703 2774 quod
720 2738 847 2767 omnino
862 2738 1038 2769 Marcello-

295 2789 369 2809 rum
388 2780 516 2808 nomini
533 2783 607 2808 tota
622 2779 679 2808 illa
695 2781 866 2818 provincia
879 2781 1038 2821 adjuncta

296 2828 358 2852 est.
371 2821 459 2852 corf.
477 2822 577 2851 Acad.
589 2823 670 2853 ivffi.
682 2822 875 2855 Tusc.i.‘25.
892 2824 1033 2857 Lae1.⁶2:3.

345 2865 466 2896 Omnis.
491 2866 534 2896 N.
551 2866 592 2896 D.
612 2866 633 2896 i.
651 2867 703 2900 27.
727 2877 797 2896 rem
822 2867 915 2898 nullo
939 2870 1037 2899 inodo

293 2909 500 2949 probabilem
525 2910 682 2942 omnium.
707 2910 816 2942 simile
843 2918 894 2943 est
919 2912 1036 2945 formae

292 2953 434 2984 minime
451 2953 616 2984 omnium.

795 167 942 195 INDEX
973 165 1270 197 LA'HNITATIS.

1124 255 1351 292 Onchesmites,
1378 257 1496 285 ventus
1533 264 1553 285 a
1589 258 1686 295 portu
1718 253 1811 295 Epiri

1081 299 1254 329 Onchesmo
1269 299 1396 338 spirans
1412 308 1524 328 versus
1537 298 1680 329 Italiam.
1698 308 1726 326 v.
1740 298 1813 328 Att.

1077 343 1132 371 vii.
1151 346 1181 372 ΞΖ.
1212 348 1246 372 et
1262 342 1305 372 ibi
1324 341 1540 382 Interpretes.
1573 342 1718 382 Quidam
1736 341 1810 372 libri

1078 385 1203 415 habent
1227 385 1479 416 Anchesmites:
1505 386 1544 415 de
1572 396 1637 425 quo
1660 385 1724 414 vid.
1749 385 1812 415 Ca-

1077 429 1169 458 saub.
1193 429 1234 459 ad
1248 429 1385 469 Dionys.
1407 429 1517 459 Halic.
1535 430 1556 459 l.
1574 430 1595 460 i.
1614 440 1645 470 p.
1661 430 1735 460 332.
1759 428 1812 460 ed.

1080 472 1186 502 Huds.

1128 516 1226 546 Onus.
1251 515 1328 554 Agr.
1355 516 1388 546 ii.
1414 517 1467 546 26.
1495 515 1638 545 Sullanis
1665 515 1813 545 oneribus

1081 560 1200 597 gravis,
1228 559 1362 595 dia-itur,
1387 560 1443 598 qui
1470 569 1487 587 e
1516 559 1812 598 proscriptionibus

1080 603 1223 632 Sullanis
1248 603 1466 642 possessiones
1490 602 1603 639 habet,
1619 606 1653 632 et
1676 602 1753 631 inde
1776 602 1812 632 in

1080 647 1204 676 invidia
1219 652 1281 676 est.

1127 690 1244 730 Opera.
1267 691 1374 730 primo
1391 689 1539 719 notanda
1554 688 1812 718 constructionis

1080 734 1220 763 vari-tas
1245 734 1277 763 iu
1294 733 1437 763 formula
1452 742 1579 773 operam
1597 732 1685 762 dare.
1711 731 1812 763 Tusc.

1079 778 1099 806 i.
1131 780 1160 807 4.
1192 778 1225 806 in
1256 787 1354 816 quam
1385 777 1655 807 exercitationem
1682 785 1814 815 operam

1078 820 1241 850 dedimus
1271 822 1328 851 Or.
1361 821 1395 850 ii.
1428 822 1480 850 28.
1510 829 1639 858 operam
1666 819 1743 849 dare
1771 819 1813 850 ad

1079 864 1293 894 audiendum.
1319 863 1438 894 deinde
1466 863 1513 892 vis
1539 863 1609 900 ejus
1636 862 1813 902 multiplex

1078 912 1140 938 est.
1164 908 1255 938 Verr.
1272 908 1305 937 ii.
1322 910 1374 941 529.
1405 917 1533 946 operam
1552 906 1627 936 dare
1640 906 1738 945 jubet
1754 906 1814 936 Pe-

1077 951 1204 989 tilium,
1229 951 1316 990 quod
1343 952 1390 981 rei
1415 951 1550 991 privatae
1570 949 1675 989 judex
1703 954 1811 979 esset:

1079 1005 1137 1035 pro
1169 995 1298 1035 judicio
1336 996 1494 1025 interesse
1528 998 1562 1023 et
1604 1003 1813 1032 cognoscere.

1079 1039 1147 1069 Att.
1180 1040 1235 1069 xii.
1273 1043 1324 1070 50.
1370 1048 1498 1078 operam
1537 1037 1614 1066 dare
1651 1037 1814 1075 auctioni,

1079 1092 1136 1122 pro
1164 1083 1322 1112 iuteresse
1351 1083 1410 1112 &c.
1450 1084 1468 1102 ²*
1486 1081 1617 1111 videtur
1643 1091 1700 1120 pro
1727 1086 1814 1110 tem-

1079 1137 1170 1165 pore,
1202 1137 1301 1165 quam
1333 1136 1427 1166 opera
1465 1124 1615 1163 requirit,
1647 1124 1733 1154 sumi
1771 1123 1813 1154 ad

1078 1171 1153 1200 Div.
1180 1171 1242 1200 xvi.
1266 1172 1317 1201 ⁶21.
1342 1170 1486 1199 multum
1503 1177 1604 1208 operoe
1620 1167 1700 1197 mihi
1716 1168 1816 1208 eripi-

1077 1219 1134 1243 tur
1165 1214 1198 1244 in
1226 1213 1447 1243 exscribendis
1474 1212 1753 1252 hypomnematis.
1781 1220 1813 1241 v.

1079 1257 1184 1287 GraeV.
1218 1258 1258 1287 ad
1290 1257 1322 1287 h.
1353 1257 1376 1287 l.
1409 1256 1519 1286 *item
1550 1265 1608 1295 pro
1639 1255 1815 1285 industria.

1079 1301 1167 1331 Mur.
1190 1305 1236 1335 17.
1259 1302 1299 1341 Ω.
1317 1301 1368 1331 Fr.
1386 1301 1430 1330 iii.
1446 1303 1477 1330 4.
1501 1300 1593 1329 deest
1609 1298 1689 1328 mihi
1706 1309 1814 1339 opera.

1076 1355 1121 1375 sc.
1138 1345 1179 1375 ad
1194 1355 1307 1374 versus
1323 1343 1563 1374 exscribendos.

1126 1389 1237 1429 Operoe
1249 1389 1408 1418 (licuntur
1421 1392 1455 1417 et
1465 1387 1504 1416 de
1517 1387 1587 1426 ipso
1600 1385 1720 1415 labore.
1735 1385 1813 1416 Mu-

1079 1443 1148 1463 reu.
1165 1437 1195 1466 9.
1227 1432 1431 1462 assiduitatis
1454 1435 1489 1460 et
1503 1431 1621 1460 harum
1637 1439 1813 1470 operarum

1079 1476 1348 1516 quotidianarum
1369 1477 1438 1515 (np.
1456 1475 1490 1505 in
1507 1474 1612 1503 causis
1629 1473 1764 1512 agendis
1778 1477 1813 1503 et

1077 1520 1306 1560 respondendo
1322 1517 1461 1558 dejure)
1479 1522 1578 1557 putat
1601 1527 1670 1547 esse
1694 1526 1814 1546 consu-

1077 1563 1184 1594 latum
1202 1576 1207 1593 :
1233 1568 1267 1593 et
1285 1564 1323 1593 de
1347 1564 1399 1600 iis,
1416 1571 1555 1601 quorum
1574 1570 1671 1600 opera
1686 1561 1815 1591 utimur

1078 1609 1112 1637 in
1140 1607 1329 1637 laborando.
1355 1607 1396 1637 ad
1422 1607 1497 1637 Div.
1524 1605 1593 1634 xiii.
1620 1609 1650 1639 9.
1682 1614 1752 1634 esse
1778 1604 1812 1634 in

1078 1653 1180 1690 aperis
1195 1651 1374 1681 societatis.
1399 1652 1469 1680 Att.
1486 1650 1508 1679 i.
1530 1652 1576 1679 13.
1600 1657 1700 1688 operte
1723 1657 1814 1677 com-

1081 1702 1252 1734 parantur.
1278 1695 1365 1725 conf.
1388 1695 1482 1725 verr.
1506 1694 1527 1722 i.
1551 1693 1602 1723 56.
1629 1692 1736 1722 Flacc.
1759 1694 1814 1722 38.

1081 1740 1170 1769 Sext.
1195 1741 1246 1773 ⁶27.
1281 1740 1340 1768 &c.
1364 1747 1474 1778 operas
1498 1737 1589 1773 dare,
1609 1737 1628 1766 i.
1646 1746 1674 1765 c.
1691 1735 1811 1765 locare.

1081 1783 1196 1812 Parad.
1210 1783 1251 1812 vi.
1261 1784 1292 1813 ⁶2.
1306 1783 1340 1812 in
1352 1792 1464 1822 operas
1478 1781 1621 1811 mittere.
1636 1779 1749 1809 Plane.
1763 1782 1813 1813 19.

1130 1826 1321 1866 Operarius,
1350 1826 1406 1865 qui
1432 1825 1585 1855 manibus
1612 1833 1693 1863 opus
1718 1823 1815 1859 facit,

1080 1870 1314 1909 abjectumque
1331 1870 1411 1900 adeo
1426 1869 1603 1899 hominum
1621 1877 1736 1906 genus.
1759 1866 1814 1896 Sic

1079 1913 1175 1944 Rosc.
1198 1914 1236 1944 A.
1253 1917 1305 1944 41.
1329 1913 1481 1943 homines
1496 1912 1635 1951 operarii
1652 1921 1690 1940 ex
1716 1910 1815 1939 ‹lisci-

1079 1958 1172 1996 plina
1188 1957 1428 1996 patrisfamiliae
1445 1957 1617 1987 rusticani.
1638 1953 1756 1984 deinde
1773 1953 1813 1984 de

1077 2001 1116 2030 iis
1133 2001 1267 2038 dicitur,
1286 2001 1341 2040 qui
1359 2009 1592 2040 quamcunque
1609 2003 1728 2035 artem,
1746 2007 1814 2028 non

1078 2045 1220 2082 erudite,
1238 2054 1304 2074 non
1331 2045 1385 2074 via
1407 2049 1440 2074 et
1464 2044 1590 2074 ratione
1614 2042 1814 2079 didicerunt,

1078 2088 1135 2118 sed
1158 2094 1196 2118 ut
1215 2089 1384 2128 opificium
1403 2087 1568 2127 quoddam
1591 2090 1751 2116 tractant.
1766 2086 1815 2116 sic

1079 2132 1203 2162 rabulae
1216 2132 1374 2164 dicuutur
1385 2132 1535 2172 operarii,
1545 2131 1602 2161 Or.
1616 2131 1637 2160 i.
1655 2133 1701 2160 18.
1717 2130 1813 2160 Brut.

1080 2177 1132 2207 86.

1129 2218 1298 2259 opertum,
1316 2219 1466 2259 adytum,
1483 2218 1588 2255 locus,
1605 2227 1704 2256 quem
1723 2217 1814 2247 adire

1080 2263 1183 2294 nefas.
1220 2263 1334 2293 Parad.
1366 2264 1406 2292 iv.
1442 2262 1576 2292 Clodius
1604 2262 1638 2291 in
1669 2265 1814 2300 opertum

1079 2306 1181 2337 Bonae
1204 2307 1285 2337 Deae
1309 2307 1459 2337 accessit.
1482 2306 1561 2335 ibid.
1579 2313 1613 2335 et
1629 2305 1761 2343 quidem
1780 2304 1815 2334 in

1079 2355 1183 2390 operto
1205 2351 1310 2381 fuisti.
1334 2349 1500 2380 *oracula
1526 2359 1564 2379 ex
1590 2349 1688 2387 adyto
1712 2348 1814 2378 edita.

1079 2394 1155 2424 Div.
1181 2395 1202 2424 i.
1221 2398 1271 2425 50.
1297 2405 1362 2433 quo
1378 2404 1395 2423 e
1412 2403 1531 2431 genere
1547 2392 1709 2432 Apollinis
1724 2402 1815 2433 oper-

1077 2442 1111 2468 ta
1128 2437 1256 2476 prolata
1270 2442 1360 2468 sunt.
1384 2437 1426 2467 cf.
1444 2438 1477 2467 ii.
1495 2440 1546 2467 55.

1125 2481 1216 2521 Opes,
1234 2482 1363 2522 proprie
1379 2485 1458 2510 sunt
1473 2480 1617 2510 auxilia:
1641 2479 1742 2515 unde,
1758 2488 1816 2518 po-

1076 2525 1140 2554 sito
1170 2535 1290 2563 genere
1322 2535 1380 2565 pro
1410 2525 1532 2564 specie,
1557 2533 1626 2563 opes
1656 2523 1817 2552 dicuntur

1077 2578 1193 2598 omnes
1207 2579 1253 2598 eae
1268 2579 1330 2605 res,
1342 2578 1482 2607 quarum
1494 2568 1617 2597 auxilio
1630 2566 1754 2604 aliquid
1768 2564 1817 2595 ef-

1078 2612 1221 2648 ficimus,
1236 2612 1487 2650 consequimur:
1507 2617 1544 2641 ut
1560 2615 1587 2641 1.
1602 2610 1725 2646 labore,
1738 2618 1817 2649 ope-

1079 2665 1125 2685 ra.
1148 2656 1224 2685 Div.
1242 2656 1275 2685 ii.
1293 2658 1323 2687 52.
1347 2656 1497 2685 omnium
1515 2656 1622 2695 opibus
1644 2652 1816 2683 refrenan-

1079 2698 1120 2728 da
1143 2705 1204 2729 est.
1237 2701 1266 2729 2.
1284 2709 1343 2739 pro
1366 2698 1514 2728 consilio.
1536 2698 1607 2728 Att.
1630 2697 1674 2727 ix.
1703 2697 1752 2728 16.
1776 2698 1816 2726 ut

1078 2743 1145 2772 tuis
1178 2742 1324 2772 consiliis
1353 2747 1387 2772 et
1416 2743 1525 2781 opibus
1551 2747 1637 2772 utar.
1677 2744 1708 2772 3.
1733 2739 1816 2770 divi-

1078 2786 1146 2816 tiis.
1181 2786 1258 2816 ibid.
1284 2787 1328 2816 xi.
1352 2788 1382 2817 52.
1418 2786 1481 2815 ista
1511 2785 1676 2815 hereditas
1704 2792 1815 2813 meam

1080 2829 1180 2858 fidem
1196 2833 1230 2858 et
1247 2829 1368 2860 famam
1385 2830 1473 2858 tueri
1490 2833 1613 2869 potest,
1626 2837 1725 2867 quam
1742 2826 1816 2865 qui—

1079 2872 1154 2902 dem
1186 2873 1352 2912 intelligo,
1378 2873 1482 2902 etiam
1514 2873 1585 2902 sine
1615 2870 1830 2907 hereditate,v

1077 2916 1145 2945 tuis
1160 2917 1317 2955 opibas'te
1333 2916 1549 2946 defensurum
1566 2915 1678 2945 fuisse.
1694 2917 1727 2944 4.
1741 2922 1816 2953 gra-

1077 2959 1137 2991 tia.
1159 2960 1278 3002 Quint.
1296 2962 1327 2992 2.
1342 2970 1411 3002 opes
1427 2969 1502 2991 suas
1515 2958 1668 3001 experiri.
1679 2957 1722 2989 cf.
1738 2966 1768 2988 c.
1787 2959 1817 2988 l.
