1920 3196
667 134 812 164 INDEX
846 131 1143 161 LATINITATIS.

141 226 269 266 perate,
298 227 333 255 ct
361 223 518 255 sublimia
551 222 730 262 magnifice
761 221 881 252 dicere.

140 270 263 300 *Oi-at.
283 269 304 299 i.
320 271 352 300 2.
380 278 419 298 ac
443 277 484 297 ne
507 267 593 297 forte
617 276 694 296 cum
718 265 791 296 aliis
812 271 883 295 stu-

139 313 214 350 diis,
232 321 305 352 quoe
327 310 506 342 reconditis
523 311 558 340 in
574 311 713 345 artibus,
730 314 830 348 atque
847 309 882 338 in

139 356 284 396 quadam
315 357 474 386 varietate
504 354 676 384 literarum
706 357 883 383 versentur

142 400 202 430 διο.
227 399 306 430 ibid.
330 403 361 430 3.
384 399 418 428 in
443 397 653 437 philosophia
675 395 807 427 difficile
831 401 882 426 est

141 452 351 479 enumerare,
372 447 454 480 quot
478 441 552 477 viri,
574 446 702 479 quanta
727 440 880 476 scientia,

139 489 329 526 quantaque
345 487 376 515 in
390 486 458 515 suis
473 484 592 514 studiis
608 485 768 514 varietate
779 488 813 512 et
826 493 881 513 co·-

139 531 195 570 pia
206 529 350 559 fuerint:
367 528 446 559 ibid.
462 528 510 558 iii.
523 530 575 558 21.
593 537 669 557 nam
685 537 792 565 neque
808 527 879 556 sine

139 573 325 604 forensibus
342 572 451 602 nervis
467 572 547 602 satis
563 571 742 601 vehemens
760 575 793 601 et
805 579 879 609 gra-

139 617 199 654 vis,
211 626 272 646 nec
285 617 355 646 sine
363 616 524 646 varietale
534 615 694 645 doctrinae
704 615 784 644 satis
797 613 879 654 poli-

140 667 195 690 tus
212 667 246 690 et
258 660 389 699 sapiens
401 664 512 689 orator
524 668 593 688 csse
612 662 732 698 potest.
748 657 878 696 Nempe

137 704 232 744 copia
240 703 412 735 literarum
419 703 704 739 varietasdicitur,
712 702 791 740 quia
799 712 816 730 e
825 711 878 730 va-

138 748 194 778 riis
219 747 345 777 artibus
371 747 562 777 liberalibus
583 747 702 776 oritur.
740 745 877 775 Crassus

137 796 304 821 oratorem
324 792 467 829 negabat
482 800 552 820 esse
565 789 750 830 perfectum
769 798 877 828 posse,

139 835 202 865 nisi
226 835 283 874 qui
307 835 462 864 omnibus
486 834 612 864 artibus
633 837 666 862 et
681 833 787 863 literis
804 842 878 862 eru-

138 878 228 908 ditus
252 878 308 908 sit.
332 877 604 914 *inconstantiffi
621 876 813 907 infidelitas.
837 875 879 905 ad

138 922 214 952 Div.
238 932 270 951 x.
290 924 338 952 18.
372 930 437 951 non
459 921 563 951 ullam
588 930 659 950 reni
678 920 778 950 aliam
795 919 879 949 exti-

137 974 302 1002 mescens,
322 974 421 1003 quam
446 965 587 994 eandem
610 965 805 994 varietatem
827 968 879 993 at-

116 1029 118 1031 *
136 1018 201 1047 que
223 1008 460 1038 infidelitatem
485 1008 664 1038 exercitus.
690 1008 709 1026 ’ἓ
722 1007 815 1037 Verr.
830 1007 877 1036 iii.

136 1056 167 1082 3.
192 1054 336 1082 varietas
358 1051 588 1082 decretorum:
614 1061 691 1081 cum
707 1051 742 1081 in
759 1050 878 1080 iisdem

136 1096 243 1126 causis
259 1105 326 1126 non
346 1094 434 1125 idem
452 1095 656 1124 decernitur.
685 1095 703 1112 ᾖ
717 1096 806 1125 Sext.
824 1097 877 1125 34.

135 1140 207 1170 sine
230 1138 300 1169 ulla
321 1141 480 1169 varietate
495 1139 649 1169 discessio
667 1143 731 1176 est,
749 1148 826 1168 cum
842 1138 877 1168 in

137 1182 277 1213 eandem
287 1192 402 1213 omues
410 1182 548 1212 omnino
555 1184 760 1212 sententiam
772 1182 877 1212 disce-

135 1226 232 1257 dunt.
249 1226 291 1256 cf.
308 1226 508 1256 Cati1.i·1i.6.
534 1225 703 1257 *Dom.5.
727 1226 878 1255 frumen-

134 1276 209 1300 tum
226 1270 261 1300 in
273 1269 354 1300 alias
368 1273 487 1306 terras,
499 1270 610 1306 credo,
620 1274 757 1310 propter
770 1271 877 1299 varie-

136 1317 237 1345 tatem
247 1313 460 1343 venditorum
475 1314 646 1343 miserant.
659 1314 808 1344 Graevius
819 1322 877 1343 ne-

137 1357 295 1397 gat,quid
307 1357 502 1387 sitvarietas
515 1357 740 1394 venditorum,
750 1357 876 1387 intelli-

135 1401 167 1441 gi
177 1411 283 1441 posse.
296 1400 413 1440 Itaque
421 1404 518 1430 acute
525 1401 715 1440 suspicatur
724 1413 730 1431 z
742 1405 878 1441 propter

134 1445 309 1475 avaritiam
325 1444 551 1482 venditorum,
568 1454 702 1485 nempe,
717 1449 757 1474 ut
772 1444 876 1485 pluris

134 1489 320 1519 venderent
341 1488 562 1518 frumentum.
586 1498 661 1527 quae
684 1488 753 1518 fere
777 1498 878 1518 causa

133 1537 198 1570 est,
216 1541 319 1571 quare
343 1531 499 1562 aliorsum
525 1532 641 1562 rustici
666 1532 876 1562 frumentum

134 1575 269 1606 vehant.
304 1575 391 1606 Mihi
414 1575 588 1605 videbatur
610 1575 803 1615 aliquando,
820 1585 876 1606 va-

133 1621 235 1650 rietus
257 1619 468 1649 venditorum
485 1629 555 1649 esse
572 1618 745 1650 diversitas
762 1620 876 1660 pretii,

135 1673 236 1702 quam
274 1662 445 1693 frumento
483 1668 642 1694 statuunt
675 1663 876 1700 venditores,

135 1717 214 1737 cum
237 1706 294 1736 alii
320 1706 467 1745 majoris,
491 1706 546 1737 alii
574 1707 712 1737 minoris
733 1707 876 1736 vendere

134 1751 265 1788 volunt,
289 1759 431 1789 eamque
453 1749 494 1779 ob
519 1760 668 1788 causam,
691 1751 724 1781 h.
749 1761 777 1780 e.
801 1760 877 1791 pro-

132 1798 261 1834 pterea,
278 1793 366 1832 quod
388 1794 559 1823 incertum
579 1795 668 1834 apud
684 1804 718 1824 se
735 1800 786 1824 est
803 1804 877 1834 pre-

128 1838 232 1875 tium,
249 1837 407 1867 aliorsum
431 1837 575 1868 mittunt
595 1838 711 1868 rustici
725 1837 877 1868 frumen-

132 1886 221 1919 tum,
239 1881 295 1911 ubi
318 1885 448 1911 certum
473 1882 620 1920 pretium
642 1881 711 1911 fore
728 1886 875 1921 sperant.

132 1924 193 1955 Est
208 1925 419 1965 proverbium
437 1925 524 1964 apurl
540 1924 678 1955 Latinos
691 1925 731 1955 de
743 1925 875 1955 oleariis

133 1969 168 1999 in
191 1968 346 2005 Velabro,
372 1968 428 2007 qui
457 1969 547 1998 inter
569 1979 602 1999 se
627 1980 666 1999 ex
691 1970 876 2008 composito

128 2013 322 2042 consentire
335 2013 370 2042 in
383 2012 490 2051 pretio
506 2012 571 2043 olei
587 2013 753 2050 solebant,
767 2022 875 2051 neque

133 2055 217 2086 alius
242 2055 307 2085 alio
330 2056 465 2094 majoris
490 2059 550 2086 aut
567 2057 706 2086 minoris
722 2056 875 2086 vendere.

131 2100 150 2118 *²
162 2100 306 2130 varietas
322 2108 432 2129 rerum
451 2099 575 2129 dicitur
590 2100 630 2130 de
647 2100 745 2130 rebus
762 2100 876 2130 adver·

131 2143 187 2173 sis.
213 2142 256 2172 ad
271 2143 348 2173 Div.
366 2153 417 2173 xv.
435 2145 466 2176 7.
495 2143 529 2173 iu
548 2144 639 2174 omni
658 2153 769 2174 rerum
786 2153 876 2174 mea-

131 2196 207 2217 rum
236 2187 400 2217 varietate
427 2187 700 2217 amantissimum
727 2188 794 2217 mei
821 2197 876 2217 co-

131 2230 241 2269 gnovi.
279 2229 344 2260 Sed
366 2230 467 2260 Dom.
482 2231 536 2261 36.
564 2241 641 2261 cum
660 2241 679 2261 a
694 2236 746 2261 tot
762 2241 874 2261 rerum

129 2278 227 2304 tanta
242 2275 401 2304 varietate
417 2273 603 2312 divellerer,
619 2279 670 2305 est
687 2285 746 2315 pro
760 2287 766 2305 ε
789 2284 809 2304 a
823 2279 876 2305 tot

131 2327 169 2347 ac
185 2317 291 2347 tantis
305 2322 444 2356 tamque
459 2319 557 2348 variis
575 2319 684 2348 rebus.
711 2318 780 2348 *ad
797 2319 874 2349 Div.

130 2361 172 2391 vi.
185 2363 215 2392 2.
240 2362 274 2391 in
286 2362 447 2391 varietate
462 2361 571 2392 adhuc
584 2368 635 2393 est
650 2367 781 2393 versata
797 2372 875 2392 cau-

129 2414 166 2435 sa
179 2408 251 2435 tua.

175 2448 307 2479 Varius.
331 2447 403 2478 Fin.
419 2448 453 2478 ii.
469 2451 501 2480 3.
525 2448 605 2489 quid
622 2449 755 2490 proprie
771 2449 875 2488 signi-

132 2491 234 2522 ficet?
261 2491 303 2522 cf.
323 2492 477 2522 varietas.
507 2492 602 2523 Verr.
620 2503 648 2523 v.
670 2496 718 2528 19.
751 2502 793 2522 an
811 2493 874 2523 hoc

134 2535 302 2576 probabis,
314 2536 348 2566 in
364 2545 461 2575 aequa
477 2546 577 2567 causa
588 2537 787 2577 populorum
803 2537 874 2566 sine

132 2579 241 2619 pretio
255 2580 387 2610 varium
404 2581 462 2618 jus
478 2584 513 2610 et
527 2580 693 2620 disparem
711 2580 875 2610 conditio-

130 2631 209 2652 nem
237 2622 361 2653 fuisse?
386 2623 464 2663 Agr.
489 2624 524 2654 ii.
549 2626 601 2658 99.
629 2624 795 2654 fructibus
818 2633 875 2654 υα-

131 2667 204 2696 rius
226 2676 324 2706 ager:
349 2667 402 2697 cui
420 2667 603 2707 opponitur
618 2672 711 2697 certa
725 2667 807 2698 fides
823 2677 874 2698 se-

131 2710 231 2749 getiS‚
255 2709 345 2750 apud
374 2709 566 2741 Horatium.
596 2710 749 2741 Varietas
779 2720 875 2749 agro-

132 2763 206 2783 rum
230 2755 340 2784 oritur
361 2763 400 2784 ex
428 2755 592 2785 varietate
615 2758 874 2794 tempestatum,

134 2806 209 2836 quae
225 2801 342 2827 contra
356 2798 391 2827 in
407 2798 580 2829 nonnullis
596 2798 788 2837 regionibus
803 2808 874 2828 cer-

131 2843 176 2871 tae
199 2843 280 2871 sunt
301 2841 351 2872 ita
376 2850 414 2871 ac
441 2841 591 2879 stabiles,
613 2846 654 2872 ut
678 2851 752 2872 raro
776 2841 876 2872 aliter

131 2884 297 2915 accidant.

176 2927 256 2968 Vm,
278 2928 343 2969 dis,
365 2928 473 2967 obses,
492 2928 549 2970 qui
573 2932 670 2960 cavet
692 2926 816 2970 populo
840 2927 874 2959 in

1592 118 1677 160 469

927 231 1029 252 causa
1050 219 1183 260 capitis,
1203 217 1277 258 qdae
1303 226 1424 257 nempe
1446 214 1499 246 vel
1522 216 1668 246 maxime

927 265 968 295 ad
992 264 1153 305 populum
1178 269 1212 292 et
1231 260 1395 302 rempubl.
1418 263 1560 299 spectat,
1576 259 1668 290 unde

926 318 1025 339 causa
1038 307 1171 348 publica
1183 306 1316 336 dicitur.
1329 304 1418 334 conf.
1430 304 1573 333 Gronov.
1586 303 1666 334 Obs.

925 352 959 382 ii.
976 354 1006 383 8.
1038 352 1079 382 ad
1095 350 1191 381 Brut.
1213 353 1260 380 18.
1291 359 1344 379 ine
1361 358 1418 388 pro
1434 346 1666 377 adolescentu-

924 394 956 425 lo
973 395 1087 425 vadem
1111 394 1240 433 acecpit
1263 391 1460 432 respublica.
1475 389 1615 420 Tuscul.
1633 400 1662 420 v.

923 440 976 469 22.
1007 448 1150 477 quorum
1175 446 1253 466 cum
1277 435 1422 466 alterum
1440 434 1557 464 vadem
1575 443 1665 464 mor-

922 482 966 513 tis
990 482 1188 522 accepisset:
1215 479 1300 510 alter
1315 484 1354 509 ut
1376 478 1490 509 vadem
1507 487 1606 510 suum
1623 476 1664 507 li-

922 525 1067 562 beraret,
1085 530 1206 564 przesto
1228 523 1346 554 fuisset
1370 521 1411 552 ad
1428 521 1542 551 horam
1560 522 1663 556 morti

922 569 1137 599 destinatam.
1176 567 1226 598 De
1259 566 1457 606 quaestione,
1489 574 1532 594 an
1562 564 1660 594 vades

920 614 990 643 sint
1012 613 1115 642 etiam
1140 621 1250 641 rcrum
1277 610 1497 650 privatarum,
1522 607 1596 647 lege
1625 609 1661 639 in

921 656 1037 696 primis
1061 655 1199 685 Salmas.
1224 654 1314 684 mod.
1339 653 1438 683 Usur.
1457 662 1530 692 cap.
1552 652 1601 682 16.
1626 662 1661 692 p.

921 701 995 733 698.
1012 710 1082 738 sqq.
1099 709 1130 739 p.
1147 701 1221 732 7:31.
1238 708 1307 737 sqq.
1325 698 1381 736 qui
1395 697 1443 726 ita
1457 705 1527 726 esse
1543 694 1661 726 multis

920 744 1081 783 disputat.
1126 741 1238 781 Negat
1269 745 1381 771 autem
1416 746 1451 770 et
1481 740 1662 779 impugnat

920 787 1006 817 hanc
1037 786 1190 817 Salmasii
1219 785 1482 825 disputationem
1514 783 1662 814 Gronov.

919 831 1130 861 Obs.iii..13.
1164 829 1265 869 (unde
1289 828 1453 858 translata
1469 833 1562 866 sunt,
1586 837 1661 867 quae

920 875 965 904 ibi
988 874 1205 914 disputantur
1228 874 1262 903 in
1286 872 1373 903 hanc
1397 881 1480 909 rem,
1506 872 1539 901 in
1564 875 1661 902 notas

920 918 962 948 ad
984 917 1054 948 Liv.
1080 919 1127 948 iii.
1156 916 1218 955 13.)
1252 920 1428 956 putatque,
1443 925 1484 946 ex
1507 920 1660 945 veterum

920 966 1076 992 accurate
1101 961 1313 1000 loquentium
1331 958 1588 996 consuetudine,
1604 968 1662 990 va-

920 1005 976 1036 des
987 1015 1119 1045 semper
1131 1005 1236 1035 dictos
1248 1005 1283 1034 in
1296 1004 1404 1034 causis
1417 1003 1548 1043 capitis.
1559 1002 1660 1040 Mihi,

919 1049 1122 1086 sijudicium
1141 1058 1254 1078 meum
1272 1047 1352 1078 licet
1366 1048 1595 1087 interponere,
1611 1047 1663 1078 ita

920 1093 1070 1123 videtur:
1093 1091 1158 1123 Vas
1169 1096 1204 1122 et
1212 1101 1301 1131 proes
1315 1091 1557 1130 antiquissimis
1574 1094 1663 1121 tem-

919 1137 1053 1177 poribus
1081 1136 1121 1166 de
1147 1136 1253 1166 causis
1278 1135 1416 1176 privatis
1441 1135 1659 1165 dicebantur:

919 1180 1006 1219 quod
1029 1179 1093 1210 loci
1116 1179 1287 1216 Varronis,
1303 1179 1438 1218 aliique,
1455 1189 1475 1208 a
1499 1178 1662 1209 Salmasio

919 1224 1025 1261 allati,
1042 1223 1141 1263 plane
1164 1224 1362 1254 conficiunt.
1394 1223 1512 1252 Postea
1531 1226 1660 1260 autem,

918 1278 995 1298 cum
1013 1268 1114 1298 etiam
1133 1267 1167 1297 in
1184 1267 1291 1297 causis
1314 1266 1470 1306 publicis,
1487 1276 1609 1306 nempe
1624 1267 1660 1298 in

918 1312 1026 1342 causis
1039 1311 1172 1351 capitis,
1185 1310 1297 1348 vades,
1309 1310 1380 1341 Liv.
1399 1309 1421 1340 l.
1434 1320 1462 1340 c.
1480 1315 1515 1340 et
1532 1310 1565 1340 in
1582 1320 1662 1340 cau-

917 1356 962 1386 sis
974 1356 1125 1395 pecuniae
1136 1353 1427 1395 publicae‚praedes
1436 1353 1583 1384 adhiberi
1596 1364 1662 1385 coe-

918 1400 967 1439 pti
984 1404 1109 1436 essent,
1125 1399 1182 1438 qui
1201 1398 1326 1438 populo
1349 1402 1519 1432 caverent,
1535 1397 1661 1428 sensim

920 1447 1052 1473 mutata
1073 1446 1123 1473 est
1140 1442 1272 1472 dicendi
1289 1442 1387 1479 ratio,
1403 1445 1438 1472 et
1459 1441 1557 1472 vades
1575 1451 1661 1481 prae-

919 1486 1041 1526 desque
1066 1486 1107 1516 de
1138 1485 1280 1526 publicis
1304 1486 1411 1515 causis
1438 1485 1478 1515 ab
1503 1488 1659 1516 accurate

918 1530 1133 1569 loquentibus
1151 1529 1246 1567 dicti,
1263 1534 1502 1569 praeterquam,
1519 1529 1608 1567 quod
1625 1529 1659 1559 in

919 1573 978 1604 lite
988 1574 1209 1604 vindiciarum
1218 1573 1345 1613 praedes
1357 1576 1574 1603 manserunt:
1599 1573 1664 1603 ita-

919 1628 983 1657 que
1007 1618 1096 1658 apud
1121 1617 1331 1654 Ciceronem,
1348 1616 1495 1653 Livium,
1511 1616 1660 1656 aliosque

918 1661 1044 1691 similes
1072 1662 1267 1701 reperimus.
1299 1661 1417 1699 Neque
1443 1665 1561 1690 tamen
1587 1670 1663 1700 pro-

919 1709 1033 1745 pterea
1048 1705 1096 1735 ita
1112 1706 1252 1743 antiqua
1267 1704 1470 1743 significatio
1485 1703 1664 1734 obliterata

918 1749 998 1785 fuit,
1021 1754 1061 1779 ut
1085 1759 1151 1779 non
1182 1748 1351 1779 interdum
1384 1758 1424 1778 ea
1446 1748 1601 1778 homines
1626 1748 1662 1778 in

919 1792 1095 1823 scribendo
1112 1796 1300 1822 uterentur.
1337 1791 1455 1831 Itaque
1471 1792 1574 1822 etiam
1590 1791 1664 1822 Ho-

919 1837 1024 1866 ratius
1040 1837 1146 1867 Serm.
1163 1836 1184 1866 i.
1201 1839 1228 1866 l.
1250 1836 1284 1866 in
1301 1845 1402 1866 causa
1416 1836 1547 1876 privata.
1561 1834 1662 1865 vades

919 1884 1171 1910 commemorat.
1196 1879 1237 1910 ad
1247 1879 1288 1920 Q.
1302 1879 1353 1909 Fr.
1370 1880 1390 1910 i.
1408 1882 1435 1909 l.
1459 1880 1503 1909 sit
1513 1878 1660 1910 annulus

918 1929 997 1954 tuus
1020 1929 1181 1962 tanquam
1208 1933 1263 1953 vas
1287 1923 1434 1962 aliquod,
1458 1923 1514 1953 ubi
1538 1932 1594 1953 vas
1618 1923 1664 1953 sit

920 1971 957 1997 ut
973 1967 1127 1998 Graecum
1145 1966 1256 2004 σκοῦος,
1276 1967 1439 2007 supellex,
1455 1967 1662 1997 instrumen-

918 2016 1012 2041 tum:
1044 2011 1103 2041 sed
1128 2011 1264 2050 Longus
1292 2011 1332 2040 de
1360 2010 1493 2040 annulis
1522 2020 1551 2040 c.
1578 2013 1610 2041 4.
1641 2020 1660 2040 e

919 2055 991 2085 MS.
1014 2055 1100 2085 Bibl.
1124 2054 1277 2085 Ambros.
1301 2054 1421 2094 corrigi
1449 2053 1582 2084 volebat
1604 2063 1662 2085 vas

919 2099 1048 2138 aliquis.

963 2143 1154 2173 mmm-ium.
1185 2141 1250 2172 Pis.
1271 2144 1324 2173 35.
1354 2141 1512 2181 pecunia,
1529 2151 1604 2180 quae
1620 2150 1661 2172 ex

918 2187 1034 2216 aerario
1052 2185 1305 2225 magistratibus
1323 2186 1357 2214 in
1373 2184 1561 2224 provincias
1578 2194 1663 2215 eun-

917 2231 1007 2260 tibus
1022 2229 1176 2267 dabatur,
1189 2229 1231 2259 ad
1243 2228 1469 2268 comparanda
1483 2238 1574 2266 vasa,
1588 2228 1662 2267 qui-

918 2275 978 2304 bus
995 2283 1077 2313 opus
1093 2273 1267 2303 haberent.
1301 2272 1389 2302 Vasa
1403 2276 1518 2302 autem
1534 2271 1590 2308 hic
1605 2282 1661 2302 su-

918 2321 1060 2347 muntur
1074 2317 1188 2353 latim,
1200 2326 1259 2356 pro
1275 2325 1328 2353 eo,
1339 2315 1428 2355 quod
1439 2315 1526 2345 Galli
1542 2315 1662 2346 dicunt

918 2361 1080 2392 meubles.
1103 2360 1161 2390 sed
1185 2361 1218 2390 in
1243 2360 1363 2390 itinere
1387 2359 1422 2389 in
1441 2360 1662 2398 provinciam,

918 2406 953 2435 in
970 2404 1104 2441 militia,
1120 2413 1199 2434 vasa
1215 2404 1389 2440 dicuntur,
1406 2403 1439 2433 in
1457 2403 1538 2434 urbe
1553 2405 1662 2443 supel-

918 2451 980 2479 lex.
998 2459 1025 2479 v.
1041 2448 1181 2478 Salmas.
1206 2447 1295 2477 mod.
1320 2446 1420 2476 Usur.
1444 2456 1473 2476 c.
1499 2449 1530 2477 3.
1553 2456 1587 2486 p.
1604 2450 1658 2478 84.

917 2496 951 2522 et
975 2492 1016 2522 ad
1037 2492 1099 2522 «Ius
1123 2492 1195 2521 Att.
1211 2501 1244 2531 p.
1261 2493 1336 2521 455.
1368 2490 1410 2520 de
1424 2491 1554 2521 vasaria
1569 2490 1660 2521 conf.

917 2536 987 2566 Cic.
1002 2536 1096 2566 Verr.
1113 2536 1157 2566 iv.
1174 2537 1203 2565 5.
1226 2539 1260 2564 et
1276 2534 1320 2564 ibi
1338 2533 1423 2564 lntt.

963 2579 1160 2610 Vasa-ularii.
1190 2577 1284 2608 Verr.
1303 2578 1345 2607 iv.
1362 2579 1415 2608 ⁶24.
1448 2581 1529 2608 sunt
1552 2577 1659 2608 artifi-

917 2633 984 2661 ces,
1004 2624 1061 2663 qui
1083 2632 1122 2652 ex
1147 2631 1229 2652 auro
1252 2624 1431 2661 argentove
1455 2631 1534 2651 vasa
1555 2622 1660 2652 confi-

917 2664 1026 2705 ciunt,
1050 2666 1108 2697 sed
1129 2665 1202 2696 sine
1226 2665 1346 2695 crustis
1373 2669 1408 2695 et
1434 2664 1660 2703 emblematis,

917 2711 972 2750 qui
983 2711 1073 2751 apud
1085 2719 1145 2740 nos
1158 2708 1395 2739 Goldschmide
1404 2713 1578 2739 vocantur.
1591 2709 1658 2739 vid.
1675 2743 1678 2746 Δ

917 2754 1056 2784 Salmas.
1075 2753 1118 2784 ad
1140 2753 1246 2783 Solin.
1266 2763 1299 2792 p.
1317 2753 1391 2786 736.
1422 2752 1548 2782 Eorum
1571 2761 1662 2792 saepe

918 2798 1047 2828 mentio
1070 2802 1122 2827 est
1138 2797 1171 2827 in
1188 2796 1364 2836 lapidibus.
1387 2795 1553 2835 Exempla
1568 2795 1661 2826 Indi-

917 2850 971 2872 ces
995 2840 1203 2879 Gruteriani,
1219 2839 1424 2878 Remmiam,
1442 2839 1565 2879 aliique
1581 2848 1661 2880 sup-

917 2884 1131 2926 peditabunt.
1638 2914 1642 2916 ,

963 2927 1117 2967 Vastan,
1133 2927 1233 2959 inane
1257 2925 1378 2968 facere.
1408 2927 1500 2958 Sext.
1524 2928 1577 2959 94.
1609 2925 1663 2957 lex

974 2979 997 3003 u
1015 2970 1037 3002 h
1054 2974 1072 3003 3
