1920 3196
715 101 863 131 mnnx
894 101 1194 132 LA'rlm'rArrs.

208 196 264 237 qui
283 203 378 234 agros
401 191 568 230 dividunt,
584 189 774 222 confundit.
820 188 939 229 Itaque

206 240 360 271 existimo
390 237 543 267 divisores
579 235 680 266 fuisse
711 232 858 271 eosdem,
882 233 938 272 qui

207 282 392 314 diribitores
420 279 633 310 tabellarum.
679 277 797 317 Neque
833 276 940 314 video,

207 325 295 366 quod
327 323 418 356 aliud
455 332 561 363 genus
594 331 772 362 operarum
807 330 942 361 campe-

206 370 327 400 strium
343 378 382 398 eo
400 367 536 397 nomine
552 365 694 405 intelligi
712 365 827 406 possit.
850 364 939 395 Nam

210 413 297 453 quod
315 413 349 443 in
367 412 476 442 Pison.
498 413 547 442 15.
583 410 770 440 diribitores
789 412 870 439 sunt
886 408 944 438 ho-

210 458 297 487 nesti
321 462 356 485 et
378 454 538 486 senatorii
563 454 637 492 viri,
663 453 696 483 id
719 452 945 483 extraordina-

209 502 297 531 rium
320 503 390 530 est:
422 508 483 528 nec
511 499 584 528 istae
607 507 718 539 opera:
741 500 944 537 campestres

210 544 316 575 fuere.

227 614 230 617 .
253 588 453 619 Divoreium.
480 586 574 616 Orat.
591 585 637 615 iii.
655 587 705 619 19.
728 584 782 614 Sic
796 594 838 614 ex
854 593 944 613 com-

211 632 304 662 muni
331 630 533 671 sapientium
558 630 643 669 jugo
675 633 755 658 sunt
778 627 945 657 doctrina-

211 685 284 706 rum
309 675 400 705 facta
415 674 565 704 divortia.
589 673 622 703 h.
637 682 668 702 e.
690 679 791 702 sectae
809 671 945 701 diversae

211 724 294 750 ortae
310 723 400 749 sunt.

254 763 436 794 Diuturne.
475 760 517 791 ad
539 760 617 791 Div.
640 760 684 789 vi.
706 761 760 791 ΞΟ.
790 759 946 789 diuturne

212 806 293 838 fore.
323 806 387 836 Sed
403 816 432 835 v.
449 811 519 834 not.

257 850 429 882 Divulsus.
457 849 588 878 divulsa
614 850 831 888 opponuntur
854 845 948 876 reda-

213 895 276 925 ctis
300 894 341 924 ad
365 894 446 924 artis
469 892 622 922 formam.
661 891 718 921 Or.
743 891 764 921 i.
788 893 841 921 42.
879 899 945 928 ars,

213 949 286 978 quae
312 948 382 968 rem
406 935 602 967 dissolutam
620 936 845 975 divulsamque
867 943 946 964 con-

214 982 412 1022 glutinaret.

257 1026 323 1063 Do,
348 1035 416 1063 are,
440 1023 540 1062 hujus
570 1022 660 1052 verbi
685 1025 754 1051 tam
777 1022 887 1051 varius
911 1026 946 1052 et

214 1069 389 1109 multiplex
418 1077 495 1098 usus
525 1072 589 1104 est,
612 1067 665 1095 vix
692 1071 731 1095 ut
755 1066 863 1096 omnis
890 1065 948 1095 illa

213 1115 356 1143 varietas
374 1110 628 1142 commemorari
646 1109 760 1149 possit.
788 1109 871 1149 Quae
889 1119 947 1139 no·

214 1158 262 1187 bis
288 1157 456 1197 praecipua
478 1165 601 1194 genera
622 1154 692 1183 visa
714 1158 807 1191 sunt,
832 1154 946 1184 affere-

213 1211 298 1232 muS.
326 1203 345 1222 ²*
356 1200 480 1230 dicitur
495 1199 530 1228 in
546 1197 818 1238 philosophorum
835 1198 948 1238 dispu-

212 1245 412 1281 tationibus,
437 1253 496 1283 pro
520 1242 713 1272 concedere.
746 1241 816 1271 Fin.
840 1251 871 1272 v.
895 1244 947 1273 23.

211 1289 322 1329 prima
352 1288 379 1318 si
410 1287 546 1323 dederis,
569 1286 683 1317 danda
713 1291 794 1315 sunt
822 1286 945 1316 omnia.

215 1333 256 1362 cf.
276 1332 347 1362 InV.
364 1332 387 1361 i.
403 1334 455 1362 31.
485 1333 504 1351 ²¹⁶
517 1330 575 1360 sed
590 1340 650 1371 pro
670 1329 850 1359 concedere
868 1330 949 1360 diei-

212 1380 271 1407 tur
288 1376 391 1405 etiam
415 1386 453 1405 eo
476 1384 588 1411 sensu,
604 1384 669 1413 quo
692 1374 802 1413 ipsum
825 1373 950 1404 dicitur

216 1420 401 1456 interdum,
418 1429 473 1459 np.
490 1429 549 1458 pro
568 1418 698 1448 veniam
714 1417 795 1447 dare
811 1417 948 1448 alterins

213 1473 322 1494 causa.
365 1463 478 1502 Ligar.
513 1464 561 1493 12.
606 1467 646 1492 ut
675 1462 867 1492 concessisti
897 1461 944 1492 M.

213 1507 413 1538 Marcellum
429 1507 581 1544 benamu,
598 1506 645 1535 sic
661 1506 704 1535 da
727 1505 818 1536 hunc
841 1516 946 1546 popu-

212 1551 256 1582 lo.
288 1551 371 1582 *est
395 1560 493 1590 porro
516 1551 652 1580 verbum
676 1549 819 1580 forense.
849 1550 947 1580 Rosc.

214 1596 308 1626 Com.
334 1598 361 1625 l.
392 1595 431 1624 lis
451 1594 552 1625 datur
575 1593 760 1624 secundum
784 1603 849 1624 eaS.
880 1593 946 1624 huc

212 1639 386 1680 pertinent
409 1639 512 1668 etiam
539 1638 631 1668 haec:
659 1638 829 1677 judicium
851 1638 945 1675 dare,

205 1683 340 1724 judices
365 1683 458 1720 dare,
484 1687 589 1712 testes
617 1682 710 1719 dare,
738 1682 945 1721 cognitorem

212 1728 305 1766 dare,
323 1727 548 1766 cognitionem
566 1726 648 1756 dare
671 1726 730 1756 Sec.
761 1725 801 1755 de
825 1726 945 1765 quibus

212 1771 322 1816 dicere
346 1780 413 1800 non
438 1776 489 1800 est
512 1779 656 1799 necesse.
695 1770 946 1808 *constituerQ

212 1815 333 1845 dicere.
368 1815 440 1845 Att.
464 1814 485 1844 i.
514 1817 561 1844 10.
599 1812 747 1843 Tulliola
771 1814 833 1843 tibi
857 1814 944 1844 diem

211 1859 284 1896 dat,
314 1867 507 1899 sponsorem
536 1856 694 1897 appellat.
730 1868 759 1887 v.
792 1857 872 1887 dies.
911 1861 947 1889 et

211 1903 300 1933 conf.
316 1903 447 1933 Duker.
463 1901 505 1932 ad
522 1901 604 1931 flor.
621 1901 666 1931 iii.
683 1904 713 1931 3.
742 1904 791 1932 14.
821 1901 840 1919 ᾗ
853 1902 887 1932 in
911 1912 945 1932 re

211 1946 350 1977 militari
373 1947 454 1976 clare
478 1946 616 1975 nomina
638 1945 809 1982 dicuntur,
831 1946 886 1984 qui
909 1955 944 1975 se

211 1990 373 2021 militaria
388 1989 556 2030 stipendia
570 1988 717 2019 facturos
730 1990 943 2030 profitentur,

210 2042 388 2074 propterea
407 2033 496 2072 quod
520 2043 643 2063 nomen
667 2043 766 2063 suum
790 2033 887 2063 scribi
912 2034 946 2063 in

212 2078 287 2107 albo
317 2077 456 2108 militari
488 2078 674 2117 patiuntur.
714 2076 799 2107 Phil.
829 2077 886 2107 vii.
914 2080 946 2108 4.

213 2123 233 2142 ⁴*
247 2121 340 2152 Orat.
357 2122 392 2152 ii.
410 2124 437 2151 1.
466 2121 674 2150 sermonibus
697 2130 732 2150 se
754 2122 846 2159 (lare,
871 2121 893 2151 i.
916 2131 946 2152 e.

211 2165 383 2196 interesse.
423 2165 531 2194 simile
560 2171 612 2194 est
641 2164 717 2202 hoc,
748 2165 827 2204 Agr.
854 2165 888 2195 ii.
917 2168 948 2196 5.

212 2219 290 2238 cum
321 2208 533 2239 familiariter
562 2218 615 2238 me
650 2209 684 2238 in
719 2208 854 2239 illorum
880 2219 949 2239 ser-

213 2262 348 2283 monem
382 2253 588 2282 insinuarem
628 2263 666 2282 ac
703 2253 829 2282 darem.
873 2252 947 2283 *ad

211 2296 288 2327 Div.
306 2297 364 2326 xii.
385 2297 434 2327 16.
465 2306 531 2326 non
548 2300 679 2336 putare,
697 2306 750 2326 me
774 2297 836 2326 hoc
858 2298 947 2327 auri-

213 2340 274 2370 bus
298 2341 365 2370 tuis
389 2341 487 2371 dare.-
511 2340 544 2370 h.
561 2350 590 2370 e.
610 2344 788 2380 propterea
809 2346 945 2372 tantum

211 2384 368 2421 scribere,
385 2384 473 2424 quod
497 2389 631 2423 gratuiti
654 2384 723 2414 fore
748 2391 878 2424 putem,
897 2395 947 2416 as-

211 2429 365 2458 sentandi
381 2438 490 2458 cau-sa.
509 2432 528 2449 *ι
541 2428 583 2458 ad
598 2428 675 2458 Div.
694 2439 722 2458 v.
744 2431 792 2459 13.
807 2428 867 2458 das
884 2430 946 2459 mi-

212 2471 245 2501 hi
257 2472 426 2509 jucundas
443 2472 699 2503 recordationes.
727 2472 946 2511 *cm-miliare,

213 2516 360 2545 amicum
376 2515 525 2545 reddere.
549 2516 620 2546 Att.
636 2527 668 2546 x.
684 2519 715 2546 4.
741 2516 866 2556 Oppios
882 2517 946 2547 Te-

212 2559 330 2589 rentiae
347 2560 448 2589 dabis.
480 2560 498 2577 ᾗ
510 2560 590 2589 dare
605 2569 639 2589 se
655 2560 755 2590 alicui
772 2561 945 2598 dicuntur,

213 2602 269 2641 qui
293 2602 335 2632 ad
358 2613 436 2632 eum
459 2612 494 2633 se
519 2603 703 2643 applicant,
725 2605 781 2643 qui
806 2605 836 2634 ei
861 2606 947 2643 grati

212 2655 283 2676 esse
307 2645 459 2677 laborant
488 2648 581 2677 omni
606 2647 754 2686 obsequii
780 2648 946 2687 officiique

212 2699 346 2727 genere.
378 2690 522 2730 Harusp.
540 2690 579 2721 R.
595 2692 649 2721 2²22.
680 2692 743 2721 nisi
763 2701 797 2721 se
813 2692 948 2723 dedisset

213 2733 264 2763 iis.
295 2733 338 2763 ad
362 2733 437 2764 Div.
455 2735 488 2764 ii.
508 2737 537 2765 8.
570 2735 615 2764 da
632 2740 666 2764 te
684 2735 831 2765 homini:
857 2746 948 2766 com-

212 2776 395 2816 plectetur,
421 2777 502 2808 mihi
529 2777 636 2808 crede.
668 2778 778 2808 Rabir.
804 2780 890 2810 Post.
915 2782 948 2810 ⁶2.

214 2819 368 2850 Rabirius
389 2820 514 2851 dicitnr
530 2822 599 2860 regi
615 2831 648 2851 se
665 2823 796 2860 dedisse,
813 2823 901 2862 quod
917 2824 948 2854 ei

214 2865 374 2904 pecunias
390 2864 587 2895 crediderat.
611 2864 722 2896 Rabir.
740 2867 829 2896 Post.
842 2870 872 2898 3.
888 2868 948 2898 dcc-

212 2917 249 2938 νε
264 2917 297 2939 se
315 2909 509 2961 auctoritati
525 2912 672 2942 senatus.
694 2911 713 2931 ²*
723 2911 948 2945 committere.

1638 97 1717 135 231

984 191 1075 221 Sext.
1098 193 1152 222 53.
1182 190 1264 221 dare
1284 200 1319 221 se
1342 191 1486 232 populo:
1520 193 1561 223 de
1587 194 1639 232 iis,
1664 196 1729 233 qui·

987 234 1022 264 in
1039 234 1210 265 theatrum
1226 235 1379 266 veniunt.
1425 235 1512 266 Nam
1534 237 1567 267 hi
1587 248 1618 268 se
1636 246 1725 269 tam-

987 288 1089 317 quam
1119 279 1341 309 committunt
1371 279 1509 319 populo,
1541 292 1618 311 cum
1650 293 1725 321 spe-

987 327 1078 359 rant,
1095 333 1128 352 se
1154 332 1221 352 non
1244 322 1458 353 exsibilatum
1477 324 1527 355 iri.
1559 325 1629 355 *ad
1644 326 1723 356 Uir.

989 366 1059 396 xiii.
1077 370 1102 396 l.
1126 365 1206 396 dare
1221 376 1254 396 se
1273 366 1313 396 ad
1330 366 1517 406 lenitatem,
1531 379 1602 408 pro,
1620 369 1724 399 lenio-

990 419 1061 440 rem
1080 410 1163 440 fieri.
1195 409 1375 440 ¹¹*studium
1398 421 1497 441 suum
1517 413 1667 443 conferre
1683 414 1726 444 ad

990 452 1130 492 aliquid,
1148 453 1270 484 dicitur
1285 455 1365 485 dare
1388 464 1422 484 se
1442 456 1483 485 ad
1499 456 1637 495 aliquid,
1654 467 1726 487 sns-

991 498 1100 536 cipere
1118 497 1254 536 aliquid.
1285 499 1319 528 in
1338 499 1450 528 (jaer-il.
1468 501 1499 530 9,.
1532 501 1587 539 qui
1606 511 1658 530 mc
1683 500 1726 531 ad

990 541 1213 572 defendendus
1231 542 1382 572 homines
1399 543 1439 572 ab
1460 544 1599 574 ineunte
1616 544 1727 574 adole-

990 586 1120 615 scentia
1141 585 1305 616 dedissem.
1338 586 1395 616 Or.
1417 586 1463 616 iii.
1484 589 1534 617 16.
1567 587 1726 627 eloquen-

990 629 1051 667 tia,
1069 629 1242 667 varietate,
1266 630 1374 669 copia,
1398 640 1498 669 quam
1522 641 1555 661 sc
1581 642 1726 671 cumque

990 673 1025 703 in
1050 680 1179 713 partem
1200 675 1348 711 dedisset,
1365 676 1516 704 omnium
1539 674 1606 705 fuit
1627 676 1733 706 facile·

992 717 1158 757 princeps.
1182 717 1369 748 ¹‘'tribuere.
1394 718 1475 748 Sull.
1497 721 1545 749 14.
1568 729 1635 750 non
1652 730 1727 760 pos-

991 770 1066 791 sum
1090 765 1224 791 tantum
1242 762 1378 801 ingenio
1401 772 1475 792 meo
1492 763 1584 800 (lare,
1602 768 1642 793 ut
1665 767 1726 793 ore.

991 804 1059 834 *in
1093 805 1277 844 deleganda
1312 807 1467 845 pecunia,
1502 812 1535 836 et
1568 807 1728 838 solvenda.

993 858 1061 878 non
1085 859 1139 884 §ex
1172 859 1249 879 arca
1277 849 1335 879 sed
1366 860 1425 890 per
1455 851 1730 889 attributionem,

992 893 1094 923 etiam
1119 893 1200 923 dare
1224 893 1357 923 dicitur.
1396 894 1503 925 Flacc.
1534 897 1584 925 15.
1622 905 1730 934 quan-

991 941 1068 966 tum
1084 937 1145 967 sibi
1163 936 1312 967 ablatum
1328 937 1410 968 dicit
1434 938 1533 969 homo
1549 939 1727 979 impuden-

992 981 1154 1019 tissimus,
1178 984 1312 1011 tantum
1339 991 1511 1021 nunquam
1538 987 1590 1013 est
1612 992 1727 1022 ausus,

991 1031 1033 1055 ut
1047 1025 1198 1063 haberet,
1214 1030 1341 1066 optare.
1387 1026 1437 1056 Ab
1460 1027 1500 1057 A.
1517 1027 1654 1057 Sextilio
1679 1027 1728 1057 ‹li-

990 1069 1039 1099 cit
1061 1079 1095 1099 se
1120 1070 1238 1100 dedisse
1261 1073 1295 1099 et
1318 1080 1338 1100 a
1359 1070 1427 1100 suis
1449 1070 1620 1102 fratribus.
1665 1071 1728 1101 Po-

991 1114 1060 1143 tuit
1086 1113 1244 1144 Sextilius
1270 1114 1361 1144 dare.
1406 1114 1460 1144 Sic
1485 1115 1582 1145 Rosc.
1610 1115 1649 1145 A.
1673 1116 1728 1149 27.

992 1156 1082 1187 unde
1109 1161 1169 1187 aut
1194 1163 1360 1197 quantum
1387 1158 1513 1188 dedisti.
1549 1158 1728 1190 *fabulam

993 1201 1074 1231 dare
1097 1205 1147 1231 est
1170 1202 1302 1239 docere,
1318 1201 1358 1231 de
1383 1202 1576 1233 auctoribus
1598 1203 1728 1233 fabula-

993 1254 1080 1276 rum.
1110 1246 1206 1276 Brut.
1234 1249 1283 1276 18.
1313 1245 1426 1276 Livius
1450 1247 1560 1277 minor
1581 1247 1647 1277 fuit
1668 1246 1730 1277 ali-

993 1293 1120 1328 quanto
1149 1290 1189 1327 is,
1214 1290 1271 1328 qui
1298 1291 1425 1330 primus
1451 1290 1599 1320 fabulam
1625 1291 1727 1329 dedit,

989 1343 1095 1372 ,quam
1112 1334 1147 1371 ii,
1165 1335 1221 1372 qui
1239 1333 1363 1364 multas
1389 1333 1572 1364 docuerant
1589 1335 1649 1365 ἃς.
1682 1335 1726 1365 cf.

995 1376 1130 1407 Cluent.
1155 1380 1207 1407 31.
1238 1377 1257 1397 ’ἓ
1276 1378 1397 1408 dicere.
1435 1378 1538 1409 Acad.
1561 1379 1583 1408 i.
1608 1381 1639 1409 3.
1670 1379 1729 1411 sed

993 1421 1038 1451 da
1053 1421 1136 1451 mihi
1154 1431 1256 1452 nunc.
1302 1422 1355 1451 Sic
1373 1422 1463 1461 Virg.
1479 1423 1523 1453 da
1536 1423 1652 1462 Tityre
1669 1432 1728 1454 no-

993 1465 1055 1495 bis.
1085 1465 1245 1495 *docere
1277 1465 1349 1496 Att.
1373 1467 1428 1496 xii.
1454 1469 1483 1497 5.
1512 1467 1602 1497 dabis
1625 1467 1729 1506 igitur

991 1509 1217 1546 tribunatum,
1248 1514 1296 1547 et,
1334 1510 1360 1539 si
1380 1511 1538 1550 poteris,
1574 1511 1728 1542 Tubulus

994 1563 1060 1592 quo
1082 1554 1221 1583 crimine
1246 1554 1306 1583 ἃς.
1336 1553 1446 1584 *Nan
1470 1555 1513 1585 D.
1530 1555 1577 1585 iii.
1595 1556 1648 1585 ⁶26.
1680 1556 1729 1587 ita

993 1598 1052 1628 dat
1067 1607 1101 1627 se
1122 1607 1191 1627 res:
1218 1597 1249 1627 h.
1266 1608 1295 1627 e.
1320 1599 1368 1627 ita
1391 1598 1527 1636 accidit,
1544 1600 1591 1628 ita
1613 1609 1729 1638 proce-

993 1641 1052 1671 dit.
1085 1651 1115 1671 ν.
1131 1641 1233 1671 Gron.
1254 1642 1294 1672 ad
1316 1641 1389 1672 Liv.
1413 1643 1525 1672 xxviii.
1550 1646 1581 1673 5.
1613 1644 1728 1675 *dare

992 1694 1027 1715 se
1059 1686 1161 1715 etiam
1191 1685 1364 1725 eleganter
1402 1686 1574 1724 dicuntur,
1607 1688 1729 1726 quibus

992 1728 1090 1759 facile
1117 1729 1244 1768 aliquid
1273 1730 1525 1770 persuademus,
1549 1731 1638 1769 quod
1665 1741 1728 1763 sua.

991 1779 1111 1813 sponte
1134 1773 1169 1803 in
1192 1783 1246 1803 eas
1270 1778 1381 1814 partes
1408 1774 1583 1805 inclinant.
1614 1775 1672 1806 Or.
1689 1776 1725 1807 ii.

990 1819 1044 1848 44.
1061 1818 1087 1847 si
1100 1827 1134 1846 se
1150 1818 1231 1847 ιῖαηι
1243 1818 1385 1857 judices,
1399 1821 1433 1848 et
1443 1828 1504 1848 sua
1519 1823 1651 1858 sponte,
1662 1830 1731 1859 quo

993 1861 1210 1901 impellimus,
1247 1861 1423 1892 inclinant.
1463 1862 1728 1894 *Constructio-

992 1905 1043 1935 nis
1066 1913 1168 1935 causa
1190 1905 1261 1935 haec
1285 1906 1404 1935 affero:
1431 1905 1501 1936 [nv.
1519 1908 1540 1936 i.
1561 1909 1611 1937 14.
1642 1918 1726 1947 prae—

990 1952 1090 1988 cepta
1115 1949 1195 1979 dare
1221 1949 1255 1979 in
1284 1950 1424 1980 ratione.
1471 1950 1552 1981 Cod.
1580 1951 1725 1982 Gronov.

991 1991 1153 2023 habebat:
1177 1995 1212 2023 in
1230 1994 1414 2032 rationem3
1439 1995 1536 2024 etsie
1560 2000 1611 2024 est
1626 2005 1655 2025 c.
1677 1999 1727 2027 10.

990 2036 1071 2075 Agr.
1087 2037 1120 2066 ii.
1138 2040 1169 2070 7.
1199 2042 1238 2067 ut
1261 2037 1307 2075 id,
1325 2038 1434 2077 quoad
1458 2039 1584 2075 liceret,
1602 2038 1644 2069 ad
1667 2050 1728 2079 po-

991 2080 1060 2121 puli
1079 2087 1189 2120 partes
1206 2082 1316 2112 daret.-
1341 2092 1402 2122 pro
1416 2082 1458 2112 ad
1471 2082 1585 2122 populi
1600 2083 1728 2113 benefi-

991 2124 1082 2154 cium
1119 2125 1328 2162 transferret,
1359 2129 1398 2156 ut
1435 2126 1501 2156 alio
1532 2126 1604 2156 loco
1634 2127 1727 2158 dicit.

990 2167 1084 2199 Brut.
1104 2172 1154 2199 88.
1185 2169 1225 2209 Ω.
1244 2169 1392 2200 Seaevola
1414 2180 1449 2200 se
1465 2171 1594 2200 nemini
1611 2171 1653 2201 ad
1669 2171 1727 2202 do-

989 2212 1134 2242 cendum
1151 2213 1261 2243 dabat.

1035 2256 1181 2294 Datum,
1201 2267 1338 2294 munus,
1355 2257 1493 2287 donum.
1519 2257 1654 2289 Cluent.
1671 2260 1725 2290 2⁷4.

988 2304 1124 2330 tantum
1141 2300 1249 2338 donis,
1262 2301 1358 2338 datis,
1374 2301 1634 2341 muneribusque
1652 2313 1728 2342 per·-

991 2343 1137 2374 fecerat:
1171 2354 1248 2374 nam
1273 2346 1320 2375 sic
1343 2345 1622 2384 distinguendum
1645 2356 1723 2376 cum

991 2387 1132 2425 Graevio,
1151 2398 1250 2427 quem
1267 2389 1339 2418 vide
1357 2389 1400 2419 ad
1415 2389 1447 2419 h.
1464 2389 1485 2419 l.
1510 2390 1643 2420 Datum
1667 2401 1726 2430 pro

991 2430 1079 2461 dono
1095 2437 1144 2462 est
1161 2433 1263 2462 etiam
1282 2432 1372 2473 apud
1389 2432 1498 2463 Plaut.
1518 2434 1635 2464 Pseud.
1653 2435 1676 2464 i.
1694 2438 1724 2466 3.

991 2478 1045 2509 71.
1075 2476 1172 2506 Ovid.
1201 2476 1285 2506 Met.
1309 2477 1352 2506 vi.
1374 2478 1450 2507 463.
1479 2477 1639 2508 Ceterum
1664 2477 1727 2509 hu-

985 2519 1134 2558 jusmodi
1151 2521 1262 2558 verba,
1280 2530 1403 2551 munus
1420 2520 1545 2551 donum
1557 2522 1657 2561 jungi
1674 2532 1727 2552 so-

992 2562 1073 2601 lere,
1094 2573 1298 2603 quamquam
1322 2574 1507 2604 synonyma
1529 2565 1611 2603 sint,
1627 2566 1728 2596 docet

992 2606 1132 2637 Salmas.
1156 2609 1197 2637 ad
1219 2609 1390 2648 Lamprid.
1420 2610 1593 2646 Severum,
1618 2620 1648 2640 c.
1671 2610 1726 2642 26.

991 2656 1018 2680 t.
1038 2651 1071 2680 ii.
1088 2662 1120 2691 p.
1144 2653 1217 2684 933.
1242 2652 1329 2682 conf.
1353 2652 1496 2683 Gronov.
1522 2653 1600 2683 Obs.
1625 2653 1666 2684 iv.
1691 2664 1726 2694 p.

995 2695 1070 2725 230.
1099 2694 1239 2725 Tirones
1266 2696 1389 2726 adeant
1412 2697 1546 2727 Livium
1570 2698 1648 2728 xxii.
1676 2701 1727 2728 10.

994 2738 1051 2767 ubi
1067 2739 1192 2769 frustra
1204 2743 1358 2770 tentatur
1374 2740 1406 2770 id
1422 2750 1527 2779 genus
1545 2750 1565 2770 a
1577 2741 1653 2771 viris
1670 2741 1729 2771 do-

994 2782 1068 2812 ctis.
1092 2782 1156 2812 Sed
1172 2783 1262 2822 apud
1279 2783 1422 2813 eundem
1449 2785 1556 2814 xxxvi.
1574 2786 1604 2816 2.
1637 2784 1728 2815 dona.

993 2826 1073 2856 daca
1098 2825 1260 2856 dicuntur
1281 2828 1341 2866 ita,
1359 2833 1398 2858 ut
1421 2828 1503 2858 data
1524 2829 1570 2858 sit
1593 2829 1728 2869 partici-

994 2879 1100 2910 pium.

1035 2913 1171 2948 Docere.
1194 2913 1344 2948 fabulam
1363 2914 1486 2956 docere,
1502 2915 1626 2951 dicitur
1646 2915 1729 2949 scri-
