1985 3206
210 40 268 78 46
723 50 869 79 mmsx
899 51 1267 81 GEOGRAPHICUS.

212 139 293 170 Asia
322 138 482 170 dividens.
526 139 662 170 Dicitur
683 140 786 171 etiam
814 141 854 172 de
881 147 955 173 tota

215 183 281 212 ista
296 182 381 213 Asiae
399 189 506 223 pai-fe,
524 193 596 221 qnae
620 190 671 213 est
693 184 734 213 ad
758 184 956 226 Hellespon—

213 230 302 256 tum.
349 226 437 256 Hinc
455 228 489 256 in
507 226 598 257 verr.
617 228 636 256 i.
654 229 706 257 24.
732 228 954 267 Lampsacum

216 268 428 309 Hellesponti
461 270 620 310 oppidum
652 271 785 301 dicitur.
812 272 854 301 ad
883 273 956 303 Div.

213 313 284 344 xiii.
317 316 368 343 53.
415 314 572 344 Pariana
603 314 719 344 cixitas
758 316 792 345 in
828 315 957 346 Helles-

218 361 335 397 ponto.

261 400 432 436 Hemonis,
454 400 495 430 ad
510 400 581 430 Att.
598 401 664 430 viii.
686 403 733 431 15.
750 401 813 431 loci
834 412 955 432 nomen

216 448 316 480 esset,
334 445 360 473 si
383 442 474 473 locus
494 454 594 473 sanus
616 450 716 481 esset,
733 445 790 475 sed
806 446 877 475 sine
898 447 958 476 du—

216 486 270 516 bio
289 486 323 516 in
345 486 405 516 hac
424 497 501 516 voce
522 494 698 527 corruptus
719 494 780 518 est.
808 488 956 519 Graevius

215 528 317 568 legit:
342 530 388 560 ad
414 530 591 560 Chaoniam
603 530 735 570 sugam
753 533 904 569 intendis,
922 534 957 562 in

217 582 284 612 qua
300 573 423 612 pra‘dia
437 573 570 604 Atticus
588 575 729 604 habebat
744 587 752 612 ς
771 586 844 614 quae
858 575 957 606 lectio

218 625 353 648 Sensum
372 622 462 646 certe
479 618 692 647 commodum
710 618 821 648 habet.

262 660 371 696 Ilera,
388 660 430 689 ad
444 660 515 691 Att.
532 662 566 690 ii.
588 664 613 691 l.
636 662 713 691 urbs
733 662 867 700 Siciliae,
884 672 957 702 quae

217 707 252 734 et
269 704 383 742 H‘Jsbla
400 704 521 734 notiori
538 706 671 734 nomine
689 705 821 736 dicitur.

262 748 442 783 Heraclea,
459 747 550 778 Verr.
568 749 601 778 ii.
619 751 669 778 50.
701 749 859 790 oppidum
877 749 958 779 Siei-

217 790 284 828 liae,
298 791 386 821 circa
401 792 525 821 ostium
542 792 633 821 fluvii
650 791 781 832 Halyci,
795 803 815 823 a
829 803 895 832 qua
910 793 959 822 di-

219 840 345 864 cuntur

262 879 504 916 Heraclienses,
519 877 612 908 Verr.
628 879 673 909 iii.
689 881 742 910 43.

264 922 478 959 Heracleotae,
503 922 543 951 ad
568 922 642 953 Div.
666 923 733 954 xiii.
758 923 809 954 56.
840 923 957 955 incolae

220 966 312 996 urbis
330 965 500 995 Heracleae
518 967 552 995 in
571 966 677 996 Caria.

264 1010 418 1045 Herbita,
443 1010 477 1038 in
508 1009 600 1040 verr.
631 1010 676 1039 iii.
709 1012 760 1040 3⁶2.
797 1010 957 1050 oppidum

219 1053 338 1083 Siciliae
365 1052 615 1083 mediterraneae
640 1053 681 1083 ad
705 1053 841 1084 Heraeos
865 1064 958 1085 mon-

218 1101 286 1128 tes:
312 1096 400 1126 unde

264 1140 485 1177 IIerbitenses,
510 1141 543 1169 in
574 1140 666 1170 Verr.
696 1139 753 1170 lib.
784 1141 816 1170 ii.
841 1141 893 1171 64.
924 1146 959 1171 et

215 1182 292 1213 aliis
316 1183 405 1214 locis.
453 1184 560 1213 Hodie
584 1184 660 1214 urbs
685 1184 720 1214 in
744 1185 848 1214 ruinis
865 1185 958 1223 jacet

219 1227 260 1258 ab
277 1227 374 1257 Enna
389 1237 499 1257 versus
515 1228 779 1267 septentrionem
800 1229 958 1259 euntibus

220 1271 326 1301 obvia.
356 1281 385 1301 v.
402 1271 540 1301 Dorvill.
557 1271 658 1301 Sicul.
674 1281 702 1301 c.
718 1276 749 1305 9.

264 1315 495 1345 Herenlanum
502 1338 510 1352 ,
524 1325 548 1345 s.
566 1316 826 1353 Herculaneum,
836 1315 877 1346 ad
887 1315 957 1346 Att.

218 1358 275 1388 vii.
299 1361 329 1389 3.
360 1359 518 1398 oppidum
546 1369 614 1388 non
639 1358 755 1398 procul
782 1360 958 1400 Pompeiis.

221 1402 276 1432 Gr.
293 1401 452 1444 ἦράκλειον,
469 1412 489 1432 a
503 1413 568 1441 quo
584 1403 708 1432 dicitur

264 1446 478 1476 Herculanea
509 1447 576 1483 viu,
604 1446 682 1485 Agr.
714 1446 748 1476 ii.
782 1450 831 1477 14.
871 1446 960 1477 inter

222 1487 333 1518 lacum
350 1490 535 1519 Lucrinum
552 1495 586 1519 et
602 1500 692 1520 mare
709 1490 743 1519 in
761 1490 958 1531 Campania,

221 1533 274 1562 via
290 1532 473 1562 multarum
489 1533 694 1563 deliciarum.

266 1576 538 1615 Herculanensis,
554 1577 596 1607 ad
612 1577 686 1607 Div.
703 1577 746 1607 ix.
763 1579 815 1608 25.
843 1577 883 1608 ab
905 1588 959 1608 eo-

225 1618 301 1650 dem
318 1621 449 1660 oppido.

266 1663 420 1700 Hernici,
436 1663 549 1704 populi
564 1664 665 1694 Latii.

267 1707 495 1746 Hierosolyma
526 1707 632 1738 Flacc.
665 1710 717 1739 528.
747 1709 824 1739 urbs
855 1709 960 1749 suspi-

220 1750 306 1781 ciosa
322 1758 356 1780 et
373 1752 531 1781 maledica
547 1752 680 1781 dicitur.

267 1794 578 1834 Hierosolfflnaricw,
603 1796 645 1825 ad
675 1796 745 1825 Att.
776 1796 809 1826 ii.
842 1800 872 1830 9.
903 1806 961 1836 per

215 1838 333 1878 jocum
358 1839 533 1879 Pompeius
557 1839 691 1877 dicitur,
708 1840 748 1869 ab
772 1839 961 1880 Hierosoly-

224 1882 287 1911 mis
305 1881 422 1922 captis.

267 1926 423 1963 Himera,
441 1926 476 1956 in
491 1926 582 1956 Verr.
607 1927 649 1957 iv.
673 1929 725 1958 33.
748 1927 826 1957 urbs
850 1931 885 1957 et
901 1927 962 1957 flu-

222 1970 296 1999 vius
313 1969 444 2000 Siciliae.

267 2014 419 2053 Hiopz'nz',
437 2013 476 2043 de
494 2013 569 2044 Div.
586 2014 607 2044 i.
624 2015 676 2045 36.
706 2014 820 2054 populi
844 2013 961 2045 Italiae.

268 2057 430 2096 Hispalis,
441 2057 482 2087 ad
494 2057 569 2087 Div.
587 2068 616 2087 x.
633 2060 685 2087 3⁶2.
703 2057 873 2098 Hispaniae
890 2058 962 2088 Bae-

224 2101 303 2131 ticae
319 2101 409 2135 urbs,
427 2101 523 2130 hodie
541 2101 676 2131 Sevilla.

267 2145 512 2183 Hispaniensis,
531 2144 570 2173 de
588 2144 665 2174 Nat.
683 2144 724 2174 D.
742 2145 789 2175 iii.
810 2148 857 2175 10.

269 2188 398 2225 Hister,
416 2188 546 2224 fluvius,
568 2188 698 2218 Orator.
721 2191 774 2219 45.
815 2188 962 2219 Danubii
1005 2208 1007 2211 .

224 2241 265 2262 ea
280 2242 367 2271 pam,
384 2242 456 2271 quae
474 2232 508 2261 in
525 2231 655 2271 Illyrico
671 2238 732 2262 est.

270 2276 460 2315 Iiyhlensis,
485 2276 518 2305 in
534 2275 627 2306 Verr.
645 2276 691 2306 iii.
714 2278 767 2306 43.
792 2275 832 2305 ab
850 2274 963 2313 Hybla.

225 2320 318 2349 urbe.
364 2319 428 2349 Sed
457 2324 525 2349 tres
560 2319 679 2358 Hybloe
715 2323 805 2349 sunt.
850 2315 964 2358 lll'ajor

225 2372 327 2404 prope
350 2362 568 2403 Centuripas:
593 2372 717 2402 parva,
740 2372 813 2402 quae
836 2367 871 2391 et
893 2363 964 2392 Me-

222 2416 314 2445 gara
340 2406 476 2443 (licitur,
507 2407 595 2436 unde
628 2407 774 2446 Hyblaoe
803 2416 898 2445 apes:
929 2410 964 2435 et

225 2451 345 2487 minor,
371 2460 444 2489 quae
476 2454 511 2479 et
541 2450 638 2480 IIera
666 2450 799 2480 dicitur.
831 2449 870 2479 de
900 2459 965 2487 qna

227 2493 343 2523 Cicero
368 2493 535 2532 loquatur,
558 2504 626 2523 non
645 2494 725 2523 satis
743 2493 846 2533 capio.
867 2492 964 2522 Forte

227 2536 268 2567 de
285 2547 416 2576 magna.
464 2537 551 2566 Nam
569 2538 732 2567 minorem
750 2538 817 2577 ipse
835 2537 965 2566 Heram

226 2580 373 2620 appellat
412 2580 454 2610 ad
482 2580 554 2610 Att.
593 2581 627 2611 ii.
664 2584 688 2611 l.
727 2586 762 2610 et
800 2580 965 2610 minorem

225 2624 435 2662 Megaridem
461 2624 496 2653 in
520 2624 612 2655 Verr.
636 2634 665 2654 v.
689 2625 741 2655 25.
768 2634 798 2653 v.
826 2623 964 2653 Dorvill.

226 2667 329 2698 Sicul.
345 2678 376 2707 p.
398 2670 467 2702 172.

272 2712 425 2749 Hydrus,
442 2713 542 2749 untz's,
558 2711 600 2742 ad
613 2711 684 2741 Att.
706 2721 757 2743 κν.
779 2712 830 2741 2⁷1.
853 2711 916 2740 xvi.
936 2714 965 2741 5.

224 2755 303 2784 urbs
317 2755 477 2785 Calabriae
491 2766 568 2785 cum
580 2760 691 2795 portu,
703 2754 792 2785 unde
804 2755 965 2793 trajectus

226 2798 438 2828 brevissimus
461 2799 496 2829 in
520 2799 696 2830 Graeciam.
719 2798 844 2829 dicitur
862 2798 966 2828 etiam

225 2841 460 2883 Hydruntum.

1043 143 1233 182 Hymettias,
1250 143 1290 172 ‹le
1307 142 1378 174 Fin.
1393 142 1431 174 B.
1448 142 1482 174 ii.
1497 145 1548 175 34.
1564 152 1660 176 mons
1674 141 1737 175 At-

998 186 1088 223 ticae,
1106 186 1203 216 melle
1220 190 1253 215 et
1270 196 1434 217 marmore
1451 187 1579 218 nobilis.

1042 230 1209 269 Hypanis,
1225 229 1325 260 Tusc.
1349 232 1412 271 Qu.
1436 231 1457 261 i.
1481 234 1532 265 39.
1556 231 1674 262 fluvius
1698 231 1733 261 in

1000 273 1134 312 regione
1151 273 1192 302 ad
1208 272 1392 314 Bosporum
1411 274 1639 305 Cimmerium.

1043 317 1258 355 Hyperborei,
1283 318 1322 347 (le
1346 318 1388 349 N.
1413 318 1455 348 D.
1479 318 1524 349 iii.
1548 320 1600 349 23.
1619 317 1734 358 populi

999 360 1217 389 Sauromatia‘
1235 362 1377 392 maxime
1392 361 1550 392 boreales.

1043 403 1232 441 Hyrcania,
1253 406 1341 444 regio
1367 408 1401 436 in
1428 405 1506 435 Asia
1535 405 1664 445 majori,
1692 403 1736 437 ad

1000 455 1090 476 mare
1108 445 1302 486 Hyrcanum
1318 459 1344 481 s.
1361 450 1529 489 Caspium.

1352 577 1378 609 I.

1042 660 1252 700 Jamssculum,
1268 661 1346 702 Agr.
1371 664 1403 694 ii.
1429 667 1458 695 5.
1479 674 1587 704 mom,
1611 668 1644 697 in
1670 678 1734 707 quo

1001 703 1115 733 Romae
1133 715 1206 744 pars
1223 707 1341 744 posita.

1044 748 1185 786 Iapides,
1210 759 1268 789 pro
1297 749 1400 780 Balbo
1434 753 1481 781 14.
1511 758 1591 783 sunt
1621 753 1733 794 populi

1001 790 1139 829 Iapidioe
1166 792 1200 821 in
1227 802 1284 822 ora
1310 792 1415 823 Italiae
1445 796 1628 834 maritima,
1655 807 1732 827 cum

1001 843 1041 863 ex
1057 833 1190 874 illyride
1208 836 1241 864 in
1260 835 1392 866 Italiam
1409 838 1551 869 venitur.

1044 878 1205 915 Iconium,
1222 884 1323 919 caput
1338 880 1522 920 Lycaoniae.

1045 921 1147 958 Idoea,
1172 922 1210 951 (le
1237 923 1318 962 Leg.
1342 923 1375 953 ii.
1399 928 1430 958 9.
1460 924 1500 954 ab
1528 925 1603 963 Ida,
1631 927 1735 958 notis-

1001 964 1086 994 simo
1104 970 1218 995 monte
1234 966 1395 1006 Phrygiae.
1500 990 1501 993 η

1045 1008 1216 1046 Iguvium,
1244 1010 1285 1039 ad
1316 1010 1386 1040 Att.
1414 1011 1467 1040 vii.
1499 1014 1545 1042 13.
1575 1012 1733 1052 oppidum

1001 1049 1149 1081 Umbriae
1162 1052 1202 1081 ad
1215 1053 1300 1082 viam
1314 1053 1511 1084 Flaminiam
1524 1067 1533 1093 3
1551 1055 1646 1085 hodie
1660 1056 1735 1086 Eu-

998 1096 1150 1132 gubizmz,
1197 1096 1308 1126 (iubis).
1346 1107 1375 1127 V.
1411 1097 1542 1128 Manut.
1573 1100 1614 1129 ad
1647 1100 1737 1130 hune

1000 1137 1123 1168 locum.
1154 1139 1307 1170 Oudend.
1324 1140 1365 1170 ad
1382 1141 1464 1171 Caes.
1480 1141 1518 1172 B.
1535 1142 1571 1174 C.
1588 1143 1609 1172 i.
1630 1145 1678 1173 1⁴2.

1045 1183 1233 1221 Illyricum,
1247 1183 1339 1213 Man.
1360 1186 1407 1215 12.
1423 1185 1513 1223 regio
1526 1187 1609 1216 mari
1621 1186 1737 1217 Adria-

1000 1225 1069 1255 tico
1085 1226 1250 1265 adjacens,
1268 1227 1374 1257 ltaliae
1390 1230 1552 1267 opposita.

1046 1270 1300 1306 Imacharensi&
1332 1271 1365 1300 in
1402 1271 1494 1301 Verr.
1529 1273 1574 1302 iii.
1608 1275 1661 1304 42.
1695 1274 1736 1304 ab

1001 1313 1182 1343 Imachara
1205 1323 1230 1343 s.
1253 1314 1431 1352 ΛΙασΙιαν-α,
1457 1320 1493 1345 ut
1513 1315 1583 1346 MS.
1603 1316 1738 1356 Huyde-

1001 1357 1198 1395 coperianus
1221 1357 1334 1395 habet,
1357 1358 1477 1388 Siciliae
1500 1359 1632 1400 oppido,
1653 1360 1738 1390 Her-

1001 1400 1106 1429 bitam
1122 1410 1245 1431 versus.

1046 1444 1206 1483 Inalpini,
1224 1444 1265 1474 ad
1280 1444 1356 1475 Div.
1372 1446 1416 1476 xi.
1439 1448 1470 1476 4.
1487 1445 1613 1486 populi,
1631 1448 1686 1486 qui
1703 1447 1738 1479 in

1000 1485 1139 1527 Alpibus
1156 1488 1321 1518 habitant.

1046 1531 1163 1568 Indus,
1187 1531 1226 1561 de
1250 1531 1329 1563 Nat.
1355 1532 1456 1563 Deor.
1480 1533 1514 1563 ii.
1539 1535 1590 1564 532.
1621 1534 1739 1564 fluvius

1000 1574 1035 1604 in
1053 1573 1158 1605 India.

1046 1619 1212 1656 Insubres,
1229 1628 1289 1659 pro
1310 1618 1405 1649 Balb.
1425 1622 1473 1650 14.
1490 1620 1604 1661 populi
1621 1620 1747 1652 Galliae*

1003 1661 1210 1702 Cispadanae.

1049 1706 1267 1743 Intemelium,
1280 1706 1322 1736 ad
1337 1706 1412 1737 Div.
1424 1707 1490 1737 viii.
1506 1710 1554 1738 14.
1566 1708 1644 1739 urbs
1657 1708 1743 1740 citra.

1001 1748 1114 1789 Alpes,
1131 1749 1215 1780 Plin.
1232 1750 1279 1780 iii.
1296 1754 1326 1781 5.

1047 1794 1261 1831 Interamnoe,
1284 1804 1310 1824 s.
1336 1794 1545 1832 Interamna,
1569 1794 1658 1834 quod
1687 1798 1741 1827 est

1003 1847 1055 1877 ap.
1074 1838 1283 1874 Frontinum,
1300 1838 1377 1867 urbs
1394 1837 1552 1869 Umbriae.

1046 1882 1154 1917 Ionia,
1172 1882 1261 1920 regio
1277 1880 1363 1911 Asiae
1379 1882 1528 1912 minoris.

1048 1925 1178 1956 Ionium
1209 1934 1313 1962 mare,
1341 1925 1381 1954 de
1408 1926 1502 1955 Orat.
1533 1925 1580 1956 iii.
1611 1928 1658 1960 19.
1690 1928 1742 1956 est

1002 1978 1094 1999 mare
1110 1968 1336 1998 Adriaticum:
1355 1974 1452 1998 vocat
1464 1970 1554 1999 enim
1570 1978 1741 2008 superum,

1003 2017 1038 2042 et
1053 2012 1189 2052 opponit
1206 2011 1321 2052 insero.
1353 2012 1442 2042 Alias
1455 2013 1502 2042 sic
1514 2012 1638 2042 dieitur
1649 2023 1740 2044 maro

1003 2066 1103 2086 mnne
1114 2056 1201 2085 inter
1211 2055 1357 2093 Italiam,
1365 2055 1511 2086 Siciliam
1520 2062 1555 2086 et
1567 2057 1743 2088 Graeciam.

1049 2101 1186 2138 Irpinus
1204 2098 1339 2136 fundus,
1355 2099 1433 2139 Agr.
1451 2099 1497 2129 iii.
1514 2101 1544 2130 ⁶2.
1562 2101 1743 2139 Hirpinus.

1050 2143 1175 2180 Isauri,
1193 2143 1234 2172 ad
1250 2143 1325 2173 Div.
1341 2153 1392 2173 xv.
1409 2145 1439 2174 2.
1466 2143 1579 2183 populi
1596 2143 1742 2175 Isauriae.

1049 2188 1231 2222 Isauricus,
1255 2186 1295 2216 ad
1312 2186 1383 2216 Att.
1406 2197 1436 2216 v.
1459 2189 1511 2217 521.
1536 2187 1576 2216 ab
1593 2188 1743 2225 Isauria,

1005 2240 1078 2270 quae
1101 2235 1152 2260 est
1175 2230 1266 2268 regio
1287 2230 1465 2269 interjecta
1487 2230 1629 2268 Pisidiae,
1647 2231 1745 2261 Pam-

1005 2273 1138 2314 phyliae,
1157 2273 1281 2303 Ciliciae
1297 2278 1332 2303 et
1346 2273 1533 2314 Lycaoniae.

1050 2318 1161 2354 Isara,
1178 2317 1220 2346 ad
1242 2317 1318 2347 Div.
1342 2328 1373 2347 x.
1401 2320 1448 2348 15.
1474 2317 1599 2347 flumen
1627 2317 1743 2348 Galliae

1006 2361 1249 2401 Transalpinae.

1051 2406 1151 2441 Issus,
1169 2404 1208 2434 ad
1233 2404 1305 2435 Att.
1327 2414 1356 2435 V.
1381 2406 1432 2435 20.
1456 2405 1533 2434 urbs
1558 2404 1683 2435 Ciliciae
1704 2405 1744 2435 ad

1007 2449 1165 2479 Pinarum
1187 2457 1321 2478 amnem
1337 2452 1372 2477 et
1390 2448 1500 2477 sinum
1518 2448 1671 2487 Issicum,
1688 2449 1746 2489 qui

1007 2493 1047 2522 ab
1063 2492 1133 2532 ipsa
1150 2492 1229 2521 urbe
1247 2501 1369 2521 nomen
1384 2491 1476 2522 tulit.

1056 2537 1169 2571 Italia,
1191 2535 1269 2574 Agr.
1292 2536 1325 2565 ii.
1350 2537 1402 2565 25.
1426 2536 1599 2574 angustius
1623 2535 1748 2566 (licitur

1008 2584 1043 2609 et
1060 2579 1229 2617 antiquius
1247 2579 1286 2608 de
1303 2578 1411 2609 Latio.

1057 2624 1183 2658 Ithaca,
1201 2621 1309 2652 insula
1333 2621 1458 2661 Ulyssis
1483 2621 1522 2651 ad
1544 2622 1747 2653 Leucadiam

1008 2666 1220 2706 peninsulam
1238 2666 1272 2695 in
1289 2666 1371 2695 mari
1390 2665 1483 2695 Ionio
1500 2667 1574 2696 sita.

1056 2710 1181 2748 [myrei
1204 2714 1238 2739 et
1263 2710 1391 2745 Item-cri,
1415 2708 1498 2739 Phil.
1523 2709 1590 2739 xiii.
1616 2712 1646 2739 8.
1669 2710 1753 2739 sunt

1009 2753 1123 2793 populi
1143 2753 1257 2792 Syriae,
1279 2753 1359 2782 artis
1379 2752 1561 2791 sagittariae
1578 2753 1690 2792 periti,
1707 2762 1748 2782 ex

1010 2797 1129 2837 quibus
1145 2797 1242 2833 servi,
1257 2796 1456 2834 gladiatores
1475 2796 1534 2825 ἃς.

1054 2840 1223 2879 datm-na,
1248 2840 1381 2871 Cluent.
1406 2840 1458 2871 36.
1487 2839 1578 2870 lacus
1601 2838 1654 2870 vel
1677 2838 1749 2870 fons
