1920 3196
706 98 852 128 [NDEX
882 96 1185 126 LATINITATIS.
1619 86 1701 127 291

215 187 376 225 Εηοᾱαὶε,
394 191 563 225 accurate,
579 185 760 218 subtiliter.
786 186 858 216 Pin.
875 195 904 216 v.

173 237 204 267 9.
234 232 304 262 haec
329 232 432 270 igitur
459 232 553 261 nobis
581 230 780 271 explicanda
805 234 904 259 sunt:

170 275 228 305 ted
250 275 276 305 si
301 275 480 311 enodatius,
499 285 553 304 vos
578 274 775 314 ignoscetis:
807 274 906 313 hujus

170 319 263 349 enim
280 319 538 348 aetati—servire
555 318 726 349 debemus.

214 361 450 402 Entleymenut.
481 362 566 402 Top.
594 366 643 393 13.
674 361 754 401 quid
777 362 845 392 sit?
876 371 906 391 v.

171 405 245 435 Ind.
264 406 321 436 Gr.

215 449 417 486 Eum-teme,
434 449 605 479 subtiliter
621 454 785 489 acuteque
803 447 907 488 expli-

169 503 258 530 care,
279 500 315 522 ut
331 493 498 524 dialectici
514 493 634 523 solent.
661 494 751 523 Part.
771 496 819 527 17.
845 502 906 522 uec

170 537 348 576 quicquam
375 538 407 567 in
431 537 694 577 amplificatione
712 537 811 566 nimis
828 547 907 567 enu-

171 581 345 610 cleundum
363 588 424 610 cst.
448 582 548 612 Tuse.
568 591 597 611 v.
613 584 643 612 8.
670 581 741 611 haec
758 583 906 611 enuclea-

169 635 204 654 re
223 634 288 653 non
307 634 439 654 neccsse
457 632 518 654 est.

215 668 408 706 Eum-lente,
440 668 621 706 subtiliter,
645 667 832 703 dialectice,
857 673 908 696 te-

172 712 295 741 nuitcr.
333 712 434 742 Tusc.
463 713 505 742 iv.
532 716 563 742 ⁴.
603 714 769 743 enucleate
795 712 908 751 dispu-

170 760 245 785 tant
273 757 388 785 Stoici.
425 756 521 786 Brut.
548 763 578 790 ξ).
619 756 702 786 nihil
727 756 907 792 subtiliter,

172 799 255 828 nihil
272 810 395 839 presse,
415 800 499 830 nihil
515 803 680 831 enucleate
700 805 825 840 pou-st,
843 810 908 838 quo

171 843 242 872 ficri
270 843 394 882 aliquid
423 845 526 883 possit
552 845 700 874 limatius
726 845 759 873 in
788 844 909 873 Demo-

172 886 302 917 sthene.
334 888 413 918 ibid.
437 892 489 918 30.
520 889 583 918 Sed
608 889 649 928 Q.
674 888 806 918 Mucius
830 897 909 917 enu-

172 932 273 960 cleate
297 931 430 969 quidem
448 937 482 962 et
505 933 623 972 polite,
641 936 678 962 ut
694 931 834 968 solebat,
852 941 909 960 ne-

176 984 343 1013 quaquam
375 981 490 1005 autem
527 986 566 1006 ea
605 977 633 1006 vi
668 981 768 1014 atque
801 976 909 1015 copia,

175 1028 276 1056 quam
292 1029 397 1057 genus
414 1019 498 1049 illud
515 1019 636 1059 judicii
659 1025 693 1050 et
712 1019 910 1059 magnitudo

173 1072 282 1091 causae
308 1062 507 1102 postulabat.
534 1064 590 1094 Or.
614 1069 645 1098 9.
674 1067 795 1103 putant
819 1063 908 1093 enim

176 1106 233 1144 qui
258 1105 388 1135 horride
414 1107 605 1146 inculteque
631 1107 733 1144 dicat,
755 1107 854 1137 modo
878 1107 912 1136 id

173 1149 348 1188 eleganter
371 1152 596 1190 enucleateque
618 1152 732 1189 faciat,
757 1161 835 1181 eum
860 1161 912 1180 so—

176 1191 247 1222 lum
265 1194 377 1223 Attice
394 1194 514 1224 dicere.
540 1195 609 1225 Fin.
625 1197 665 1225 iv.
681 1199 711 1226 3.
739 1195 795 1234 qui
813 1204 911 1234 gran-

173 1236 228 1266 dia
244 1243 361 1267 ornate
378 1238 514 1276 vellent,
532 1242 699 1270 enucleate
716 1240 848 1269 minora
863 1239 912 1268 di-

176 1290 262 1310 cere.
294 1281 372 1311 ibid.
390 1292 420 1312 V.
438 1285 490 1316 2⁷9.
522 1293 630 1323 pauca
654 1293 761 1323 neque
786 1293 826 1313 ea
842 1284 913 1323 ipsa

173 1326 341 1355 enucleate
357 1326 396 1355 ab
412 1325 488 1364 hoc,
506 1327 546 1356 de
563 1328 701 1365 virtute,
717 1327 819 1357 dicta.

219 1368 437 1400 Enueleatus.
470 1371 527 1400 Or.
545 1372 597 1402 ‘20‘-
625 1373 831 1402 enucleatum
857 1380 913 1410 ge-

178 1421 252 1442 nus.
285 1412 398 1443 Plane.
415 1416 446 1443 4.
476 1414 647 1445 eblandita
662 1415 732 1452 illa,
751 1425 817 1445 non
835 1425 914 1445 enu-

177 1457 284 1486 cleata
302 1467 372 1486 esse
389 1458 557 1496 suffragia.
590 1459 780 1489 Emwleata
797 1459 913 1489 suffra-

179 1500 234 1538 gia
249 1507 342 1537 sunt,
360 1511 433 1540 quae
458 1502 575 1532 damus
599 1513 633 1533 re
652 1509 807 1532 accurate
833 1513 914 1542 pon-

176 1543 304 1581 derata,
317 1550 352 1574 et
367 1545 407 1574 de
423 1545 589 1584 dignitate
606 1547 773 1577 candidati
785 1547 914 1585 judicio

176 1586 276 1617 facto.
323 1588 412 1618 Nam
436 1594 514 1619 ante
538 1590 640 1620 dixit:
667 1591 811 1621 comitiis
837 1591 915 1621 aedi-

178 1629 257 1660 litiis
289 1632 440 1663 studium
472 1643 542 1663 esse
575 1634 704 1675 populi,
732 1645 798 1665 non
823 1635 915 1674 judi-

179 1685 282 1705 cium.

221 1718 399 1757 Enmlare,
424 1721 603 1761 explicare.
642 1722 723 1762 Leg.
748 1723 769 1753 i.
794 1727 825 1757 9.
864 1733 915 1753 re—

178 1772 254 1793 rum
271 1763 425 1794 obscuras
443 1771 476 1794 et
500 1767 702 1797 necessarias
723 1766 916 1806 intelligen-

175 1806 240 1836 tias
261 1807 367 1847 (κοινὰς
384 1807 496 1847 ἐννοίας)
515 1810 681 1841 enudavit.

222 1850 450 1887 Enumerare,
460 1862 647 1884 numerare.
661 1855 818 1885 Brut.32.
835 1865 916 1884 enu-

178 1904 271 1924 mera
289 1905 342 1924 me
357 1896 391 1925 in
408 1895 593 1936 plerisque:
622 1899 726 1928 etiam
750 1898 790 1928 de
816 1909 916 1938 pecu-

177 1938 234 1967 nia
259 1938 396 1978 dicitur,
420 1941 467 1970 sic
493 1941 589 1971 Rose.
613 1942 652 1972 A.
674 1944 728 1973 46.
762 1942 789 1972 si
818 1943 915 1973 lectio

179 1991 261 2011 sana
277 1987 338 2013 est.

166 2035 168 2037 ’
222 2025 454 2058 Enumeratio.
496 2028 591 2060 Brut.
623 2032 677 2064 9⁶2.
714 2033 917 2061 enumeratio

178 2070 339 2100 oratoria:
373 2071 394 2100 i.
419 2081 448 2102 e.
473 2081 585 2103 rerum
614 2073 655 2103 ad
686 2074 915 2114 eloquentiam

179 2113 435 2152 pertinentium.

225 2156 427 2188 Enuncim-e.
456 2159 637 2200 divulgare.
670 2162 727 2192 Or.
752 2162 773 2192 i.
798 2165 852 2196 47.
883 2167 917 2193 et

179 2198 236 2230 illa
259 2201 391 2232 dicendi
417 2205 575 2243 mysteria
589 2207 748 2235 enunciet.
783 2208 800 2227 ¹*
815 2206 917 2236 diale-

178 2245 274 2274 cticis
297 2248 475 2276 enunciare
500 2247 587 2277 idem
613 2254 676 2286 est,
695 2250 783 2289 quod
803 2260 918 2280 recen-

177 2288 317 2319 tioribus
335 2290 526 2329 praedicare.
553 2292 655 2322 Aead.
672 2294 715 2323 iv.
732 2295 784 2328 29.
812 2294 917 2324 Nem-

179 2341 219 2371 pe
243 2332 504 2365 fundamentum
529 2336 713 2367 dialectieae
738 2343 801 2374 est,
826 2339 918 2377 quic—

179 2375 258 2414 quid
290 2379 501 2416 enuneiatur,
530 2384 587 2410 aut
618 2390 732 2411 verum
761 2392 831 2411 esse
859 2390 919 2412 aut

180 2418 324 2459 falsum,
350 2432 554 2461 quamquam
572 2424 675 2454 etiam
692 2425 732 2454 de
750 2429 822 2455 tota
845 2436 920 2465 pro-

181 2464 346 2512 positione
364 2466 511 2505 intelligi
529 2472 650 2506 potest.
684 2469 753 2499 Fat.
770 2474 800 2503 9.
832 2470 921 2508 quod

181 2513 229 2536 ita
258 2510 475 2539 emmeiatnr:
509 2511 694 2543 Descendit
727 2514 761 2543 in
792 2513 919 2543 Acade-

183 2551 286 2580 miam
305 2551 504 2584 Carneades.

226 2594 433 2626 Enumiatio.
466 2598 507 2627 ad
531 2598 602 2628 Att.
622 2599 664 2628 iv.
686 2603 733 2629 15.
765 2602 920 2631 enuncia-

181 2639 224 2667 tio
242 2638 404 2670 Memmii.
424 2651 467 2670 sc.
482 2642 538 2680 qui
556 2642 716 2682 patefecit
733 2645 767 2674 in
785 2650 919 2682 senatu,

181 2681 261 2721 qnid
280 2682 407 2714 factum
424 2691 509 2715 esset
527 2686 617 2716 mali.

227 2725 291 2763 Eo,
323 2736 382 2766 pro
415 2729 498 2759 ideo.
539 2730 637 2759 Rosc.
661 2729 700 2759 A.
725 2733 777 2761 31.
809 2731 864 2761 ubi
891 2742 920 2762 v,

181 2769 286 2799 (ἐι-ξεν.
307 2770 346 2800 ad
364 2771 439 2802 Div.
459 2773 526 2802 xiii.
544 2774 596 2807 69.
627 2775 690 2803 xvi.
714 2777 740 2804 l.
759 2775 819 2805 ἀρ.
845 2775 920 2806 add.

183 2810 301 2842 Burni.
319 2814 361 2843 ad
374 2815 504 2846 Lucan.
521 2817 577 2846 vii.
595 2818 670 2848 406.

223 2856 434 2896 Epliemeris,
481 2862 744 2891 commentarius
794 2872 920 2900 rerum,

181 2909 261 2938 quas
293 2903 442 2940 quotidie
475 2903 631 2942 facimus,
655 2904 815 2936 Journal:
852 2907 920 2937 sive

957 186 1061 216 etiam
1087 184 1344 223 Kalendarinm,
1362 185 1396 214 in
1422 193 1488 223 quo
1512 193 1556 215 sc.
1575 184 1699 215 scribe—

954 230 1048 265 bant,
1067 239 1142 268 quae
1166 229 1315 267 quotidie
1339 229 1502 265 facerent,
1523 229 1697 258 memorias

955 283 1066 303 eausa.
1095 274 1215 313 Quint.
1236 276 1285 303 18.
1315 273 1348 302 in
1375 272 1572 301 memoriam
1598 272 1697 303 rediit

954 317 1130 356 Quintius,
1144 326 1209 355 quo
1225 316 1277 346 die
1292 317 1401 346 Roma
1413 316 1446 345 in
1460 315 1604 345 Galliam
1619 325 1696 355 pro-

950 361 1059 390 fectus
1091 361 1146 390 sit.
1178 361 1219 390 ad
1234 360 1471 401 ephemeridem
1495 359 1695 390 revertitur:

950 404 1124 433 invenitur
1157 404 1226 434 (lies
1259 404 1475 443 profectionis
1506 403 1591 443 prid.
1625 403 1696 434 Ka-

951 447 1039 477 lcnd.
1056 447 1149 477 Febr.
1172 448 1235 488 Ap.
1254 447 1339 477 Plin.
1357 448 1401 477 Η.
1420 447 1462 477 Ν.
1480 448 1567 477 xxix.
1590 449 1616 477 1.
1641 450 1696 478 est

950 493 1127 531 ephemetis
1142 491 1398 529 mathematica,
1417 491 1450 520 in
1476 501 1542 530 qua
1565 491 1696 521 scilicet

950 536 1098 565 siderum
1123 540 1235 565 motus
1260 536 1295 565 in
1319 535 1387 565 dics
1411 535 1562 574 singulos
1584 535 1696 564 consi-

951 584 1072 619 gnatus
1089 585 1152 609 est.

996 623 1170 662 Epieopus.
1202 622 1272 653 Att.
1289 623 1354 653 xiV.
1376 623 1424 653 16.
1452 621 1610 662 phaselus
1625 623 1693 661 epi-

950 677 1064 706 copus.-
1089 667 1121 696 h.
1146 677 1175 697 e.
1199 668 1256 706 qui
1282 668 1381 696 remis
1406 667 1528 705 agitur.
1575 666 1692 697 Remis

951 717 1065 740 autem
1097 714 1247 749 aguntur
1277 710 1440 740 militares
1470 719 1583 747 naves,
1610 709 1693 740 velis

951 755 1126 792 onerariae,
1144 754 1233 783 unde
1249 753 1388 784 zosima-a
1403 755 1503 784 πλοῖα
1526 758 1607 784 sunt
1631 754 1696 783 mi-

952 799 1076 828 litares.
1106 809 1135 827 v.
1154 798 1312 827 Sche'rt‘er.
1329 798 1368 827 de
1386 798 1425 827 R.
1443 798 1485 827 N.
1506 798 1538 827 ii.
1556 799 1587 827 2.
1615 798 1693 828 init.

951 843 1074 873 Rosius
1090 842 1132 872 ad
1155 843 1225 872 Att.
1243 852 1271 871 ν.
1295 845 1344 871 ll.
1376 842 1433 871 ubi
1459 841 1493 870 in
1517 841 1695 873 Graeviana

952 897 969 915 e
994 887 1189 916 Victoriana
1213 885 1372 923 ἓπίκωπον,
1393 885 1451 915 sed
1475 884 1568 915 nullo
1593 894 1694 916 sensu

953 930 1084 960 idoneo.

997 974 1136 1014 Epieus,
1154 978 1223 1013 opt.
1242 983 1318 1013 gen.
1337 972 1368 1003 d.
1391 975 1417 1002 1.
1445 976 1554 1013 poetae
1572 982 1694 1012 genus,

954 1018 1042 1057 quod
1065 1022 1099 1048 et
1122 1018 1296 1048 heroicum
1323 1017 1459 1054 dicitur,
1488 1016 1595 1056 qualis
1624 1016 1696 1046 Ho-

955 1072 1066 1092 merus
1097 1066 1132 1092 et
1159 1061 1332 1100 Virgilius,
1378 1060 1467 1090 Nam
1494 1060 1557 1090 hoc
1588 1069 1696 1100 genus

955 1107 1112 1136 carminis
1128 1105 1196 1139 ’ἔπος
1215 1105 1349 1135 dicitur.
1388 1115 1391 1119 ·

998 1150 1181 1190 Epipliora.
1215 1149 1257 1178 ad
1283 1149 1360 1179 Div.
1388 1149 1453 1178 xvi.
1480 1150 1533 1179 23.
1570 1147 1696 1180 Balbus

955 1194 1099 1234 Scripsit,
1124 1204 1158 1224 se
1185 1198 1284 1223 tanta
1306 1194 1461 1232 epiphora
1484 1201 1695 1232 oppressum,

955 1242 994 1268 ut
1021 1238 1111 1277 loqui
1139 1247 1207 1267 non
1234 1241 1356 1277 posset.
1406 1237 1465 1266 Est
1492 1240 1606 1266 autem
1631 1236 1698 1275 epi-

949 1283 1058 1322 phora
1085 1282 1235 1319 morbus,
1252 1291 1330 1311 cum
1358 1280 1540 1310 destillatio
1567 1280 1608 1310 fit
1634 1279 1698 1310 hu-

956 1327 1057 1356 moris
1075 1327 1109 1356 in
1126 1325 1253 1362 oculos,
1270 1325 1486 1354 lacrimarum
1503 1324 1626 1364 speeie.

1001 1370 1153 1410 Epistola
1170 1369 1395 1407 distinguitur
1417 1379 1437 1397 a
1453 1368 1569 1398 literis,
1600 1367 1641 1397 ad
1657 1367 1698 1407 Ω.

957 1413 1008 1444 Fr.
1027 1414 1073 1443 iii.
1096 1417 1122 1443 l.
1138 1417 1169 1444 3.
1200 1413 1241 1443 ad
1257 1416 1332 1442 tuas
1350 1413 1476 1450 literas,
1493 1421 1573 1451 quas
1590 1411 1698 1442 tribus

956 1459 1092 1498 epistolis
1116 1457 1240 1497 accepi.
1264 1457 1286 1486 i.
1312 1466 1340 1486 e.
1365 1466 1416 1494 ea,
1434 1465 1508 1495 quae
1533 1455 1617 1486 mihi
1640 1455 1702 1486 tri-

959 1503 1019 1532 bus
1037 1503 1173 1541 epistolis
1187 1501 1362 1540 scripsisti.

1001 1546 1123 1585 Epulo.
1155 1545 1237 1576 Har.
1261 1545 1361 1584 Resp.
1391 1547 1440 1574 lo.
1471 1544 1621 1583 epulones
1642 1542 1702 1573 Jo-

957 1590 1004 1619 vis
1021 1590 1101 1630 Opt.
1118 1589 1210 1619 Max.
1241 1589 1298 1618 Or.
1317 1589 1363 1618 iii.
1385 1591 1435 1622 19.
1461 1595 1501 1617 ut
1518 1587 1701 1617 Pontifices

958 1638 1100 1671 veteres,
1118 1637 1256 1673 propter
1278 1632 1520 1662 sacrificiorum
1542 1631 1701 1661 multitu-

958 1677 1073 1708 dinem
1102 1682 1169 1708 tres
1201 1677 1286 1706 viros
1314 1678 1462 1715 epulones
1489 1685 1560 1705 esse
1587 1674 1702 1704 volue-

957 1727 1052 1758 runt,
1068 1731 1145 1751 cum
1162 1728 1275 1750 essent
1291 1720 1353 1760 ipsi
1371 1731 1390 1749 a
1404 1720 1532 1756 Numa,
1543 1723 1582 1749 ut
1596 1719 1700 1749 etiam

958 1766 1042 1795 illud
1059 1766 1215 1795 ludorum
1232 1764 1368 1804 epulare
1392 1764 1595 1793 sacrificium
1612 1762 1702 1793 face-

959 1814 1047 1847 rent,
1065 1809 1231 1839 instituti:
1265 1818 1305 1838 ex
1329 1818 1394 1847 quo
1419 1807 1505 1844 loco,
1530 1806 1619 1846 quod
1643 1816 1701 1845 ge-

959 1864 1022 1883 nus
1046 1852 1261 1884 sacerdotum
1291 1852 1431 1890 fuerint,
1455 1851 1601 1890 intelligi
1626 1854 1701 1890 pot-

959 1902 1020 1928 est.

1004 1941 1126 1981 Eques.
1150 1941 1244 1971 Verr.
1262 1940 1308 1969 iii.
1322 1942 1374 1971 24.
1398 1939 1518 1979 equites
1534 1937 1696 1975 illustres,

957 1992 1038 2015 sunt
1051 1985 1231 2026 splendidi,
1243 1994 1260 2013 e
1274 1983 1411 2020 divitiis,
1425 1982 1630 2021 antiquitate
1643 1991 1701 2021 ge·

959 2030 1061 2067 neris,
1079 2029 1188 2069 gratia
1205 2029 1264 2058 &a
1296 2032 1516 2067 opponuntur
1531 2026 1622 2056 enim
1640 2026 1700 2055 ob-

958 2074 1073 2103 scuris.
1119 2073 1185 2103 Alii
1209 2073 1329 2112 equites
1352 2071 1497 2101 illustres
1521 2073 1616 2107 sunt,
1640 2069 1698 2108 qui

958 2117 1019 2147 sub
1051 2117 1251 2152 Caesaribus,
1279 2126 1308 2145 v.
1336 2125 1364 2145 c.
1395 2114 1505 2144 Tacit.
1533 2113 1572 2144 A.
1594 2113 1639 2143 xi.
1665 2115 1699 2145 4.

959 2166 1287 2190 commemorantur:
1313 2159 1370 2189 ubi
1387 2169 1416 2188 v.
1432 2157 1598 2198 Lipsium.

1003 2205 1181 2245 Equidem.
1206 2213 1283 2234 eum
1301 2203 1448 2233 secunda
1464 2206 1498 2231 et
1512 2201 1615 2231 tertia
1626 2210 1701 2240 per·

959 2259 1054 2285 sona,
1086 2250 1166 2278 item
1198 2249 1307 2287 prima
1344 2246 1477 2286 plurali.
1524 2246 1615 2275 Sext.
1647 2247 1702 2278 57.

959 2293 1106 2333 equidem
1131 2291 1360 2322 audiebamus.
1398 2290 1507 2320 Pison.
1532 2292 1584 2320 34.
1620 2298 1700 2318 cuni

961 2336 1231 2376 equidem—fuit.
1270 2335 1323 2365 Sic
1339 2338 1390 2364 est
1407 2334 1510 2363 etiam
1526 2332 1616 2373 apud
1631 2331 1703 2361 Sal-

963 2382 1040 2411 lust.
1059 2380 1159 2410 Catil.
1177 2382 1229 2410 52.
1250 2379 1299 2409 16.
1346 2378 1432 2407 Cum
1454 2377 1564 2417 prima
1586 2379 1702 2406 autem

962 2434 1106 2465 persona
1122 2433 1232 2453 aureae
1249 2422 1343 2452 aetati
1356 2421 1630 2457 usitatissimum,
1645 2429 1703 2449 ne—

964 2479 1027 2508 que
1044 2468 1115 2498 haec
1133 2466 1288 2507 exempla
1304 2465 1401 2495 facile
1418 2464 1594 2495 imitanda.
1637 2464 1705 2494 To·

962 2518 1000 2543 ta
1023 2522 1073 2542 res
1099 2522 1137 2541 eo
1154 2511 1253 2547 redit,
1270 2515 1386 2539 utrum
1403 2509 1549 2549 equidem
1565 2509 1622 2544 sit,
1640 2517 1704 2546 ego

964 2556 1114 2595 quidem,
1139 2565 1181 2584 an
1205 2554 1339 2594 quidem
1365 2553 1576 2593 simpliciter,
1601 2555 1640 2581 ut
1663 2551 1704 2581 fit

964 2610 1003 2630 ex
1022 2611 1039 2629 e
1056 2604 1090 2629 et
1115 2599 1264 2638 quidem,
1282 2602 1321 2627 ut
1337 2597 1450 2638 placet
1465 2596 1640 2626 Drakenb.
1666 2594 1708 2626 ad

962 2644 1035 2674 Liv.
1061 2653 1090 2673 V.
1115 2646 1167 2673 54.
1199 2648 1233 2672 et
1255 2641 1372 2671 Burm.
1397 2640 1439 2671 ad
1461 2640 1554 2679 Virg.
1574 2640 1652 2669 AEn.
1671 2639 1707 2670 ii.

963 2691 1017 2722 77.
1049 2686 1114 2717 Sed
1145 2686 1254 2716 adhuc
1285 2684 1485 2723 subjudice
1516 2683 1556 2713 lis
1585 2686 1645 2712 est.
1675 2691 1707 2712 ν.

965 2732 1057 2761 Cort.
1074 2730 1115 2760 ad
1131 2729 1266 2760 Sallust.
1285 2729 1383 2758 Catil.
1402 2731 1453 2759 51.
1472 2730 1520 2758 15.
1545 2727 1708 2756 Ceterum

965 2776 999 2805 in
1026 2775 1075 2805 his
1104 2774 1182 2814 ipsis
1210 2773 1304 2809 locis,
1332 2773 1365 2802 in
1391 2771 1511 2810 quibus
1535 2770 1634 2800 aliter
1656 2774 1709 2800 est

963 2819 1126 2859 equidem,
1158 2827 1257 2856 quam
1291 2826 1368 2845 cum
1406 2816 1515 2855 prima
1551 2823 1708 2854 persona,

965 2863 1079 2892 cautio
1097 2860 1288 2892 adhibenda
1304 2866 1368 2897 est,
1384 2869 1425 2888 ne
1442 2858 1550 2898 decipi
1569 2867 1628 2887 nos
1650 2866 1711 2896 pa-

965 2907 1103 2936 tiamur.
1138 2905 1227 2936 Nam
1245 2905 1354 2945 primo
1370 2902 1517 2942 vulgaris
1534 2902 1711 2941 interpun-

1017 2958 1035 2978 ι·
1056 2952 1075 2979 <2
