1985 3206
359 147 700 221 INDEX
753 143 1578 216 GEOGRAPHICUS.

221 425 440 481 ABDERA‚
456 443 534 473 urbs
550 442 717 478 Thraciae,
734 451 842 471 crasso
859 439 953 477 coelo,

222 488 408 518 Democriti
426 487 543 527 patria.
562 487 667 516 Roma
682 485 812 515 Abdera
829 484 869 514 ad
884 485 955 513 Att.

221 532 265 561 iv.
288 532 336 561 16.
361 531 496 567 dicitur,
514 536 648 569 propter
669 535 840 568 stuporem
864 538 957 557 sena-

221 580 346 604 torum.
364 585 394 603 v.
413 573 484 603 Ind.
503 575 557 602 Gr.
575 571 762 614 ἀὲδπξιτικὸν.
783 571 878 601 Unde
895 571 959 601 Ab·

222 618 353 654 delites,
370 618 409 648 de
427 617 505 647 Nat.
524 618 622 647 lleor.
641 617 661 646 i.
680 618 732 646 ⁶23.

266 662 410 700 Abydus,
427 661 584 701 oppidum
603 659 755 698 Troadis,
773 658 814 689 ad
831 657 959 688 Helles-

221 710 379 746 pontum,
398 716 414 734 c
432 705 564 743 regione
581 703 678 733 Sesti.

266 749 472 786 Acarnania,
490 757 563 788 pars
587 747 723 776 Graeciae
746 755 857 775 versus
873 745 960 775 occi-

223 790 359 822 dentem
384 793 424 821 ad
449 802 537 821 mare
563 790 693 820 lonium
718 791 805 819 inter
823 789 961 820 Ambra-

225 836 315 865 cium
333 836 443 865 sinum
461 841 494 864 et
511 835 693 864 Acheloum
710 833 859 863 fluvium.

268 880 378 910 Achcm‘
395 884 428 908 et
445 880 571 915 Achivi,
590 877 703 918 populi
723 877 871 913 Graeciae,
890 885 964 916 pro-

223 923 295 962 prie
319 923 375 962 qui
398 922 556 952 Achaiam
573 921 725 951 incolunt
747 921 781 950 in
806 919 966 960 Pelopon-

225 975 316 996 neso.

269 1010 442 1047 Achaicus,
460 1008 534 1038 Act.
553 1009 573 1038 i.
592 1009 624 1038 in
641 1007 734 1038 Verr.
752 1009 783 1038 2.

269 1054 409 1089 Achaia,
427 1053 595 1092 provincia
617 1051 779 1088 Romana,
804 1049 965 1091 Pelopon-

226 1105 345 1128 nesum
369 1102 403 1126 et
425 1096 587 1126 Graeciam
611 1096 741 1135 proprie
769 1095 815 1124 sic
840 1095 964 1124 dictam

227 1150 304 1170 curn
314 1140 535 1179 circumjectis
548 1139 662 1168 insulis
680 1139 866 1168 continens.
886 1139 963 1168 Pro-

226 1185 297 1224 prie
314 1193 388 1223 pars
406 1183 635 1223 Peloponnesi,
654 1183 776 1212 isthmo
792 1183 911 1212 vicina.

269 1228 436 1264 Acherini,
460 1226 482 1256 l.
513 1227 559 1256 iii.
585 1227 619 1255 in
642 1225 734 1256 Verr.
758 1229 810 1257 43.
845 1225 964 1256 Siciliae

226 1270 382 1311 populus,
409 1271 537 1309 exiguae
570 1270 727 1308 civitatis,
754 1270 812 1299 sed
843 1270 965 1309 ignotae

226 1314 394 1343 veteribus
419 1314 619 1344 auctoribus.
667 1313 784 1352 Itaque
807 1312 966 1343 Cim-erus

227 1357 292 1387 Sic.
310 1357 388 1387 Ant.
406 1358 439 1387 ii.
453 1359 483 1388 2.
500 1367 615 1387 vocem
626 1357 779 1387 vitiatam
794 1362 904 1397 putat,
918 1364 966 1394 et,

227 1401 390 1441 probante
415 1400 601 1437 Harduino,
626 1400 807 1440 legendum
832 1401 968 1440 conjicit

228 1444 379 1475 Selzerim‘
396 1455 415 1474 a
428 1445 565 1482 Schera,
577 1445 658 1474 urbe
675 1444 794 1474 Siciliae
811 1445 967 1474 mediter-

227 1497 337 1518 raneae
353 1499 465 1518 versus
481 1489 758 1528 septentrionem,
771 1489 860 1518 inter
876 1487 968 1528 Hyp-

229 1541 300 1561 sam
318 1536 351 1561 et
369 1533 564 1562 Crimissum
587 1532 738 1562 fluvium.
763 1532 824 1571 Ap.
849 1531 967 1562 Silium

227 1575 295 1605 viii.
335 1577 409 1610 969.
449 1580 655 1605 memoratur
685 1576 788 1615 pubes
819 1577 968 1615 liquentis

227 1619 354 1656 Aclceti,
368 1628 426 1659 pro
439 1629 503 1658 quo
515 1619 602 1649 Dan.
617 1618 774 1649 Heinsius
791 1619 967 1657 scribebat,

231 1662 342 1692 Pubes
358 1664 500 1701 ingentis
520 1663 654 1695 Achai,-
684 1663 740 1702 qui
757 1664 825 1702 ipse
849 1663 968 1693 fluvius

229 1711 288 1735 aut
304 1705 395 1736 locus
412 1707 546 1745 ignotus
559 1712 625 1736 est:
643 1707 732 1736 unde
749 1706 831 1736 illud
848 1716 970 1736 nomen

229 1751 318 1779 varie
341 1756 504 1780 tentatur.
552 1750 662 1780 Pubes
686 1751 801 1780 Achetz'
831 1755 971 1790 possunt

229 1792 294 1822 dici
321 1794 480 1824 Acherini.
527 1793 570 1823 Et
597 1794 736 1823 fortasse
763 1795 809 1823 sic
835 1795 968 1834 scripsit

230 1836 357 1866 Cicero.
391 1838 455 1867 Sed
466 1837 513 1866 nil
525 1837 658 1867 definio.
695 1837 852 1867 Ceterum
865 1838 967 1868 semel

228 1879 283 1909 hic
307 1881 425 1910 dixisse
449 1881 612 1911 sufficiat:
646 1880 723 1911 Non
750 1881 857 1910 valere
881 1881 967 1911 hanc

227 1925 406 1961 rationem,
425 1935 490 1963 qua
513 1925 546 1954 in
563 1924 753 1962 hujusmodi
777 1925 966 1955 nominibus

227 1967 415 2007 Geographi
427 1974 461 1998 et
474 1968 588 1998 (tritici
605 1978 691 2008 saepe
710 1973 871 1998 utuntur:
897 1969 969 1999 Hoc

229 2020 345 2041 nomen
376 2013 410 2041 in
442 2013 531 2042 nullo
561 2013 626 2041 alio
655 2017 786 2041 auctore
816 2014 967 2050 occurrit,

229 2064 307 2093 ergo
337 2056 491 2085 vitiatum
517 2059 575 2092 est,
600 2060 631 2085 et
661 2057 695 2085 in
719 2061 828 2086 notum
853 2066 968 2086 nomen

229 2099 437 2128 mutandum.
455 2098 538 2138 Quis
550 2100 639 2128 enim
653 2099 846 2136 contendat,
856 2101 970 2130 omnia

228 2141 301 2171 loca
317 2142 436 2181 exigua
446 2148 480 2171 et
492 2143 632 2172 obscura
642 2143 775 2180 Siciliae,
789 2148 847 2173 aut
859 2143 969 2181 cujus-

230 2194 373 2224 cumque
397 2187 552 2224 regionis,
575 2192 761 2216 memorata
782 2197 852 2217 esse
883 2187 968 2217 Geo-

229 2228 363 2268 graphis
393 2230 552 2268 antiquis,
577 2235 636 2260 aut
666 2230 737 2260 aliis
764 2231 967 2261 auctoribus.

229 2272 263 2301 Si
288 2272 334 2302 nil
356 2274 485 2303 variant
516 2273 609 2303 MSS.
635 2273 799 2311 meliores,
816 2279 876 2304 aut
898 2275 970 2314 ipsa

190 2350 191 2355 ¹
228 2316 315 2346 ratio
346 2317 521 2346 manifeste
558 2317 678 2346 vitium
710 2317 861 2347 lectionis
892 2328 969 2347 con-

228 2360 347 2397 vincit,
358 2360 403 2390 nil
414 2360 626 2390 tentandum.
654 2360 849 2400 Sicjudicat
865 2362 968 2392 etiam

229 2401 402 2433 Drakenb.
420 2404 460 2433 ad
476 2403 547 2434 Liv.
565 2404 633 2434 viii.
653 2406 702 2435 12.

272 2447 497 2485 Aemonmoes,
513 2458 562 2488 pr.
580 2447 687 2477 Flacc.
707 2451 756 2479 15.
774 2447 890 2478 incolae
906 2447 969 2478 Ac'-

230 2492 345 2520 monia>
368 2491 517 2531 Phrygia:
550 2500 691 2530 mag-nae.
736 2491 776 2527 In
807 2491 970 2522 Hieroclis

230 2533 434 2572 Synecdemo
459 2534 583 2573 α’κμῶνιι
610 2535 743 2566 dicitur.
773 2535 814 2565 ad
838 2546 868 2574 q.
893 2535 914 2566 l.
939 2546 969 2566 ν.

231 2575 483 2617 W'esselingius,
509 2578 546 2607 V.
565 2578 602 2608 C.
647 2577 721 2609 Alia
744 2582 794 2609 est
812 2580 971 2609 Acmonia.

231 2619 345 2650 Daeiae
360 2621 389 2650 T
392 2622 508 2660 rajani.
547 2621 673 2652 Vitiose
689 2622 762 2653 edd.
779 2627 862 2653 vett.
880 2633 969 2662 quae-

231 2663 307 2693 dam
323 2663 553 2696 AEmonenses.

274 2707 457 2746 Acradz'na,
489 2708 541 2738 vel
571 2710 777 2748 Achradina,
808 2709 844 2740 in
872 2709 968 2741 verr.

229 2749 286 2781 hb.
305 2750 354 2780 ivi
366 2755 416 2783 53.
434 2762 509 2792 pars
524 2752 772 2792 Syracusarum.

273 2795 382 2835 Aet-ag
389 2797 485 2834 ianoe,
502 2796 567 2826 vid.
584 2797 801 2835 Agragianoe.

274 2839 469 2876 xlm-onoma,
481 2839 521 2869 ad
531 2838 601 2869 Att.
615 2841 682 2870 xiii.
695 2844 750 2877 40,
763 2840 853 2871 locus
865 2841 972 2871 incer-

232 2885 299 2912 tus.
345 2883 493 2915 Pithoeus
509 2884 544 2914 in
561 2884 710 2924 margine
734 2884 808 2919 libri
824 2885 875 2916 sui
891 2885 972 2916 seri-

1002 438 1068 478 psit
1083 448 1166 468 sama
1177 438 1384 476 Acheruntia,
1397 439 1497 479 quod,
1510 441 1577 471 sive
1594 451 1632 470 cx
1650 440 1742 481 inge-

1004 482 1072 518 nio,
1096 483 1162 511 sive
1195 493 1235 511 ex
1267 482 1349 512 libro
1375 489 1438 521 cst,
1464 494 1529 514 non
1560 485 1739 515 absurdum

1004 531 1098 564 puto.
1146 525 1232 555 Nam
1249 527 1445 557 Acherontia
1469 529 1545 557 urbs
1561 528 1688 568 Apuliae
1706 530 1741 559 in

1006 568 1073 597 alto
1090 578 1168 598 saxo
1179 570 1327 607 jacebat,
1345 571 1431 600 unde
1448 572 1562 602 nidum
1578 573 1743 603 Acheron-

1008 613 1060 642 tia·
1077 613 1222 651 appellat
1239 612 1409 644 Horatius.

1051 656 1194 692 Actium,
1211 657 1288 686 urbs
1305 665 1340 686 et
1356 659 1619 697 promontorium
1643 659 1744 690 Acar-

1005 700 1113 729 naniae
1130 710 1232 740 prope
1254 701 1363 731 sinum
1387 702 1614 739 Ambracium,
1631 714 1746 744 pugna

1006 743 1277 773 interOctavium
1286 750 1318 773 et
1326 745 1509 776 Antonium
1518 747 1745 779 nobilitatum.

1050 787 1182 817 Actium
1204 787 1361 827 Corcyroe,
1380 788 1420 818 ad
1442 789 1513 819 Att.
1531 791 1586 820 vii.
1604 793 1633 822 2.
1680 790 1747 821 Lo-

1007 840 1064 860 cus
1081 840 1106 860 s.
1125 836 1239 870 portus
1256 831 1372 862 insulae
1385 832 1549 874 Corcyrae,
1562 835 1614 864 cui
1628 835 1746 865 insulae

1011 880 1134 904 nomen
1164 875 1332 913 adjicitur,
1355 886 1396 905 ne
1428 887 1505 907 cum
1527 878 1624 907 Actio
1646 878 1749 909 Acar-

1011 919 1119 948 naniae
1136 918 1369 949 confundatur.

1054 962 1253 998 Aculamzm,
1271 963 1312 992 ad
1328 964 1399 994 Att.
1418 973 1470 993 xv.
1487 965 1517 994 2.
1538 969 1661 1005 putant
1677 976 1748 997 esse.

1010 1004 1098 1035 idem
1115 1016 1191 1035 cum
1214 1005 1397 1044 AEeulano,
1415 1007 1502 1046 quod
1521 1015 1572 1039 est
1586 1010 1747 1050 oppidum

1010 1048 1044 1078 in
1070 1049 1229 1089 Hirpinis.
1276 1051 1339 1080 Sed
1362 1051 1535 1081 Manutius
1562 1058 1676 1093 negat,
1701 1054 1748 1084 lo-

1011 1103 1089 1122 cum
1111 1103 1231 1123 sanum
1255 1104 1337 1131 esse,
1362 1099 1396 1125 et
1420 1096 1556 1134 conjicit
1582 1098 1747 1128 Hercula-

1010 1145 1102 1175 mmz,
1112 1138 1198 1176 quod
1211 1147 1276 1167 non
1289 1137 1385 1178 longe
1399 1139 1491 1169 abest
1503 1150 1523 1169 a
1534 1140 1746 1181 Pompeiano:

1009 1190 1069 1219 pro
1084 1180 1296 1211 AEcnlannm
1316 1182 1438 1212 dicitur
1460 1188 1494 1213 et
1518 1184 1699 1223 Eclamcm,
1713 1186 1750 1216 in

1012 1223 1165 1254 Itinerar.
1183 1225 1306 1255 Anton.
1322 1227 1378 1256 ubi
1396 1227 1461 1256 vid.
1479 1226 1748 1268 {Vesselingiunh

1013 1268 1099 1297 conf.
1118 1268 1216 1298 Goesii
1234 1269 1306 1299 Iud.
1324 1270 1358 1299 in
1379 1271 1492 1310 script.
1510 1271 1549 1301 R.
1567 1272 1646 1311 Agr.

1056 1312 1243 1342 Adrianum
1267 1324 1370 1351 mare,
1389 1314 1430 1343 ad
1451 1315 1522 1344 Att.
1548 1325 1578 1345 x.
1604 1320 1634 1350 7.
1663 1317 1751 1355 quod

1012 1356 1111 1394 vulgo
1142 1357 1349 1387 Adriatic-mn
1380 1357 1512 1388 dicitur.
1562 1360 1615 1389 Sic
1646 1361 1750 1391 etiam

1013 1399 1136 1429 dicitur
1151 1401 1185 1430 in
1203 1400 1368 1438 Pisonem,
1386 1408 1419 1431 et
1436 1401 1524 1441 apud
1541 1402 1731 1435 Horatium.

1056 1444 1303 1482 Adramitemts,
1314 1444 1370 1474 Or.
1387 1455 1418 1485 p.
1437 1445 1541 1476 Flacc.
1564 1450 1612 1477 13.
1631 1447 1657 1477 si
1674 1458 1753 1479 vera

1012 1486 1112 1517 lectio
1136 1493 1235 1525 esset,
1260 1492 1346 1518 esset
1369 1490 1409 1519 ab
1439 1489 1632 1528 Adramitis‚
1656 1497 1752 1531 parte

1013 1531 1216 1569 Sabaeorum,
1227 1533 1260 1561 in
1274 1532 1393 1562 Arabia
1405 1532 1503 1563 felici.
1516 1534 1580 1564 vid.
1594 1533 1751 1566 Bochai-t.

1015 1574 1054 1604 G.
1079 1575 1110 1604 S.
1135 1586 1167 1615 p.
1193 1576 1213 1605 i.
1238 1575 1259 1605 l.
1285 1576 1318 1606 ii.
1351 1587 1380 1606 c.
1410 1580 1459 1607 13.
1511 1577 1574 1608 Sed
1605 1588 1671 1608 non
1703 1584 1756 1610 est.

1015 1618 1166 1656 dubium,
1191 1620 1283 1658 quin,
1308 1621 1497 1651 auctoribus
1528 1621 1634 1652 doctis
1661 1623 1752 1662 viris,

1014 1661 1192 1701 legendum
1209 1664 1270 1693 sit:

1058 1707 1329 1745 Adramyttenus,
1355 1708 1395 1738 ab
1418 1707 1635 1749 Adramytteo
1658 1720 1683 1741 s.
1707 1710 1751 1741 A-

1015 1749 1210 1790 dramyttio,
1229 1751 1329 1781 nobili
1346 1752 1461 1792 Mysiae
1478 1753 1558 1782 urbe
1575 1754 1609 1783 in
1625 1755 1754 1785 mariti-

1016 1803 1071 1822 ma
1087 1804 1154 1823 ora.

1056 1838 1287 1875 AdJ-umetuon,
1301 1849 1360 1879 pro
1373 1839 1477 1869 Flacc.
1496 1840 1654 1881 oppidum
1668 1841 1753 1872 Afri—

1013 1890 1059 1910 cae
1077 1882 1230 1921 propriae,
1248 1882 1429 1922 Byzacenae
1446 1885 1623 1923 provinciae
1640 1891 1754 1925 caput.

1014 1924 1078 1954 Sed
1109 1935 1175 1954 non
1206 1930 1257 1955 est
1288 1926 1522 1965 dubitandum,
1555 1929 1635 1967 quin
1675 1940 1753 1960 cum

1015 1968 1144 1998 Graevio
1176 1970 1403 2009 recipiendum
1435 1971 1479 2001 sit
1510 1983 1526 2001 e
1555 1972 1749 2010 Camerarii,

1015 2011 1141 2049 Ursini,
1159 2012 1258 2052 Sylvii
1281 2014 1473 2053 conjectura
1492 2015 1751 2054 Adramyttium.

1014 2055 1103 2094 Quid
1117 2057 1207 2086 enim
1224 2057 1441 2088 Adrumetum
1459 2059 1577 2089 Africae
1602 2060 1642 2089 ad
1666 2060 1752 2090 Prae-

1011 2103 1121 2129 torem
1137 2100 1223 2130 Asiae
1238 2102 1374 2140 ejusque
1391 2101 1562 2141 legatum?
1593 2103 1751 2134 Ceterum

1013 2143 1048 2172 in
1061 2145 1196 2173 nomine
1207 2145 1411 2184 Adramyttit'
1423 2146 1470 2176 ita
1482 2147 1612 2176 variant
1623 2154 1751 2178 veteres

1013 2185 1101 2224 libri,
1118 2193 1157 2217 nt
1174 2197 1240 2217 non
1260 2189 1394 2226 mirum,
1413 2191 1439 2219 si
1456 2189 1645 2229 hujusmodi
1662 2202 1753 2221 error

1014 2231 1048 2260 in
1062 2231 1256 2261 Ciceronem
1267 2233 1409 2272 irrepsit.
1423 2243 1452 2263 v.
1467 2234 1595 2264 Duker.
1609 2234 1650 2264 ad
1660 2234 1754 2265 Thu-

1015 2275 1086 2314 cyd.
1104 2285 1134 2305 v.
1156 2279 1183 2306 1.
1202 2280 1236 2305 et
1252 2275 1447 2316 wesseling.
1465 2277 1506 2307 ad
1524 2277 1647 2308 Anton.
1672 2278 1753 2310 Itin.

1013 2328 1046 2358 p.
1064 2322 1139 2351 335.

1057 2363 1182 2400 AEdui,
1202 2363 1314 2403 populi
1331 2363 1365 2393 iu
1382 2363 1488 2394 Gallia
1504 2364 1732 2404 Lugdunensi.

1057 2405 1221 2445 AEgoezem
1238 2417 1342 2444 mcwe,
1365 2408 1454 2437 inter
1468 2408 1579 2438 Asiam
1597 2414 1631 2438 et
1648 2409 1754 2440 Euro-

1017 2459 1093 2489 pam
1108 2463 1118 2489 ;
1146 2450 1224 2480 hinc
1253 2451 1415 2480 Graeciam
1442 2451 1754 2492 Macedoniamque,

1015 2492 1108 2523 illinc
1124 2494 1256 2524 Cariam
1273 2499 1307 2524 ct
1324 2494 1466 2532 Ioniam,
1483 2496 1631 2526 adluens.

1058 2536 1207 2576 AEgina,
1218 2537 1327 2567 insula
1342 2539 1375 2567 in
1392 2540 1467 2568 sinu
1483 2539 1653 2577 Saronico,
1666 2540 1757 2571 inter

1015 2580 1140 2611 insulas
1164 2582 1300 2612 Graeciae
1317 2582 1474 2621 minores,
1491 2583 1579 2613 circa
1594 2584 1756 2625 Pelopon-

1017 2632 1145 2654 nesum.

1057 2668 1244 2707 AEginetoe,
1277 2668 1316 2699 ‹le
1347 2667 1441 2699 Offic.
1474 2670 1521 2700 iii.
1555 2674 1605 2700 ll.
1637 2670 1755 2702 incolae

1014 2710 1132 2742 insulae
1147 2713 1288 2752 AEginae.

1058 2754 1220 2793 AEmilz‘a,
1246 2756 1288 2786 ad
1315 2756 1391 2787 Div.
1416 2768 1447 2787 x.
1471 2756 1532 2797 Ep.
1557 2761 1608 2788 30.
1631 2756 1694 2788 Via
1719 2758 1756 2789 in

1017 2797 1125 2829 Gallia
1147 2799 1334 2840 Cispadana
1356 2811 1376 2830 a
1391 2801 1562 2831 Placentia
1577 2801 1618 2831 ad
1633 2801 1754 2832 Arimi-

1017 2851 1113 2880 num,
1131 2843 1179 2872 ita
1195 2844 1297 2882 dicta,
1314 2845 1392 2884 quia
1408 2844 1448 2876 ab
1469 2844 1604 2877 AEmilio
1627 2845 1754 2886 Lepido

1016 2889 1124 2916 strata
1138 2891 1201 2918 est.

1095 2938 1116 2959 u
1133 2931 1153 2961 2
