1985 3206
266 95 347 133 236

268 201 357 230 nem,
376 195 414 221 ut
429 190 515 220 vinci
532 194 680 231 possent,
697 190 877 222 habebant.
904 193 999 223 *lar-

269 235 364 275 gitio.
395 235 458 274 Qu.
484 234 534 264 Fr.
554 235 574 264 i.
596 237 673 265 1.(2.
700 235 824 265 nullius
848 237 999 276 pecuniae

268 279 446 309 conditione
463 278 502 307 ab
515 278 709 317 integritate
726 277 857 309 deduci.
881 279 1000 310 Manil.

270 324 325 354 23.
355 321 473 361 quibus
496 322 733 359 concinionibus,
751 323 870 361 quibus
887 323 1000 359 jactu-

270 366 315 396 ris
339 365 488 395 homines
511 365 547 394 in
578 365 761 405 provincias
785 365 1000 405 proficiscan-

269 414 339 439 tur.
384 408 438 438 lta
459 407 588 438 scilicet
610 409 721 448 capio:
755 419 834 438 nam
865 409 999 439 conditio

270 452 409 491 ponitur
431 461 489 490 pro
513 461 564 488 co,
581 452 668 490 quod
691 456 742 482 est
762 453 797 481 in
813 453 999 482 conditione.

269 495 303 525 J.
321 495 372 525 Fr.
396 494 579 525 Gronovius
603 501 715 525 autem
739 495 778 525 de
803 497 887 526 Sest.
908 497 950 525 iv.
967 498 998 527 4.

271 541 355 568 extr.
372 538 554 577 pacti011e5‚
573 539 783 569 cautionibus
806 543 841 569 et
863 548 1000 579 syngra-

270 581 345 622 phis
370 581 488 619 factas,
513 583 774 622 interpretatur:
807 582 865 612 sed
888 582 997 612 addit:

272 625 436 666 promissa
458 625 600 665 pecunia
622 625 674 655 vel
699 628 816 665 gratia.
848 625 1000 656 *Similis

272 678 352 698 usus
376 668 474 707 liujus
497 669 584 698 vocis
609 673 671 705 est,
688 679 764 700 cum
788 669 926 708 ponitur
941 679 999 709 pro

273 712 412 752 nuptiis,
431 713 509 751 quia
523 713 611 742 fiunt
626 713 686 742 sub
702 713 878 742 conditione
894 712 999 742 dotis:

271 765 299 786 s.
324 766 383 795 pro
404 755 543 792 femina,
563 765 663 794 quani
685 766 822 785 uxorem
847 755 1000 786 ducimus

271 799 358 829 dotis
372 799 501 828 ratione
513 798 640 837 habita,
653 800 727 829 eine
740 799 899 837 Mariage.
918 799 998 831 Lael.

277 845 326 873 10.
358 842 474 873 uxoria
488 843 631 872 conditio.
663 842 747 872 Phil.
765 843 799 873 ii.
815 845 867 873 38.
894 842 998 872 filiam

273 886 359 923 ejus,
377 896 520 916 sororem
536 891 644 923 tuam,
662 887 800 925 ejecisti,
817 885 882 915 alia
897 886 1002 916 conda·-

273 930 357 959 tione
373 930 525 967 quaesita,
542 933 577 959 et
593 934 670 959 ante
694 934 879 969 perspecta.
912 929 953 959 ad
970 940 1001 968 q.

272 973 295 1003 l.
320 983 349 1002 ν.
374 973 505 1003 Abram.
529 977 562 1003 ct
586 973 695 1003 GraeV.
731 974 852 1003 *Hinc
881 972 1001 1002 deinde

272 1016 472 1055 simpliciter
490 1017 625 1054 dicitur,
642 1016 681 1046 de
704 1016 837 1046 feminis
862 1019 894 1045 et
911 1016 1001 1054 viris,

273 1059 473 1098 quibuscum
505 1060 753 1097 concumbitur,
779 1061 881 1090 etiam
908 1064 1002 1090 extra

274 1103 480 1142 conjugium.
502 1103 582 1133 Coel.
599 1107 648 1134 15.
670 1103 784 1133 Clodia
795 1104 1002 1133 dicitureon-

273 1147 407 1177 ditiones
422 1146 543 1186 legere,
557 1147 590 1177 h.
604 1157 631 1176 e.
649 1147 889 1184 adolescentes,
903 1146 1001 1183 viros,

273 1191 473 1228 quibuscum
497 1191 607 1221 cubet.
638 1191 694 1220 ubi
717 1191 781 1220 vid.
805 1190 938 1220 Abram.
960 1190 1001 1220 cf.

274 1233 376 1264 Gron.
401 1234 478 1264 Ohs.
504 1235 525 1264 i.
549 1234 579 1264 6.
611 1239 645 1264 et
666 1234 772 1264 Graev.
796 1234 837 1263 ad
864 1234 1002 1263 Sueton.

274 1276 361 1316 Aug.
380 1277 432 1311 69.
463 1277 549 1307 conf.
565 1278 762 1317 perspicere.
792 1280 811 1298 ’Ἀ
826 1277 932 1307 Flacc.
954 1280 1001 1307 lO.

275 1324 391 1350 tamen
409 1320 442 1350 in
459 1322 633 1351 conditione
649 1325 748 1360 atque
764 1320 916 1360 exemplo
930 1330 1003 1360 per-

273 1363 482 1394 timescenda
495 1364 682 1394 videantur.
709 1374 738 1394 v.
756 1369 825 1394 not.
844 1364 932 1394 Mur.
949 1366 1009 1394 28.-

275 1408 426 1445 iniquam
444 1407 550 1447 legem
561 1407 706 1445 judices,
718 1412 753 1437 et
764 1409 919 1437 miseram
933 1417 1004 1437 con-

275 1451 430 1481 ditionem
456 1452 611 1484 instituet
639 1451 793 1491 periculis
816 1451 1004 1481 hominum.

278 1494 377 1524 Catil.
402 1495 435 1525 ii.
460 1499 489 1529 7.
526 1496 733 1525 σοηᾶἰίίοησιη
759 1495 913 1524 miseram
938 1503 1005 1524 non

278 1538 377 1568 modo
403 1538 688 1576 administrandae,
713 1538 769 1568 sed
797 1538 899 1568 ctiam
928 1547 1005 1568 con-

278 1582 447 1612 servandae
464 1583 545 1622 reip.
563 1587 597 1612 et
613 1583 659 1611 sic
674 1581 853 1622 saepissime
871 1582 1006 1612 conditio

278 1624 413 1655 dicitur.
445 1628 464 1646 ᾗ
477 1626 558 1656 Rab.
576 1626 668 1656 Perd.
687 1628 716 1656 5.
745 1626 879 1655 conditio
901 1629 935 1654 et
951 1634 1006 1654 cx-

279 1669 452 1708 spectatio.
484 1670 527 1699 ibi
544 1670 678 1699 conditio
696 1673 759 1707 est,
775 1678 875 1707 quam
899 1668 1006 1708 philo-

279 1712 374 1751 sophi
404 1713 656 1751 possibilitatem
686 1713 810 1743 dicant.
843 1722 920 1742 cum
948 1712 1007 1741 ali-

279 1756 353 1793 quis
368 1760 419 1785 est
435 1766 473 1785 eo
490 1756 575 1793 loco,
591 1760 683 1787 statu
699 1756 759 1786 ἃς.
782 1762 820 1786 ut
837 1757 866 1785 ei
884 1754 1008 1794 aliquid

280 1799 428 1829 accidere
444 1801 557 1839 possit.

329 1842 479 1874 Conditio.
511 1843 590 1874 Nat.
614 1844 656 1874 D.
681 1843 715 1873 ii.
740 1846 791 1874 58.
820 1843 1009 1874 conditiones

279 1886 441 1916 ciborum.

329 1930 523 1965 (bndmzare,
540 1930 676 1968 donare,
700 1930 831 1960 tradere
856 1931 889 1960 in
914 1929 1007 1970 po'te-

279 1976 402 2004 statem
427 1974 576 2005 alterius..
604 1975 702 2004 Dom.
727 1976 779 2005 93.
811 1984 887 2003 cum
912 1973 1008 2003 alteri

278 2020 387 2047 totam
403 2017 694 2048 Achaiam—bona
710 2018 739 2048 ei
760 2018 881 2047 civium
899 2018 1008 2047 eando-

279 2070 386 2091 nares.
418 2061 496 2100 Agr.
529 2062 562 2091 ii.
595 2065 644 2092 15.
676 2071 777 2100 regna
806 2061 1008 2091 decemviro-

280 2114 356 2134 rum
370 2104 502 2141 ditioni,
513 2105 642 2143 judis-io
659 2105 885 2145 potestatique
897 2105 1007 2134 eomlo-

280 2152 361 2177 nata
378 2158 447 2177 esse
473 2148 556 2178 dico.
588 2149 665 2178 ibid.
683 2150 713 2179 6.
743 2149 915 2178 condonari
939 2158 1009 2177 cer-

280 2191 323 2221 tis
340 2190 529 2221 hominibus
548 2193 670 2222 omnia.
702 2192 785 2222 Phil.
802 2192 836 2221 ii.
853 2194 905 2225 27.
937 2201 1008 2221 (οη-

279 2236 486 2265 donabantur
521 2236 691 2275 apothecae
727 2235 918 2265 hominibus
951 2245 1009 2264 ne-

280 2279 459 2317 quissimis.
485 2279 569 2309 Pliil.
586 2290 616 2309 v.
633 2282 663 2309 3.
690 2280 815 2318 agitur,
829 2285 943 2308 utrum
960 2278 1008 2308 M.

279 2322 428 2353 Antonio
453 2323 593 2352 facultas
618 2323 914 2361 detur—agrorum
940 2322 1007 2351 suis

282 2365 467 2396 latronibus
490 2366 699 2396 condonandi.
728 2366 770 2395 ad
793 2376 824 2404 q.
847 2365 869 2396 l.
896 2365 1010 2395 Ferra-

279 2409 349 2439 rius
375 2409 501 2439 idoneis
527 2409 782 2439 auctoritatibus
811 2409 874 2438 hoc
905 2418 1009 2448 genus

280 2452 453 2492 loquendi:
479 2463 635 2492 agrorum
652 2453 850 2483 condonandi
864 2462 922 2492 pro
938 2462 1009 2482 con-

280 2497 502 2526 domnum-mn
522 2497 683 2527 defendit.
707 2496 749 2526 cf.
762 2496 868 2526 Drak.
881 2496 922 2525 ad
936 2495 1009 2525 Liv.

281 2549 356 2570 XXV.
372 2542 424 2571 5:23.
456 2544 474 2561 ’ἒ
490 2541 578 2570 Hinc
603 2540 738 2570 ducitur
760 2539 895 2578 elegans
912 2539 1008 2575 ratio,

281 2593 360 2613 cuin
385 2584 562 2613 condonare
588 2583 712 2614 dicitur
737 2593 767 2613 V.
790 2593 818 2612 c.
846 2592 904 2622 pro
932 2592 1011 2612 con-

279 2626 452 2664 demnare,
472 2628 521 2657 ita
542 2627 592 2657 uti
617 2627 750 2664 dedere,
775 2636 812 2656 ac
836 2635 895 2665 pro
917 2625 1010 2655 omni

280 2670 426 2707 actione,
444 2680 510 2709 qua
525 2671 597 2709 quis
612 2670 724 2708 homo,
743 2674 802 2699 aut
817 2679 868 2699 res
885 2669 1009 2708 aliqua,

280 2715 315 2744 in
347 2718 551 2753 potestatem
582 2713 719 2743 alterius
750 2713 853 2742 venit.
899 2712 1009 2750 Hujus

281 2758 412 2796 generis
427 2756 579 2797 exempla
594 2757 665 2787 haec
685 2760 782 2786 sunt:
807 2756 900 2786 Verr.
919 2756 939 2786 i.
956 2758 1010 2786 41.

279 2801 459 2831 condonare
482 2799 581 2830 alicui
604 2800 839 2835 hereditatem,
861 2799 900 2829 de
927 2808 1011 2839 prae-

279 2849 366 2881 tore,
391 2845 447 2883 qui
477 2844 576 2874 alicui
607 2843 829 2873 hereditatem
861 2842 1012 2873 decernit

280 2891 403 2930 praeter
422 2888 487 2929 jus.
519 2886 599 2919 Coel.
621 2889 673 2920 32.
698 2896 740 2918 ne
762 2886 939 2928 patiamini
963 2886 1011 2918 M.

772 102 917 134 INDEX
939 102 1236 134 LATtNITATts.

1042 192 1183 223 Coelium
1207 191 1336 222 libidini
1360 191 1513 223 muliebri
1537 193 1767 225 condmmtum:

1041 237 1061 266 i.
1076 245 1106 266 e.
1123 237 1319 266 damnatum
1336 236 1371 266 in
1392 236 1541 266 mulieris
1559 238 1709 276 gratiam.
1726 237 1768 268 fr.

1039 290 1099 320 pro
1127 279 1269 309 Scauro:
1300 282 1340 309 ut
1362 279 1410 309 M.
1433 279 1767 311 AEmilius-—vanissi-

1040 333 1104 353 mae
1128 322 1233 362 genti,
1250 326 1284 352 et
1307 332 1409 363 prope
1432 322 1555 361 dicam,
1571 323 1693 363 pellitis
1716 328 1766 354 te-

1040 366 1160 403 stibus,
1176 365 1380 396 condonetur.
1404 376 1434 396 v.
1452 365 1553 396 Gron.
1570 367 1707 397 Sestert.
1724 367 1767 396 iv.

1040 414 1070 443 9.
1103 413 1186 440 extr.
1217 409 1310 439 *Sed
1324 409 1426 440 etiam
1443 410 1476 439 in
1500 410 1621 440 bonam
1638 414 1767 450 partem

1041 453 1176 489 dicitur,
1195 461 1254 492 pro
1271 453 1448 483 absolvere.
1472 452 1605 483 Cluent.
1620 456 1672 488 39.
1701 463 1769 483 non

1040 496 1102 525 sibi
1119 506 1156 525 ac
1171 496 1352 526 defensioni
1378 506 1445 526 suae
1468 497 1679 527 condonatum
1697 506 1768 526 esse

1041 539 1276 579 Oppianicum.
1306 539 1515 569 *condonare
1541 539 1685 579 aliquem
1711 539 1770 569 ali-

1041 583 1095 612 cui
1119 582 1299 622 eleganter,
1320 586 1372 612 est
1394 592 1453 622 pro
1477 583 1646 623 ignoscere
1670 582 1768 613 alicui

1042 626 1076 655 in
1101 625 1236 657 alterius
1260 626 1416 666 gratiam,
1439 627 1488 656 uti
1514 627 1707 664 concedere,
1727 626 1767 656 de

1042 679 1106 708 quo
1138 679 1246 709 supra.
1279 670 1389 708 Ligar.
1425 671 1474 700 12.
1502 670 1680 700 condonare
1711 669 1771 700 ali-

1042 722 1141 751 quem
1166 713 1304 753 reipubl.
1333 714 1370 743 it.
1388 712 1471 743 Phil.
1489 723 1518 742 v.
1548 716 1595 743 18.
1626 713 1770 743 inimici-

1040 756 1105 786 tias
1129 757 1210 796 reip.
1234 756 1422 793 condonare,
1446 765 1504 795 pro
1527 757 1682 786 omittere
1706 757 1768 786 ini-

1043 799 1199 837 micitias,
1216 801 1294 839 quia
1310 799 1398 829 salus
1416 799 1496 839 reip.
1513 800 1562 829 ita
1579 799 1736 839 postulat.

1090 842 1288 873 Condonatio.
1326 844 1400 873 Act.
1431 843 1453 872 i.
1483 843 1516 872 in
1547 843 1641 872 Verr.
1671 845 1703 873 4.
1732 843 1769 873 in

1035 886 1112 925 jure
1130 886 1272 916 dicundo
1284 887 1446 916 bonorum
1460 886 1769 925 possessionumque

1043 934 1159 959 contra
1193 930 1343 959 omnium
1375 929 1531 959 instituta
1562 929 1706 959 addictio
1735 933 1771 960 et

1041 973 1235 1003 εοητῖοηαέὶο.
1252 983 1281 1003 v.
1298 973 1484 1003 condonare.

1091 1016 1282 1054 Condat-ere,
1307 1026 1365 1056 pro
1394 1016 1567 1052 redimere,
1591 1017 1772 1056 opponitur

1043 1059 1164 1090 locare.
1193 1061 1270 1091 Div.
1294 1061 1328 1089 ii.
1352 1062 1404 1091 21.
1435 1059 1490 1098 qui
1515 1059 1704 1089 columnam
1730 1060 1769 1090 de

1044 1103 1146 1133 Cotta
1173 1107 1208 1133 et
1231 1103 1401 1142 Torquato
1425 1103 1624 1133 condztaeerat
1646 1103 1770 1133 facien-

1043 1147 1131 1176 dam.
1177 1147 1230 1176 Sic
1257 1147 1344 1186 apud
1376 1146 1552 1176 Phaedrum
1584 1146 1769 1176 Simonides

1044 1196 1179 1220 'carmen
1202 1191 1399 1227 conclusisse,
1423 1193 1514 1219 certa
1536 1190 1699 1227 merc-ede,
1721 1190 1770 1220 di-

1044 1234 1142 1263 citur.

1093 1277 1272 1308 Cbmluctim
1302 1276 1375 1307 Act.
1393 1276 1414 1307 i.
1432 1277 1467 1306 in
1482 1276 1576 1306 Verr.
1593 1277 1623 1306 6.
1653 1276 1770 1306 condu-

1029 1322 1104 1353 rctio
1127 1321 1324 1350 renunciata
1342 1325 1402 1350 est.
1434 1323 1512 1350 ante
1529 1320 1618 1350 dicta
1639 1324 1689 1350 est.
1714 1330 1770 1360 pa-

1046 1364 1112 1394 ctio
1136 1369 1170 1394 et
1195 1364 1351 1394 conditio.
1382 1363 1484 1393 *luxu
1509 1363 1530 1393 i.
1545 1366 1576 1393 4.
1607 1364 1770 1394 conductio

1045 1413 1096 1437 est
1112 1417 1187 1437 cum
1205 1408 1385 1447 propositio
1401 1410 1435 1437 et
1457 1407 1618 1437 assumtio
1640 1407 1675 1436 in
1693 1417 1770 1437 eon-

1046 1451 1193 1481 clusione
1210 1453 1470 1490 conjunguntur.

1095 1495 1281 1533 Condzcctor,
1306 1495 1483 1524 redemtor.
1522 1493 1563 1523 ad
1585 1493 1625 1534 Q.
1649 1493 1700 1524 Fr.
1724 1493 1771 1524 iii.

1051 1541 1077 1568 1.
1097 1540 1127 1568 Q.

1095 1580 1282 1621 Cmgfalctlis.
1307 1581 1377 1612 Fat.
1396 1584 1447 1612 13.

1095 1625 1262 1665 Cori-thella.
1293 1625 1398 1655 Flacc.
1414 1629 1445 1659 9.
1474 1622 1622 1664 confectio
1638 1624 1771 1662 tributi,

1047 1670 1188 1699 exactio.
1220 1669 1297 1700 Div.
1315 1669 1336 1698 i.
1354 1671 1404 1700 51.
1436 1667 1586 1708 confectio
1608 1667 1772 1704 materiae,

1048 1716 1098 1742 est
1123 1722 1199 1742 usus
1225 1712 1375 1742 materiae
1398 1712 1439 1741 ad
1465 1722 1515 1742 res
1540 1722 1578 1741 ex
1606 1721 1644 1740 ea
1670 1711 1773 1740 confi-

1049 1757 1193 1786 ciendas.
1224 1756 1340 1786 Partit.
1361 1759 1391 1789 T.
1419 1754 1567 1795 cory‘kctio
1591 1754 1770 1784 memoriae.

1050 1800 1071 1829 i.
1088 1810 1117 1829 e.
1133 1809 1214 1839 opus
1232 1800 1411 1829 memoriae.

1099 1843 1261 1883 C'mfffector
1287 1843 1363 1873 belli
1388 1842 1427 1872 ad
1450 1843 1526 1872 Div.
1550 1853 1580 1872 x.
1604 1843 1656 1874 530.
1685 1841 1771 1880 *qul

1049 1887 1169 1927 perdit,
1187 1887 1342 1917 absumit.
1372 1886 1415 1916 N.
1432 1886 1474 1916 D.
1492 1887 1525 1915 ii.
1546 1889 1593 1915 15.
1620 1885 1704 1924 ignis
1721 1888 1772 1914 est

1049 1930 1206 1970 confector
1222 1935 1256 1960 et
1271 1934 1464 1960 consumtor
1481 1929 1643 1959 omnium.

1099 1973 1262 2013 C'ofgt'erre,
1276 1974 1315 2004 de
1330 1974 1488 2003 discente.
1512 1972 1591 2002 Lael.
1611 1976 1638 2002 l.
1663 1981 1716 2001 me
1732 1971 1773 2001 ad

1049 2014 1243 2058 pontificem
1267 2016 1446 2047 Scaevolam
1467 2017 1595 2046 contuli.
1628 2014 1773 2044 ³limane.

1053 2064 1101 2091 14.
1132 2061 1344 2102 conferamur
1373 2059 1482 2090 multa
1509 2062 1544 2099 in
1575 2069 1663 2089 cum.
1694 2058 1774 2088 ibid.

1051 2104 1190 2135 aliorum
1215 2106 1305 2135 dicta
1319 2106 1354 2135 in
1370 2114 1422 2134 me
1439 2102 1670 2143 conseruntur.-
1694 2101 1727 2132 h.
1745 2112 1775 2131 c.

1051 2148 1133 2178 mihi
1157 2149 1367 2185 tribuuntur,
1385 2153 1557 2187 tamquam
1583 2157 1603 2176 a
1625 2155 1677 2176 me
1700 2155 1775 2185 pro-

1049 2192 1148 2222 fecta.
1180 2192 1302 2222 *Vera
1329 2192 1375 2221 iii.
1406 2193 1453 2221 12.
1485 2189 1630 2230 conterre
1651 2189 1775 2229 capita,

1051 2241 1102 2266 est
1117 2235 1306 2265 clanculum
1329 2235 1596 2264 deliberantium.
1625 2232 1711 2262 *Oia
1729 2232 1774 2263 iii.

1051 2280 1104 2309 61.
1128 2279 1272 2319 conferre
1286 2289 1419 2309 causam
1437 2279 1471 2308 in
1487 2282 1633 2317 tenipus,
1646 2276 1679 2305 h.
1697 2285 1724 2305 e.
1742 2277 1775 2305 in

1052 2332 1151 2353 causa
1166 2323 1305 2353 dicenda
1321 2332 1354 2352 se
1372 2321 1621 2352 accommodare
1636 2319 1678 2349 ad
1689 2324 1776 2349 tem-

1052 2367 1139 2406 poris
1156 2367 1311 2397 rationes.
1340 2365 1464 2396 *Verin
1480 2375 1510 2395 v.
1529 2368 1581 2395 30.
1614 2362 1777 2403 supplicia

1050 2410 1137 2440 —ad
1152 2413 1249 2440 tunm
1267 2419 1333 2440 non
1350 2409 1391 2439 ad
1405 2408 1519 2449 populi
1535 2407 1677 2438 Romani
1691 2410 1777 2436 tem-

1051 2463 1112 2493 pus
1125 2452 1289 2492 conferes?
1311 2453 1343 2483 h.
1356 2463 1385 2483 e.
1397 2462 1508 2483 sumes
1523 2452 1584 2481 tibi
1600 2449 1777 2490 supplicia,

1052 2507 1129 2526 cum
1154 2497 1216 2527 tibi
1240 2496 1416 2537 placuerit,
1443 2505 1511 2526 non
1540 2505 1616 2524 cum
1648 2492 1778 2523 utilitas

1053 2541 1133 2580 reip.
1164 2540 1323 2580 postulat.
1351 2539 1495 2569 *Plane
1529 2542 1576 2573 19.
1607 2547 1673 2567 non
1703 2544 1777 2577 pos'-

1052 2594 1126 2613 sum
1155 2585 1259 2623 magis
1283 2584 1400 2624 pedem
1424 2581 1581 2622 conferre,
1605 2585 1644 2611 ut
1669 2581 1778 2617 aiunt,

1052 2631 1112 2656 aut
1141 2628 1275 2667 propius
1312 2627 1477 2657 accedere.
1515 2625 1619 2664 *Lig.
1650 2628 1678 2654 1.
1708 2633 1780 2653 ora-

1051 2671 1180 2700 tionem
1203 2670 1245 2700 ad
1267 2670 1526 2701 misericordiam
1550 2667 1707 2708 conferre,
1730 2670 1780 2697 est

1053 2714 1217 2744 abstinere
1235 2723 1254 2743 a
1273 2714 1476 2751 defensione,
1495 2716 1529 2742 et
1552 2713 1600 2742 uti
1625 2712 1779 2751 depreca-

1051 2757 1155 2795 tione,
1186 2757 1258 2788 loco
1291 2757 1503 2787 detensionis.
1543 2755 1779 2786 *com-estere.

1053 2799 1134 2831 Sull.
1154 2803 1204 2831 1—1.
1231 2802 1295 2831 Vos
1312 2811 1363 2831 me
1382 2801 1422 2831 ab
1438 2800 1591 2830 omnibus
1608 2798 1780 2837 cogitatio-

1054 2844 1151 2874 nibus
1182 2844 1222 2874 ad
1251 2844 1393 2875 salutem
1423 2842 1562 2883 reipubl.
1592 2842 1778 2872 contulistis.

1053 2887 1118 2918 Sed
1147 2887 1295 2919 Graevius
1333 2887 1512 2928 legendum
1550 2886 1706 2917 censebat
1739 2894 1779 2914 ex
