1920 3196
647 105 794 136 INDEX
825 105 1122 135 LATINITA'rls.

157 198 304 234 vantur,
319 196 375 235 qui
389 193 533 235 vectigal
550 193 779 233 redemerunt,
797 194 885 234 quod

163 239 203 269 de
230 240 359 279 pascuis
385 238 526 279 publicis
554 238 714 277 daretur3
738 238 795 268 sed
823 237 887 268 loci

163 282 371 313 Ciceroniani
387 288 421 312 et
448 282 576 312 Liviani
593 282 707 312 xxxiii.
733 284 786 313 42.
818 282 887 321 (ubi

163 327 264 356 etiam
280 326 452 356 Drakenb.
476 335 554 355 cum
580 325 741 356 Burman.
758 325 798 355 de
824 325 889 354 Ve-

162 369 272 407 ctigal.
299 369 334 399 P.
352 369 389 400 R.
407 380 438 409 p.
462 372 530 400 140.
556 369 594 398 de
623 368 809 408 publicanis
838 369 888 397 in—

163 411 311 452 telligit.)
340 423 435 442 xxxv.
456 416 504 442 10.
529 422 595 442 non
619 417 697 442 sunt
712 412 752 442 de
780 411 889 452 publi-

163 456 274 486 canis:
300 456 379 496 quid
393 457 416 487 ii
433 457 523 486 enim
536 456 578 486 ad
594 456 754 486 AEdilium
772 466 888 486 curam

162 500 333 540 pertinent
347 501 360 530 ?

206 541 396 582 Peculator,
427 543 484 582 qui
514 544 689 583 peculatus
721 552 795 573 reus
825 545 886 572 est.

162 586 256 617 offic.
272 587 318 617 iii.
337 591 385 618 18.
402 587 462 617 Est
478 594 591 617 autem
603 588 777 627 peculatus
792 586 888 616 Ruso.

161 629 200 660 A.
225 632 275 664 2²9.
300 631 440 668 crimen,
458 640 522 669 quo
538 635 686 668 tenetur,
704 631 760 669 qui
779 631 890 660 aerari-

161 683 218 703 um
237 673 456 704 defraudavit.

205 717 404 755 Peczcliaris,
436 717 599 758 proprius.
630 717 670 757 Ω.
698 717 749 748 Fr.
775 717 808 746 ii.
840 720 888 746 10.

160 760 222 791 hoc
240 761 320 792 mihi
333 762 398 791 suit
407 762 587 803 peculiare.

207 805 411 842 Pet-aliatus,
456 806 558 843 dives,
598 809 805 834 nummatus.
849 803 890 834 ad

162 847 238 879 Div.
256 860 286 878 x.
299 851 352 880 3⁶2.
377 849 475 890 plane
486 850 671 888 peculiatus
686 848 851 878 discessit.

204 893 394 930 Peculium,
434 893 590 933 pecunia,
630 902 729 931 quam
777 901 889 921 servus

150 935 291 967 'domini
314 937 477 976 permissu
501 936 642 974 colligit.
673 936 765 966 Verr.
790 935 811 965 i.
836 936 888 966 36.

158 982 288 1020 peculia
304 990 486 1010 servorum.
504 979 620 1009 Parad.
635 990 664 1008 v.
679 982 708 1009 ⁶2.
725 978 779 1017 qui
798 980 892 1018 cupi-

165 1024 268 1053 ditate
282 1025 401 1064 peculii
426 1022 552 1053 nullam
581 1023 809 1052 conditionem
841 1032 889 1052 re-

165 1074 283 1097 cusant
300 1067 484 1097 durissimae
502 1067 682 1096 servitutis.

208 1111 386 1148 Palatius,
419 1111 458 1140 de
490 1110 711 1145 senatoribus,
739 1110 795 1148 qui
823 1119 891 1139 non

165 1154 312 1185 dicendae
346 1154 523 1184 sententiae
561 1155 618 1192 jus
660 1153 796 1191 habent,
834 1153 892 1183 sed

164 1203 300 1228 tantum
325 1198 556 1228 assentiuntur
580 1197 792 1234 discessione,
816 1198 893 1235 quia

166 1243 313 1272 nondum
332 1242 528 1280 magistratu
545 1240 656 1280 aliquo
673 1241 782 1270 suncti
798 1246 890 1271 sunt.

164 1286 236 1316 Att.
261 1287 281 1315 i.
310 1289 357 1319 19.
382 1287 435 1317 ⁶20.
459 1295 489 1314 v.
513 1284 597 1315 Gell.
615 1285 660 1314 iii.
691 1288 739 1314 18.
764 1294 841 1314 nam
866 1285 891 1314 is

163 1335 214 1359 est
231 1329 322 1359 locus
336 1329 502 1359 classicus.

209 1372 378 1409 Pedester,
402 1382 461 1412 pro
476 1375 635 1402 terrester
665 1377 716 1401 est
745 1372 838 1402 Cato.
862 1374 892 1402 5.

160 1418 321 1456 pedestres
339 1416 536 1455 navalesque
553 1425 686 1455 pugnae.
726 1416 778 1445 Sic
805 1425 891 1455 saepe

168 1461 277 1501 Nepos
302 1468 335 1489 et
360 1459 426 1490 alii.
450 1470 480 1489 v.
515 1460 658 1489 Gronov,
682 1462 715 1489 et
738 1459 892 1490 Draken-

166 1504 278 1535 borch.
295 1503 335 1534 ad
351 1502 423 1533 Liv.
441 1503 563 1533 xxxvii.
582 1506 633 1533 53.

210 1547 388 1586 Pegmata,
407 1546 506 1577 loculi
533 1547 648 1585 lignei,
675 1546 793 1586 quibus
818 1546 893 1576 libri

163 1596 384 1632 reponuntur.
408 1590 478 1620 Att.
495 1591 536 1620 iv.
554 1594 584 1621 8.

212 1633 381 1676 Pejerare.
407 1634 487 1673 quid
503 1635 568 1663 sit?
596 1644 625 1663 v.
643 1634 707 1664 Off.
726 1634 771 1663 iii.
787 1635 838 1668 ⁶29.

212 1676 329 1720 PejuS,
366 1677 585 1715 substantive,
624 1681 683 1707 aut
721 1677 893 1708 intellecto

166 1723 318 1762 negotii3
350 1732 408 1762 per
423 1722 646 1761 graecismum.
671 1720 771 1751 Tusc.
790 1722 822 1752 ii.
846 1725 893 1752 13.

168 1766 343 1806 turpitudo
353 1763 450 1807 pejus
463 1771 525 1802 est,
542 1774 641 1803 quain
661 1764 763 1794 dolor.

209 1810 378 1847 Pellectz'o,
395 1809 505 1839 lectio.
527 1809 598 1839 Att.
614 1809 634 1838 i.
656 1812 704 1839 13.

211 1853 352 1891 Pellere,
369 1853 527 1882 dicuntur
554 1862 604 1882 res
630 1856 789 1889 externae,
815 1862 892 1882 cum

167 1903 274 1937 agunt
313 1898 347 1927 in
383 1906 542 1927 sensuum
582 1897 821 1932 instrumenta,
860 1903 894 1925 et

168 1941 302 1980 quidem
322 1942 355 1971 in
379 1945 556 1979 utramque
581 1945 724 1979 partem,
749 1940 895 1969 suaviter

164 1990 200 2015 et
227 1995 303 2015 cum
327 1983 490 2014 molestia.
515 1983 607 2014 Orat.
633 1986 685 2015 53.
710 1983 800 2022 quod
817 1993 892 2013 eum

168 2029 296 2058 animos
321 2027 496 2057 hominum
526 2037 687 2066 auresque
706 2029 893 2067 pepulisset,

167 2075 206 2101 ut
220 2071 363 2110 intelligi
389 2076 513 2111 posset,
535 2072 621 2110 quod
638 2081 733 2100 casus
761 2070 895 2100 effudis-

167 2120 232 2153 set,
249 2115 405 2145 cecidisse
419 2115 579 2154 jucunde.
604 2115 623 2133 *ἓ
640 2114 759 2144 deinde
772 2116 895 2153 pellere

167 2168 242 2197 nos,
266 2163 324 2188 aut
346 2164 508 2196 mentem,
527 2158 685 2188 dicuntur
700 2159 826 2197 species
845 2168 893 2188 re-

169 2212 243 2232 rum
271 2206 497 2238 externarum,
513 2212 589 2231 cum
608 2202 719 2231 animo
748 2202 891 2241 concipi-

170 2250 284 2276 untur.
308 2246 408 2276 Acad.
426 2247 468 2276 iV.
495 2249 543 2275 10.
568 2246 637 2276 visa
654 2255 712 2275 nos
724 2246 893 2284 pellerent.

167 2289 245 2320 ibid.
278 2290 319 2319 iv.
348 2292 400 2321 ⁶20.
436 2290 505 2319 visa
534 2294 682 2319 mentem
717 2298 894 2319 sensumve

160 2335 369 2374 pepulerunt.
412 2333 430 2351 ’κ
447 2333 590 2372 denique
630 2342 703 2370 quae
742 2333 893 2362 animum

165 2378 312 2408 nuaviter
327 2381 386 2407 aut
412 2376 553 2407 moleste
576 2376 735 2406 afficiunt.
763 2375 833 2406 Fin.
860 2377 893 2406 ii.

171 2423 221 2451 10.
245 2430 306 2450 nec
321 2420 427 2450 ullum
446 2420 546 2450 habet
569 2421 687 2456 ictum,
708 2430 772 2458 quo
790 2421 895 2459 pellat

168 2465 318 2496 animum
340 2464 394 2493 hic
412 2470 519 2494 status
537 2463 618 2492 nihil
643 2463 787 2493 dolendi.
817 2464 894 2494 Div.

167 2508 188 2539 i.
206 2509 259 2539 36.
285 2512 323 2537 ut
337 2510 509 2548 pellantur
523 2508 624 2537 animi
650 2506 894 2545 vehementius,

169 2561 256 2591 saepe
282 2552 383 2581 etiam
410 2561 490 2581 cura
516 2555 550 2580 et
576 2551 708 2581 timore.
735 2550 814 2580 Coel.
846 2554 894 2581 15.

169 2594 293 2625 candor
315 2594 414 2633 hujus
440 2600 474 2625 te
502 2599 537 2624 et
563 2594 756 2634 proceritas,
783 2593 893 2624 vultus

167 2638 322 2677 oculique
351 2640 562 2678 pepulerunt.
598 2637 652 2667 Sic
675 2637 777 2667 habet
802 2637 893 2667 Grae-

166 2683 238 2712 vius
251 2691 309 2721 pro
325 2682 460 2721 vulgato
477 2680 704 2721 perpulerunt.
721 2690 798 2710 nam
815 2691 892 2711 cum

159 2727 374 2765 pepulerunt,
385 2726 575 2765 ignorantia
586 2724 796 2754 librariorum
806 2734 892 2764 saepe

167 2774 397 2809 permutatum
424 2773 475 2799 est
502 2768 723 2808 perpulerunt
759 2772 793 2797 et
820 2778 894 2808 per-

160 2811 333 2843 culerunt.
350 2823 379 2842 v.
405 2812 510 2843 Graev.
530 2812 571 2841 ad
593 2811 626 2841 h.
648 2812 670 2841 l.
700 2816 734 2841 et
750 2811 893 2842 Gronov.

168 2856 210 2886 ad
225 2856 297 2886 Liv.
316 2857 362 2886 iii.
377 2859 430 2887 30.
454 2856 507 2885 Sic
532 2855 572 2884 ad
593 2854 667 2885 Div.
685 2855 726 2884 iv.
745 2858 792 2886 13.
818 2855 894 2885 nul-

166 2898 200 2930 la
216 2899 353 2940 insignis
367 2909 420 2933 me
434 2899 587 2941 privatim
599 2900 727 2940 pepulit
749 2899 871 2939 injuria
885 2912 891 2928 :

1581 96 1661 136 ³81

930 194 962 225 h.
986 204 1015 224 e.
1041 195 1167 234 attigit,
1191 193 1264 224 aliae
1288 193 1362 224 edd.
1387 192 1512 224 habent
1544 204 1664 234 percu-

931 238 979 267 lit.
1003 238 1130 268 *Bi-ut.
1165 241 1216 271 87.
1251 237 1341 277 longi
1376 238 1538 267 sermonis
1570 238 1664 269 initi-

929 291 987 310 um
1006 282 1185 321 pepulisti:
1217 282 1306 320 quod
1332 281 1503 320 eleganter
1530 281 1661 313 dictum

930 325 1072 355 arbitror
1088 335 1145 364 pro
1164 326 1310 361 movisti,
1325 325 1536 354 commovisti
1555 337 1560 354 :
1587 327 1660 364 qui-

930 369 991 398 bus
1019 369 1124 398 verbis
1149 370 1183 398 in
1208 368 1269 398 hac
1293 379 1326 397 re
1350 373 1496 397 utuntur
1521 372 1661 402 veteres.

931 412 994 441 Sed
1018 422 1094 441 cum
1121 412 1205 441 hanc
1229 412 1432 451 elegantiam
1468 421 1533 440 non
1563 422 1661 452 cape-

932 460 1006 485 rent
1039 455 1189 494 quidam,
1214 455 1385 495 depulisti,
1418 460 1478 484 aut
1511 455 1663 487 detulisti

931 510 970 529 cx
988 510 1027 528 eo
1043 499 1206 528 fecerunt.

976 543 1147 579 Pella-ere,
1172 542 1294 572 dicitur
1323 542 1363 571 de
1395 542 1522 572 artibus
1557 543 1662 581 magi-

932 587 990 623 cis,
1015 586 1134 624 quibus
1150 597 1180 616 v,
1198 598 1226 616 e.
1242 596 1334 624 seges
1352 596 1391 615 ex
1409 595 1487 623 agro
1511 586 1609 616 vicini
1626 587 1662 617 in

932 639 1083 659 nostrum
1113 630 1302 666 deducitur,
1332 639 1409 658 nam
1445 629 1484 658 de
1517 629 1578 659 hoc
1611 634 1662 661 est

932 674 1021 713 apud
1054 673 1137 703 Plin.
1169 672 1258 703 Hist.
1287 680 1355 703 nat.
1404 672 1492 702 Hine
1525 672 1661 712 elegan-

932 722 983 747 ter
1014 716 1055 746 ad
1093 717 1158 746 alia
1188 716 1398 746 transfertur.
1435 718 1528 746 Orat.
1560 718 1579 746 i.
1606 720 1660 751 57.

932 761 1116 790 sententias
1156 760 1279 800 lepore,
1309 766 1344 790 et
1381 759 1462 797 sale,
1496 762 1661 800 pellicere.

934 806 993 835 &tn

978 847 1091 878 Pellis.
1110 847 1188 886 quia
1207 848 1346 887 pellibus
1366 850 1564 877 sternuntur
1586 851 1662 878 ten-

933 893 1064 921 toriain
1082 892 1211 928 castris,
1230 897 1405 931 propterea
1422 901 1480 930 pro
1490 891 1568 931 ipsis
1585 896 1660 921 ten-

934 936 1026 965 toriis
1050 939 1234 975 ponuntur.
1268 935 1369 965 Acad.
1397 935 1439 964 iv.
1469 937 1499 965 2.
1531 939 1569 964 ut
1593 944 1666 966 non.

934 980 1082 1009 multum
1103 979 1297 1018 imperatori
1325 979 1386 1008 sub
1414 979 1491 1018 ipsis
1520 979 1662 1017 pellibuo

934 1024 992 1052 otii
1010 1022 1230 1061 relinquatur.

979 1066 1131 1096 Pelcifus.
1156 1066 1194 1095 fr.
1212 1065 1269 1095 Or.
1286 1075 1335 1105 pr.
1360 1065 1473 1095 Scaur.
1490 1065 1539 1096 M.
1557 1067 1664 1096 AEmi-

934 1109 997 1140 lius
1021 1109 1255 1140 sordidissimae
1285 1110 1390 1148 genti,
1419 1120 1456 1139 ac
1484 1120 1586 1149 prope
1615 1110 1666 1141 di-

935 1164 1007 1184 cam
1027 1154 1150 1193 pellitis
1174 1153 1314 1183 testibus
1332 1153 1551 1184 condonetur.
1584 1153 1663 1184 Pel-

935 1199 984 1228 liti
1018 1203 1097 1227 sunt
1132 1197 1275 1237 proprie,
1300 1198 1440 1237 pellibus
1475 1207 1534 1237 pro
1569 1203 1662 1227 vesto

934 1242 1029 1278 teeti,
1046 1246 1084 1271 ut
1101 1241 1230 1278 rustici,
1255 1242 1309 1279 qui
1328 1241 1404 1270 inde
1418 1242 1523 1280 pellici
1547 1241 1664 1271 dicun-

935 1290 1002 1315 tur.
1026 1285 1090 1315 Sed
1113 1286 1190 1324 quia
1212 1284 1266 1314 hic
1293 1284 1403 1314 cultus
1428 1290 1478 1314 est
1494 1286 1596 1314 etiam
1625 1285 1667 1315 iis

936 1329 1091 1368 gentibus
1110 1329 1392 1367 connnunis‚quae
1410 1328 1556 1358 barbarae
1569 1335 1665 1366 sunt,

936 1377 969 1402 et
1004 1373 1044 1402 ab
1078 1372 1140 1402 hoc
1171 1372 1359 1402 humaniori
1392 1371 1488 1402 cultu
1520 1372 1660 1402 absunt:

935 1420 1112 1456 propterea
1138 1416 1267 1446 barbari
1293 1416 1408 1452 etiam,
1435 1420 1473 1445 ut
1492 1415 1523 1446 h.
1547 1416 1567 1446 l.
1584 1421 1665 1446 sunt

929 1461 1048 1500 pelliti.
1074 1460 1127 1489 Sic
1152 1469 1206 1489 eos
1232 1459 1413 1499 appellavit
1436 1460 1538 1489 etiam
1565 1459 1668 1490 Clau-

936 1503 1054 1533 dianus
1080 1503 1119 1532 de
1143 1504 1185 1534 iv,
1211 1502 1346 1533 Consul.
1373 1503 1512 1533 Honorii
1537 1514 1567 1533 v,
1586 1504 1663 1534 466.

938 1548 997 1577 Est
1024 1554 1138 1577 autem
1163 1556 1215 1586 ap.
1249 1546 1442 1576 Ciceronem
1478 1557 1587 1577 sermo
1623 1547 1665 1577 de

936 1591 1058 1629 Sardis,
1072 1591 1125 1629 qui
1137 1592 1244 1630 pelliti
1259 1591 1381 1620 diserte
1398 1596 1560 1621 vocantur
1576 1591 1667 1630 apud

937 1635 1007 1666 Liv.
1033 1635 1124 1664 xxiii.
1149 1637 1203 1665 40.
1239 1644 1269 1664 v.
1294 1634 1338 1664 ibi
1363 1634 1504 1664 Gronov.
1529 1645 1548 1664 a
1572 1634 1667 1665 Cice-

937 1689 1015 1708 rone
1055 1679 1133 1708 alibi
1171 1679 1378 1709 mastrucati.
1414 1688 1442 1707 v.
1482 1683 1664 1709 mastruca.

935 1722 991 1752 sed
1017 1722 1167 1762 inprimis
1199 1722 1362 1751 Patricius
1396 1721 1436 1751 ad
1459 1722 1499 1751 fr.
1523 1723 1580 1752 Or.
1606 1732 1666 1762 pro

935 1767 1059 1796 Scauro
1081 1770 1105 1796 t.
1120 1766 1167 1796 iii.
1193 1776 1224 1805 p.
1243 1766 1276 1796 ii.
1303 1776 1334 1806 p.
1365 1768 1455 1797 1015.
1481 1765 1532 1795 ed.
1557 1765 1667 1797 Graev.

936 1810 1011 1840 add.
1030 1809 1123 1840 Varr.
1137 1809 1227 1840 R.R.
1247 1809 1280 1838 ii.
1299 1809 1359 1839 ult.

981 1853 1165 1883 Pelluecm.
1190 1853 1327 1883 nitidus.
1344 1852 1479 1893 politus.
1501 1853 1597 1884 Brut.
1611 1857 1666 1888 79.

937 1897 1046 1926 mollis
1061 1903 1096 1927 et
1105 1898 1273 1937 pellucens
1284 1897 1401 1927 oratio.

980 1939 1138 1979 Penates,
1155 1940 1242 1970 unde
1260 1940 1363 1970 dieti?
1391 1941 1453 1971 vid.
1471 1940 1551 1971 Nat.
1569 1941 1613 1971 D.
1629 1941 1666 1971 ii.

936 1986 988 2018 97.
1013 1984 1106 2015 Verr.
1137 1985 1178 2015 iv.
1210 1987 1241 2015 Β.
1274 1983 1356 2015 Sull.
1384 1987 1435 2015 31.
1461 1989 1596 2024 penates
1626 1994 1667 2014 ae

935 2028 993 2058 Dii
1018 2029 1129 2068 patrii.
1154 2027 1196 2058 cf.
1224 2028 1324 2058 Dom.
1354 2031 1406 2062 57.
1430 2028 1510 2059 Har.
1539 2028 1578 2058 R.
1615 2031 1668 2062 17.

936 2071 1066 2111 Nempe
1085 2076 1219 2112 penates
1243 2081 1280 2101 ac
1296 2072 1352 2102 Dii
1377 2072 1491 2111 patrii,
1509 2072 1592 2102 item
1617 2071 1664 2101 fa-

937 2116 1095 2153 minares,
1123 2120 1203 2145 sunt
1230 2115 1330 2145 iidem
1348 2117 1358 2153 ;'
1383 2115 1416 2146 h.
1434 2125 1463 2146 e.
1481 2116 1516 2152 ii,
1533 2125 1614 2154 quos
1630 2119 1667 2145 et

936 2169 1076 2198 quaeque
1095 2160 1171 2189 urbs
1188 2159 1414 2188 communiter
1440 2169 1458 2188 a
1486 2158 1667 2198 majoribus

935 2202 1087 2238 traditos,
1119 2206 1153 2232 et
1178 2212 1316 2241 quaeque
1342 2202 1470 2232 familia
1499 2203 1560 2233 sibi
1592 2212 1667 2241 pro-

936 2247 1024 2286 prios
1040 2246 1223 2276 adsciverat
1235 2252 1270 2275 et
1286 2245 1426 2276 colebat.
1465 2246 1669 2276 Colebantur

937 2294 1050 2319 autem
1071 2290 1223 2330 privatim
1243 2290 1276 2319 in
1299 2289 1472 2330 impluvio.
1518 2289 1571 2320 Illi
1587 2295 1668 2320 sunt

931 2337 1066 2372 penates
1083 2334 1220 2373 publici,
1238 2333 1270 2363 hi
1296 2333 1428 2373 privati.
1469 2333 1508 2363 In
1531 2333 1667 2370 illorum

936 2376 1046 2407 tutela
1061 2385 1112 2407 est
1139 2382 1212 2407 tota
1238 2377 1326 2413 urbs,
1344 2377 1564 2416 inprimisque
1581 2381 1668 2407 tem-

937 2420 1004 2460 pla,
1022 2421 1055 2450 in
1071 2421 1188 2450 horum
1207 2420 1292 2450 aedes
1311 2421 1446 2460 privatae
1468 2425 1503 2452 et
1529 2419 1669 2450 familia.

937 2464 1053 2503 Vix-gil.
1087 2465 1164 2494 AEn.
1189 2464 1223 2494 ii.
1248 2467 1322 2497 7022.
1358 2464 1414 2494 ubi
1439 2475 1468 2494 v.
1505 2463 1589 2494 Intt.
1624 2463 1668 2496 cf.

937 2508 983 2537 iii.
1011 2511 1080 2538 148.
1106 2507 1221 2546 ltaque
1239 2507 1296 2537 hos
1315 2507 1425 2538 aufert
1447 2507 1582 2544 AEneas,
1601 2516 1668 2537 non

936 2550 1049 2581 Lares.
1083 2551 1166 2580 lbid.
1193 2551 1227 2581 ii.
1253 2552 1328 2584 716.
1367 2550 1513 2582 Penates
1546 2551 1668 2591 privati

936 2602 1015 2625 sunt
1046 2595 1145 2624 Doni.
1169 2598 1221 2624 41.
1259 2594 1344 2624 Phil.
1368 2594 1401 2624 ii.
1427 2598 1479 2625 30.
1512 2605 1541 2624 v.
1568 2595 1674 2634 inpri-

937 2640 1013 2675 mis,
1038 2648 1137 2676 quem
1173 2637 1322 2668 Graevius
1346 2637 1387 2668 ad
1411 2638 1467 2667 Or.
1499 2648 1548 2678 pr.
1576 2637 1670 2677 Sulla

938 2682 959 2711 l.
988 2692 1016 2711 c.
1046 2681 1174 2717 laudat,
1198 2681 1343 2711 GronOV.
1370 2681 1516 2712 Diatrib.
1544 2682 1578 2711 in
1596 2681 1672 2711 Sta-

935 2726 1034 2755 tium.
1059 2735 1088 2755 e.
1102 2727 1154 2755 44.
1170 2735 1204 2765 p.
1221 2726 1294 2759 ⁶290.
1311 2734 1382 2764 sqq.
1401 2725 1483 2761 adde
1507 2731 1541 2755 et
1557 2726 1591 2754 in
1608 2725 1671 2755 im-

936 2769 1100 2809 pluvium.
1125 2768 1143 2786 *
1158 2767 1241 2798 Phil.
1259 2769 1326 2798 viii.
1343 2771 1375 2799 3.
1396 2768 1672 2808 templa-—pena-

937 2817 995 2849 tes,
1021 2821 1106 2849 aras,
1135 2811 1238 2841 focos.
1263 2811 1381 2842 Lectio
1398 2816 1536 2851 penates
1569 2811 1672 2842 dubia.

937 2861 1000 2886 est.
1030 2855 1096 2885 vid.
1127 2855 1251 2886 Ferrar.
1269 2855 1310 2884 ad
1333 2855 1366 2885 h.
1384 2854 1406 2884 l.
1430 2855 1524 2885 abest
1541 2855 1590 2893 ⁴ab
1619 2854 1671 2885 ed.

937 2899 1085 2933 Manutii
1108 2897 1171 2931 hoc
1195 2899 1345 2935 verbum.
1380 2898 1445 2930 Sed
1469 2902 1582 2940 potest
1605 2907 1674 2930 ser-
