1985 3206
304 118 394 167 2230

313 218 440 247 monem
455 220 589 246 tuorum
613 219 806 255 temporum
822 217 967 247 contuli:
991 222 1043 248 te-

318 269 396 290 cum
411 260 656 289 comnmnicavi.

367 303 594 333 communitas.
631 302 702 332 fin.
736 302 781 332 iii.
813 304 864 333 20.
902 313 1043 333 commu-

317 348 405 377 nitas
427 345 599 376 naturalis.
625 346 667 375 ib.
691 348 903 376 communicas
925 347 1040 377 civilis.

318 391 361 420 ib.
390 400 419 418 v.
451 392 499 420 14.
532 390 640 429 prima
663 391 876 419 communitas
901 394 1041 420 naturae.

318 433 382 463 Off.
416 434 436 462 i.
464 437 495 466 7.
527 433 605 462 vitae
631 435 855 463 communitas.
888 434 964 463 ibid.
992 434 1040 463 16.

316 478 531 507 communitas
544 480 578 506 et
600 477 739 506 societas
756 476 914 507 humana.
929 477 948 494 *²
959 477 988 507 T
989 487 1041 517 op.

318 521 350 550 6.
387 529 437 549 res
461 519 627 557 disjuncta
649 529 669 549 a
682 521 921 557 communitate,
938 521 958 550 i.
977 531 1005 550 e.
1023 530 1043 550 a

319 573 440 603 genere
456 562 497 592 ad
512 564 656 602 speciem
672 563 839 601 traducta,
852 567 922 601 aut,
937 564 969 593 in
986 563 1042 594 de-

319 607 483 643 finitione,
497 606 633 645 adjectis
646 607 784 647 propriis
797 607 838 636 ad
847 609 1041 637 communia.

369 650 617 681 Conmmtnbitis.
649 650 720 681 InV.
745 650 833 681 i.18.
864 655 1041 681 commuta-

319 695 378 725 hile
394 693 576 723 exordium.

368 737 582 773 commutare,
606 746 681 766 cum
713 736 776 767 abl.
807 737 878 767 sine
902 747 1040 777 praepOS.

318 781 396 820 Agr.
415 781 435 810 i.
449 784 478 811 5.
502 781 713 820 possessionis,
726 781 884 811 invidiam
899 782 1042 820 pecunia

318 828 525 854 commutent.
538 824 592 854 ubi
611 834 640 853 v.
652 823 839 854 Turnebus.
864 824 938 854 add.
955 825 1040 855 Dra-

321 867 421 898 kenb.
447 867 487 897 ad
510 867 580 897 Liv.
598 867 665 897 xlii.
685 871 714 898 5.
745 868 851 897 Simili
874 877 973 897 sensu
999 867 1041 898 ad

320 911 444 942 Herem.
476 912 509 940 ii.
540 914 588 945 19.
623 915 674 941 est
703 911 773 940 leve
805 912 1040 951 compendium

317 955 431 985 fraude
447 955 592 984 maxima
602 959 892 985 commutaverunt.
906 955 1040 986 Cluent.

318 999 371 1029 46.
397 999 495 1028 fidem
520 1008 613 1028 suam
631 1002 665 1028 et
680 998 872 1037 religionem
898 999 1041 1039 pecunia

319 1043 540 1078 commedat-it,
559 1043 580 1071 i.
597 1051 625 1071 e.
643 1042 803 1072 vendidit.

366 1086 540 1125 compacto.
574 1086 644 1115 adv.
668 1085 737 1115 Att.
763 1097 792 1115 x.
816 1087 864 1116 12.
895 1088 935 1116 ut
957 1095 1039 1116 com—

311 1133 409 1169 pacto
429 1129 584 1169 prohibiti
600 1129 782 1160 videamur.

365 1173 546 1212 Compages.
572 1172 700 1202 Senect.
714 1175 766 1203 21.
791 1183 958 1213 compages
969 1183 1039 1204 eor-

317 1218 415 1257 poris.

364 1260 510 1300 Compar.
535 1259 681 1303 (vigiam)
703 1261 737 1290 in
754 1259 923 1290 rhetoricis
936 1261 1036 1299 quid?

318 1303 359 1333 ad
376 1305 455 1334 Her.
472 1305 512 1333 iv.
530 1307 581 1334 ΩΟ.

364 1347 595 1388 (ζῦηῳαιτιὸἑίε,
613 1347 731 1377 simile.
758 1347 828 1377 Inv.
845 1348 866 1377 i.
883 1350 936 1378 4⁶2.
961 1351 1013 1379 30.

364 1391 568 1431 Comparare.
591 1391 618 1421 V
622 1401 682 1421 err.
699 1392 719 1421 i.
740 1394 767 1421 1.
793 1392 1037 1421 accusationem

315 1444 518 1473 comparare,
538 1435 660 1465 dicitur
683 1439 775 1465 actor
797 1445 873 1465 cum
897 1445 936 1464 ea
961 1445 1038 1465 con-

315 1480 430 1517 quirit,
446 1479 539 1515 facit,
557 1488 631 1517 quae
652 1479 693 1508 ad
708 1483 798 1508 recte
814 1478 1037 1509 accusandum

315 1523 495 1562 pertinent.
524 1522 593 1552 Inv.
619 1523 638 1551 i.
663 1526 710 1552 15.
735 1523 886 1552 animum
910 1523 1038 1552 audito-

315 1566 358 1595 ris
393 1566 508 1596 idonce
532 1576 719 1605 comparare
742 1566 783 1596 ad
806 1565 967 1604 reliquam
991 1566 1038 1595 di-

316 1611 476 1647 ctionem,
494 1610 525 1640 h.
543 1620 572 1640 e.
589 1611 709 1646 faeere,
726 1614 765 1639 ut
788 1610 941 1639 attendat
963 1609 1038 1639 reli-

315 1662 389 1692 quae
412 1654 564 1683 orationi.
594 1653 730 1693 Quinct.
755 1657 784 1684 3.
819 1653 912 1683 Verr.
937 1653 958 1683 i.
983 1654 1035 1683 36.

317 1706 381 1733 res,
399 1707 471 1735 quae
489 1697 522 1726 in
541 1697 647 1726 Gallia
661 1697 948 1736 comparabantur,
959 1702 1039 1727 sunt

314 1739 442 1770 fructus
457 1741 655 1779 praediorum
669 1740 872 1770 Gallicorum
886 1741 944 1770 &a
955 1741 1035 1770 item

315 1793 388 1822 qua*
406 1785 439 1813 in
457 1783 563 1814 Grauia
579 1787 738 1814 emuntur
753 1788 787 1814 et
801 1784 942 1814 Romam
960 1785 1039 1814 mit-

313 1831 437 1856 tuntur
463 1830 520 1856 ἃς.
545 1828 746 1866 omninoque
770 1838 828 1867 pro
852 1837 974 1864 emere,
999 1832 1038 1858 ut

314 1869 407 1900 Verr.
426 1871 458 1901 ii.
476 1874 527 1901 34.
559 1871 725 1911 *Quincn
747 1872 795 1901 16.
821 1872 959 1910 majores
980 1881 1037 1901 no-

314 1914 374 1943 stri
388 1919 671 1954 comparaveruut,
689 1915 722 1945 id
738 1920 788 1944 cst
803 1927 808 1943 ι
833 1919 1037 1952 statuerunt,

315 1958 381 1987 sive
411 1959 534 1997 potius,
566 1958 705 1997 legibus,
737 1959 845 1995 sctis,
878 1963 937 1988 aut
966 1958 1037 1989 aliis

316 2002 421 2031 modis
438 2003 632 2038 effecerunt,
645 2012 689 2031 sc.
708 2005 766 2032 aut
782 2012 822 2031 ne
839 2002 918 2041 quid
930 2002 1037 2039 fieret,

314 2048 373 2074 aut
397 2052 435 2074 nt
458 2045 582 2084 aliquid
607 2047 711 2075 lieret.
730 2045 827 2085 plura
842 2056 859 2075 e
879 2046 1037 2076 Cicerone

314 2094 471 2127 suggeret
495 2089 699 2119 Passeratius
723 2089 764 2119 ad
788 2089 820 2119 h.
849 2089 869 2119 1.
894 2089 935 2119 ad
961 2090 1036 2120 Div.

314 2133 370 2162 xii.
397 2135 449 2162 20.
480 2132 602 2162 honore
631 2133 722 2171 digni
748 2143 825 2162 cum
854 2134 1038 2171 ignominia

314 2176 423 2214 dignis
443 2185 508 2205 non
525 2179 621 2205 erant
636 2177 858 2216 comparandi,
876 2176 907 2206 h.
925 2187 953 2206 e.
971 2186 1037 2206 non

314 2219 430 2249 eodem
445 2219 541 2249 modo
550 2220 726 2250 tractandi.
739 2220 819 2249 item
832 2229 890 2259 pro
902 2220 1038 2250 institu-

312 2272 368 2292 ere
394 2262 482 2292 Mur.
506 2264 557 2293 36.
584 2263 655 2293 ha‘c
678 2264 817 2303 majores
836 2264 938 2293 nostri
955 2273 1036 2293 com-

310 2311 529 2345 paraveruut.
570 2307 627 2336 Est
645 2307 745 2336 etiam
763 2307 966 2344 ubidicitur,
979 2318 1037 2347 pro

314 2344 528 2390 comparando
541 2350 779 2380 demonstrare.
796 2351 860 2381 Off.
878 2351 910 2380 ii.
929 2354 959 2381 5.
982 2351 1037 2380 ‹le—

314 2393 391 2423 inde
403 2399 582 2433 comparat,
595 2397 720 2433 quanto
733 2394 792 2423 &tn
810 2395 863 2424 Sic
875 2399 909 2424 et
923 2394 1035 2424 Livius

314 2437 398 2467 dixit
414 2438 447 2467 ii.
462 2439 514 2467 32.
530 2444 613 2467 extr.
637 2437 774 2477 Quinct.
794 2441 819 2468 l.
836 2443 874 2467 ut
886 2447 946 2476 ego
958 2448 1035 2468 eum

313 2486 454 2520 patrono
467 2481 684 2511 disertissimo
699 2491 875 2520 comparer.
892 2480 1035 2519 Elegans

313 2525 398 2554 ratio
415 2535 433 2554 e
450 2525 528 2555 ludo
547 2524 767 2564 gladiatorum
785 2525 899 2562 ducta,
915 2525 971 2563 qui
988 2525 1036 2554 di-

313 2574 437 2598 cuntur
459 2570 654 2608 comparari,
672 2578 748 2598 cun]
769 2569 861 2608 paria
877 2568 1036 2607 gladiato-

313 2622 387 2642 rum
405 2612 612 2651 deliguntur,
624 2612 657 2641 h.
675 2622 704 2641 e.
722 2612 951 2649 constituitur,
963 2612 1035 2650 quis

312 2665 389 2685 cum
425 2665 554 2695 quoque
577 2655 770 2685 contendat.
821 2656 1037 2694 Compar-atm-

311 2709 390 2737 ergo
413 2704 573 2739 patronus
594 2709 670 2728 cum
688 2702 838 2738 patrono,
857 2699 934 2737 quia
950 2699 1037 2728 inter

310 2752 345 2772 se
376 2742 416 2772 de
447 2744 585 2773 victoria
615 2742 833 2772 contendunt.
868 2742 886 2760 ’π’
903 2742 1037 2772 Dicitur

309 2787 412 2816 etiam
429 2786 602 2825 eleganter
613 2785 772 2826 elliptice,
786 2796 845 2825 pro
862 2796 911 2815 res
925 2795 1036 2815 neces-

309 2831 424 2867 sarias,
449 2831 558 2869 copias
586 2839 782 2868 comparare.
807 2829 850 2858 ad
872 2829 948 2859 Div.
972 2830 1035 2858 xvi.

315 2876 362 2903 11.
395 2874 530 2903 omnino
554 2884 594 2903 ex
618 2872 679 2902 hac
703 2882 834 2911 quoque
855 2878 948 2912 parte
964 2872 1037 2901 dili-

309 2917 502 2957 gentissime
519 2920 750 2956 comparatur:
776 2916 829 2946 ubi
847 2916 909 2946 vid.
931 2916 1035 2946 luter-

832 129 977 158 INDEX
998 130 1130 158 LATIN
1138 131 1276 159 ITA'rts
1283 148 1292 158 .

1086 222 1195 258 pretes
1219 223 1253 248 et
1277 215 1350 248 add.
1374 217 1515 250 Gronov.
1539 220 1580 251 ad
1602 219 1673 252 Liv.
1697 219 1808 253 xxxvi.

1087 265 1117 292 3.
1149 266 1183 290 et
1214 262 1347 291 xxxviii.
1377 264 1425 293 12.
1456 267 1490 293 et
1515 269 1720 304 comparatus
1745 272 1805 305 pro

1087 305 1272 334 instructus
1302 304 1343 335 ad
1371 305 1495 345 aliquid
1521 308 1698 346 agendum.
1725 309 1805 339 Her.

1086 349 1131 378 iii.
1155 352 1184 379 3.
1210 348 1326 378 iisdem
1350 348 1428 379 locis
1443 355 1477 380 et
1493 351 1533 381 ad
1549 352 1756 382 suadendum
1771 355 1807 381 et

1085 391 1126 421 ad
1139 391 1396 421 dissuadendum
1409 393 1532 424 erinnis
1545 397 1734 434 comparati.
1752 395 1806 425 Sic

1085 438 1119 463 et
1129 435 1373 464 substantivum
1388 436 1509 468 dicitur
1525 438 1558 467 in
1572 438 1643 468 loco
1655 438 1805 478 epistolae

1085 477 1125 508 ad
1139 478 1204 517 Qu.
1220 477 1271 508 Fr.
1289 479 1344 516 qui
1362 489 1437 509 mox
1457 482 1632 520 profertur.

1133 521 1387 560 Comparatc'vus.
1420 523 1488 552 inv.
1508 524 1540 554 ii.
1557 527 1609 555 ⁶25.
1638 534 1807 564 compara-

1084 565 1150 595 tica
1159 565 1343 603 judicatio:
1367 567 1444 604 quid
1460 568 1517 603 sit,
1534 568 1578 597 ihi
1594 567 1742 597 docetur.

1132 607 1341 648 Comparatio.
1371 610 1436 649 Qu.
1457 610 1506 640 Fr.
1524 611 1545 640 i.
1563 613 1592 641 ἱ).
1625 615 1707 641 extr.
1732 611 1805 650 qui-

1083 650 1144 680 bus
1167 661 1228 691 ego
1251 652 1297 682 ita
1320 653 1429 691 credo,
1454 659 1493 684 ut
1516 653 1599 684 nihil
1622 654 1663 684 de
1678 664 1804 694 compa-

1083 696 1207 725 ratione
1234 705 1310 725 mea
1338 696 1521 727 diminuam
1536 709 1542 726 ε
1578 697 1612 727 h.
1641 707 1670 727 e.
1701 698 1806 728 nihilo

1083 738 1193 768 minus
1218 748 1271 768 me
1288 744 1405 769 contra
1419 750 1472 769 eos
1489 750 1689 780 comparem.
1714 741 1802 772 Mur.

1083 783 1134 811 21.
1166 784 1360 822 comparatio
1384 784 1535 814 testium.
1566 784 1622 813 ΒΓ.
1648 784 1701 818 76.
1734 785 1806 824 ipsa

1082 828 1278 863 comparatio
1290 826 1526 865 disciplinaque
1540 827 1681 857 dicendi.
1701 828 1719 845 ’ἶ
1732 827 1803 858 Inv.

1083 869 1104 897 i.
1126 871 1173 898 ll.
1204 870 1406 907 Comparatio
1428 875 1478 900 est
1504 880 1577 910 pars
1593 871 1806 901 constitutio-

1082 921 1133 942 nis
1149 920 1351 943 assumtivae.

1130 955 1334 995 Compellare.
1359 956 1611 996 reprehendere,
1627 956 1803 996 objurgare

1082 997 1245 1037 aliquem:
1271 1000 1351 1029 item
1373 1010 1527 1030 accusare
1543 1000 1727 1039 injudicio,
1744 1006 1804 1031 aut

1082 1045 1170 1073 certe
1196 1052 1318 1073 nomen
1341 1043 1487 1073 deferre:
1520 1045 1649 1084 proprie
1672 1044 1804 1075 videtur

1082 1085 1171 1115 idem
1193 1096 1276 1123 esse,
1293 1087 1380 1126 quod
1395 1088 1609 1126 interrogare.
1632 1087 1703 1117 Att.
1720 1088 1754 1118 ii.
1770 1090 1802 1118 2.

1080 1129 1234 1169 Nigidius
1259 1131 1408 1160 minatur
1431 1131 1463 1160 in
1482 1130 1653 1166 concione,
1670 1131 1804 1170 sejudi—

1082 1183 1168 1210 cem,
1184 1175 1240 1213 qui
1266 1183 1330 1203 non
1355 1173 1510 1211 adfuerit,
1526 1175 1802 1214 compellaturum.

1081 1216 1121 1246 ad
1133 1217 1208 1246 Div.
1221 1217 1286 1247 viii.
1304 1219 1350 1248 152.
1370 1217 1454 1248 Cum
1469 1227 1587 1257 parum
1598 1217 1803 1258 procederet,

1081 1268 1120 1290 ut
1129 1260 1198 1290 ulla
1209 1259 1280 1299 lege
1294 1261 1377 1290 mihi
1389 1265 1615 1291 accusatorem
1627 1265 1803 1301 ponerent,

1080 1306 1264 1344 compellari
1290 1314 1329 1333 ea
1350 1304 1457 1343 legem
1484 1315 1500 1335 e
1524 1304 1713 1342 voluerunt,
1737 1315 1804 1344 qua

1081 1348 1140 1377 ἃς.
1172 1348 1213 1377 ad
1236 1348 1383 1377 Herenn.
1404 1350 1425 1378 i.
1444 1351 1492 1378 14.
1521 1349 1643 1378 mimus
1666 1348 1801 1387 quidam

1080 1390 1218 1421 Accium
1246 1394 1377 1431 poetam
1409 1393 1606 1431 compellavit
1632 1391 1667 1421 in
1691 1401 1803 1422 scena.

1081 1434 1164 1464 Phil.
1181 1435 1227 1464 iii.
1242 1438 1272 1469 7.
1297 1434 1388 1464 [dem
1401 1436 1440 1475 Q.
1458 1436 1652 1465 Ciceronem
1668 1437 1803 1474 compel-

1081 1480 1127 1508 la?
1151 1477 1272 1515 edicto,
1291 1488 1351 1508 nec
1368 1478 1527 1518 intelligit
1542 1479 1802 1509 commendatio-

1080 1531 1156 1551 ncnn
1173 1531 1242 1551 esse
1258 1524 1529 1562 compellationem
1543 1532 1648 1552 suam.

1128 1566 1338 1605 (mustellaeio.
1357 1566 1580 1606 reprehensio,
1590 1566 1803 1605 vituperatio,

1081 1610 1256 1639 accusatio.
1272 1609 1353 1639 Phil.
1369 1610 1415 1639 iii.
1428 1614 1457 1643 7.
1471 1619 1531 1639 nec
1544 1609 1703 1648 intelligit
1714 1619 1805 1639 com-

1081 1653 1329 1682 nicndationcm
1340 1663 1408 1683 esse
1421 1654 1687 1693 compellationem
1697 1662 1804 1683 suam.

1129 1696 1287 1736 compelli.
1314 1697 1355 1726 ad
1371 1697 1446 1727 Div.
1465 1697 1486 1726 i.
1503 1701 1533 1731 9.
1558 1696 1643 1726 Cum
1660 1696 1695 1726 in
1711 1696 1803 1726 hunc

1080 1749 1214 1770 sensum
1239 1740 1365 1770 alliciar
1379 1740 1547 1770 benefieiis
1564 1739 1752 1777 hominum,
1767 1745 1803 1770 et

1079 1785 1252 1823 camywllar
1267 1784 1407 1822 injuriis.

1128 1828 1366 1867 (ompendimn,
1381 1828 1522 1857 lucrum.
1537 1827 1633 1857 Rosc.
1645 1827 1739 1857 Com.
1754 1827 1805 1857 16.

1079 1872 1296 1911 compendium
1307 1871 1426 1901 facere.
1439 1871 1479 1901 ad
1493 1871 1573 1902 Her.
1584 1871 1687 1901 iv.40.
1702 1876 1801 1910 turpe

1079 1915 1296 1954 compendium
1311 1915 1370 1944 Sec.

1128 1960 1343 1998 (hmpensare.
1376 1958 1480 1988 Flacc.
1505 1959 1557 1992 29.
1590 1957 1728 1987 Catonis
1749 1965 1801 1988 est

1079 2001 1208 2033 dictum
1221 2014 1226 2030 :
1251 2001 1387 2041 pedibus
1404 2002 1600 2041 compensari
1612 2001 1801 2040 pecuniam.

1081 2045 1141 2075 Est
1175 2046 1214 2075 de
1245 2046 1380 2076 remotis
1411 2045 1469 2075 sed
1498 2045 1675 2075 salubriter
1704 2044 1801 2074 emtis

1081 2089 1228 2128 praediis:
1254 2090 1287 2119 in
1313 2089 1374 2126 his,
1400 2089 1482 2118 Cato
1506 2088 1658 2128 putabat,
1682 2088 1804 2118 itinera

1080 2139 1213 2172 propter
1230 2132 1506 2172 longinquitatem
1523 2136 1657 2161 tantum
1675 2131 1804 2171 impen-

1080 2186 1122 2205 sae
1141 2176 1273 2213 habere,
1287 2182 1344 2206 aut
1362 2180 1449 2206 certe
1466 2174 1638 2212 molestiae,
1655 2179 1694 2205 ut
1708 2184 1803 2214 aeque

1079 2229 1156 2249 cara
1167 2229 1236 2249 esse
1249 2230 1286 2249 ac
1298 2220 1483 2260 propinqua
1491 2219 1676 2248 videantur.
1691 2218 1802 2248 *Fon-

1079 2264 1134 2293 tei.
1156 2267 1183 2294 l.
1210 2264 1295 2293 Socii
1318 2263 1522 2293 Gallicorum
1539 2262 1700 2292 bellorum
1717 2261 1803 2302 peri-

1080 2307 1155 2336 cula
1175 2307 1296 2347 populo
1311 2307 1349 2338 R.
1367 2307 1462 2337 coriis
1478 2306 1642 2345 remisque
1660 2314 1804 2345 compen-

1078 2356 1208 2381 surum.

1128 2394 1422 2434 Compcrmzclinare.
1447 2393 1518 2424 Act.
1533 2393 1554 2423 i.
1567 2393 1660 2422 Verr.
1680 2395 1729 2422 ll.
1752 2396 1806 2436 est

1074 2437 1191 2477 jubere
1221 2447 1313 2468 rcum
1345 2439 1467 2467 iterum
1491 2437 1617 2473 adesse,
1642 2440 1681 2466 ut
1703 2445 1804 2466 causa

1078 2481 1225 2511 secunda
1240 2482 1311 2510 vice
1327 2485 1457 2520 agatur,
1471 2486 1505 2510 et
1517 2480 1650 2519 quidem
1663 2480 1698 2509 in
1713 2479 1801 2510 diem

1078 2524 1313 2564 perendinum,
1345 2531 1382 2555 ut
1418 2523 1521 2555 tradit
1554 2524 1728 2554 Asconius.
1762 2523 1804 2553 cf.

1084 2567 1395 2607 Comperemlc'mtlus.

1127 2612 1419 2651 (wicpermedinaeio
1436 2615 1470 2641 et
1489 2610 1803 2649 Comperendz'natus.

1077 2655 1171 2685 Verr.
1186 2656 1206 2688 i.
1224 2660 1254 2689 9,
1279 2655 1373 2685 Brut.
1399 2658 1449 2686 22.
1474 2664 1593 2691 unum,
1611 2653 1705 2692 quasi
1721 2662 1805 2682 com-

1072 2699 1318 2738 perendinatus,
1337 2699 1482 2729 medium
1499 2698 1587 2728 diem
1604 2697 1716 2727 fuisse.

1127 2743 1315 2783 (oni-perire.
1347 2743 1418 2773 Att.
1444 2742 1465 2773 i.
1489 2744 1537 2772 14.
1570 2740 1804 2771 Clodius—me

1077 2789 1212 2816 tantum
1229 2787 1411 2828 comperisse
1426 2786 1539 2815 omnia
1555 2783 1806 2815 criminabatur.

1079 2829 1195 2859 Cicero
1211 2830 1245 2859 in
1263 2839 1363 2859 causa
1379 2828 1575 2860 Catilinaria
1590 2828 1703 2857 crebro
1715 2826 1807 2856 dixe-

1079 2876 1141 2908 rat,
1158 2874 1294 2912 comperi
1314 2873 1436 2903 omnia.
1455 2873 1504 2902 Ea
1520 2881 1571 2901 res
1587 2871 1698 2901 locum
1714 2869 1806 2899 dedit

1079 2917 1224 2948 divortiis
1237 2917 1271 2948 in
1285 2916 1495 2954 Ciceronem,
1508 2925 1586 2946 cum
1601 2924 1680 2945 eum
1692 2913 1806 2944 omnia
