1920 3196
669 116 815 144 INDEX
846 113 984 142 LATIN
991 112 1146 141 [TATIS.

129 200 224 232 Verr.
250 203 284 234 ii.
309 204 362 239 69.
394 213 460 234 non
488 208 648 243 sequente
675 213 731 242 an,
758 204 809 234 vel
835 205 879 234 si-

132 245 205 275 uili
228 247 407 286 particula,
433 257 490 287 pro
518 258 611 278 num.
650 248 743 278 verr.
769 258 798 277 v.
826 249 875 279 16.

133 298 294 328 qusniam,
311 295 425 320 utrum
449 292 569 321 emeris
594 296 629 321 et
651 291 817 330 quomodo
841 297 876 322 et

131 334 246 370 quanti
271 335 401 365 emeris.
433 335 514 364 item
538 334 632 365 Verr.
654 335 688 366 ii.
705 336 757 369 69.
774 345 803 366 v.
823 336 873 365 16.

131 374 238 406 Flacc.
259 380 308 411 19.

176 418 344 458 Vulgart's.
376 421 471 451 Offic.
495 421 515 451 i.
538 421 587 451 16.
617 423 771 460 vulgaris
792 421 874 452 libe-

127 461 263 501 ralitas3
281 473 355 502 quae
369 463 410 494 ad
423 474 539 494 omnes
554 466 713 505 pertinet,
724 476 790 505 qua
801 476 873 496 om-

129 515 186 536 nes
203 505 355 537 homines
373 508 618 548 complectendi
636 513 726 539 sunt.

173 548 291 589 Vulgo,
319 551 354 580 in
383 552 586 582 universum.
624 552 716 583 Verr.
745 553 791 583 iii.
816 555 870 587 74.

126 594 223 631 vulgo
236 604 336 624 omne
347 594 558 625 frumentum
573 596 751 636 improbas.
771 596 869 626 *sine

124 636 317 668 discrimine
334 648 552 678 personarum
576 644 610 669 et
634 640 793 670 locorum.
827 640 867 670 ad

124 679 189 719 Qu.
208 680 258 710 Fr.
275 682 321 712 iii.
338 685 365 714 l.
385 692 413 712 e.
431 683 461 713 6.
479 682 592 713 literas
607 686 702 723 vulgo
715 684 865 714 mittere:

121 726 317 763 opponitur,
330 736 389 766 per
404 732 512 756 certos
523 726 686 758 homines.
704 727 722 746 ’ἕ
733 728 867 766 ubique.

125 766 221 797 Rosc.
239 768 351 799 Amer.
369 772 421 803 ⁶29.
450 771 611 806 ejusmodi
629 776 763 811 tempus
781 776 866 809 erat,

123 814 163 841 ut
184 814 283 851 vulgo
306 813 444 852 impune
469 814 620 845 homiues
638 815 868 845 interficeren-

122 861 190 884 tur.
222 856 386 886 *Murem
413 860 466 888 34.
497 857 537 887 ad
563 859 739 897 prandium
767 860 867 897 vulgo

123 900 244 929 vocati.
275 900 354 930 ibid.
378 904 431 931 35.
464 910 546 930 num
572 907 709 932 senatus
737 902 865 932 crimen

122 945 221 982 putat
245 943 287 973 ad
314 945 491 984 prandium
524 945 689 976 invitare?
726 946 866 975 minime

120 985 178 1015 sed
193 988 303 1026 vulgo,
320 989 455 1027 passim.
474 988 553 1026 quid
576 995 628 1019 est
643 990 768 1028 vulgo?
792 990 867 1019 uni-

123 1037 243 1060 versos.

165 1072 363 1112 Vulnerare,
379 1075 525 1113 graviter
539 1075 719 1114 offendere,
731 1075 865 1106 loedere.

120 1115 220 1146 Catil.
247 1118 268 1147 i.
290 1121 322 1151 7.
354 1128 498 1158 quorum
523 1124 655 1149 mentes
684 1129 867 1160 sensusque

115 1161 281 1191 vulnerae.

164 1203 306 1242 Vulnus,
330 1204 370 1234 de
394 1215 458 1236 aere
483 1206 603 1237 alieno.
638 1206 734 1237 Rosc.
753 1207 867 1238 Amer.

117 1248 170 1279 32.
209 1249 267 1287 qui
307 1249 374 1278 suis
412 1251 603 1280 vulneribus
636 1251 865 1281 mederentur.

116 1290 136 1308 ⁸
152 1291 292 1329 crimen,
332 1292 422 1331 quod
464 1295 499 1324 in
541 1294 687 1333 aliquem
735 1294 865 1324 confer-

116 1339 186 1372 tur,
211 1340 271 1365 aut
307 1336 403 1375 eujus
430 1346 465 1366 se
493 1339 566 1377 quis
601 1343 796 1378 suspectum
829 1342 864 1369 et

116 1388 211 1409 reum
238 1379 332 1409 facit.
371 1379 506 1412 Cluent.
532 1383 584 1412 21.
614 1383 755 1412 vulnera
777 1391 863 1413 nova

114 1421 237 1453 facere.
262 1422 421 1454 *vitium.
449 1424 529 1455 Coel.
545 1429 576 1459 7.
600 1427 722 1456 vulnus
737 1426 772 1456 in
789 1435 861 1456 mo-

114 1466 218 1503 ribus,
236 1471 369 1504 natura,
385 1477 418 1497 re
436 1473 536 1508 atque
553 1469 699 1499 fortuna.

160 1509 357 1541 Vulticulus.
387 1511 457 1542 Att.
473 1513 537 1543 xiv.
555 1514 606 1543 ⁶20.
638 1522 704 1543 non
724 1517 758 1543 te
774 1513 859 1543 Bru-

112 1553 140 1583 ti
157 1554 263 1583 nostri
278 1556 456 1586 valliculas
477 1555 517 1586 ab
541 1557 605 1586 ista
629 1557 779 1587 oratione
803 1556 860 1587 de-

111 1597 240 1627 terret?

157 1640 346 1679 Vulturius,
362 1641 464 1672 homo
487 1653 601 1683 rapax.
633 1643 697 1674 Pis.
718 1645 766 1675 16.
799 1654 856 1684 ap·

110 1683 255 1722 pellatus
279 1689 331 1715 est
354 1685 408 1716 hic
431 1688 600 1717 vulturius
618 1687 706 1717 illius
722 1689 858 1727 provin-

110 1727 185 1765 ciae,
197 1728 224 1758 si
240 1727 302 1758 diis
314 1728 438 1768 placet,
450 1730 643 1771 imperator.
660 1731 738 1762 ibid.
756 1733 858 1762 Scau-

108 1780 164 1801 rus
182 1772 346 1803 vulturius
361 1773 503 1814 reipubl.
533 1774 624 1810 Sext.
643 1778 695 1807 33.
718 1771 857 1816 'paluda-

106 1814 134 1846 ti
153 1816 298 1851 vulturii.

1580 98 1665 143 487

965 201 1096 239 Vultus,
1128 200 1194 231 oria
1233 198 1456 230 conformatio
1486 208 1526 229 ex
1559 199 1664 229 animi

918 245 1034 276 habitu
1052 251 1139 283 orta,
1156 249 1191 274 et
1215 244 1249 273 in
1268 244 1475 280 universum,
1491 243 1581 283 quod
1605 256 1665 278 nos

918 289 1126 330 appellamus
1150 289 1203 318 die
1226 287 1321 317 Mine
1342 287 1398 316 des
1423 286 1588 317 Gesichts.
1622 290 1664 321 ad

916 333 994 363 Div.
1011 333 1067 363 xii.
1086 336 1138 363 30.
1169 333 1281 361 vultus
1304 334 1378 360 tuos
1397 331 1478 360 mihi
1499 336 1664 369 expressit

915 386 1042 407 omnes.
1075 377 1169 406 Orat.
1188 376 1208 405 i.
1230 376 1284 405 28.
1317 383 1391 412 qua
1415 373 1510 403 nobis
1535 374 1662 416 fingere

915 420 982 450 n'on
1022 428 1212 459 possumus,
1241 417 1358 454 fac-ies,
1394 419 1516 454 vultus,
1548 427 1662 453 sonus.

913 463 1045 494 *Dom.
1063 464 1115 493 52.
1145 464 1258 492 vultus
1272 460 1384 498 cadit3
1409 461 1448 491 de
1474 464 1668 501 perterriti»

913 507 1036 537 subito.
1064 506 1277 546 *saepissime
1300 507 1431 535 vultum
1454 505 1544 544 apud
1565 506 1660 539 Cice-

911 560 1027 580 ronem
1043 550 1120 590 poni
1137 559 1197 589 pro
1212 549 1324 579 fronte
1340 551 1434 578 torva
1449 553 1484 579 et
1501 548 1659 590 adducta,

911 594 1008 624 docet
1030 593 1182 624 Broukh.
1199 593 1240 622 ad
1262 591 1388 622 Tibull.
1413 592 1433 623 i.
1459 595 1488 623 Β.
1512 595 1566 624 43.
1599 596 1659 626 sed

909 638 943 667 in
973 636 1135 677 exemplis
1165 636 1276 667 allatis
1316 636 1469 675 quaedam
1507 636 1548 667 ad
1580 648 1655 670 eam

907 681 1191 720 significationem
1213 687 1280 710 non
1297 680 1481 719 pertinent.

953 724 1138 755 Vzcltuosus.
1163 725 1256 754 Orat.
1276 726 1324 753 18.
1350 724 1383 753 in
1401 734 1466 762 quo
1483 734 1561 755 cum
1577 726 1656 756 effe-

907 769 1005 805 ceris,
1029 778 1071 798 ne
1093 767 1173 807 quid
1197 767 1369 806 ineptum,
1387 772 1447 798 aut
1469 770 1656 800 vultuosum

906 813 962 843 sit.
993 811 1026 842 h.
1044 822 1073 842 e.
1089 811 1190 842 nimis
1212 812 1310 841 triste
1334 816 1369 841 et
1385 812 1656 852 superciliosum.

908 866 938 885 v.
954 853 1105 886 Broulfh.
1123 855 1144 885 l.
1164 865 1194 885 e.

956 899 1108 930 Uoeorius.
1139 899 1235 929 Offic.
1251 898 1298 929 iii.
1322 901 1371 930 15.
1403 898 1438 928 in
1453 899 1592 930 arbitrio
1609 902 1655 931 rei

906 945 1029 973 uxoria·
1058 942 1130 973 haee
1159 943 1259 973 verba
1289 942 1435 973 maxime
1462 943 1653 974 excellunt:

908 986 1028 1017 melius
1059 987 1198 1026 aequius.
1254 986 1319 1017 Res
1349 987 1470 1016 uoeoria
1500 990 1551 1017 est
1582 987 1655 1024 dos,

906 1040 1007 1069 quam
1032 1040 1117 1060 uxor
1141 1030 1270 1067 attulit,
1295 1036 1329 1060 et
1353 1030 1394 1060 de
1419 1039 1485 1069 qua
1507 1037 1582 1070 post
1605 1032 1655 1061 di-

905 1075 1052 1104 vortium
1071 1074 1246 1104 contentio
1263 1083 1333 1104 esse
1351 1073 1491 1105 solebat.
1523 1084 1556 1108 v.
1569 1075 1655 1106 Boe-

907 1117 1000 1149 thius
1016 1117 1059 1149 ad
1073 1117 1190 1159 Topic.
1212 1121 1261 1153 17,

1259 1247 1302 1279 X.

948 1335 1086 1375 Xystus,
1107 1339 1159 1366 est
1181 1335 1366 1367 ambulatio
1389 1335 1450 1366 sub
1474 1335 1550 1367 divo
1572 1339 1652 1369 ame

902 1381 1084 1420 porticum,
1101 1381 1136 1410 in
1159 1390 1224 1419 qua
1239 1381 1341 1410 etiam
1359 1380 1466 1417 sedes,
1483 1383 1518 1410 et
1540 1381 1651 1421 signa,

902 1428 937 1453 et
954 1424 1060 1454 flores.
1087 1423 1189 1454 Aead.
1206 1424 1248 1453 iv.
1266 1426 1297 1454 3.
1321 1433 1398 1453 cum
1417 1433 1526 1463 pauca
1540 1426 1575 1454 in
1589 1435 1650 1465 xy-

899 1471 946 1497 sto
969 1467 1072 1498 locuti
1096 1477 1257 1504 essemus,
1273 1471 1349 1497 tum
1374 1467 1492 1497 eodem
1517 1468 1551 1498 in
1576 1478 1653 1509 spa-

901 1511 950 1541 tio
968 1511 1190 1542 consedimus.
1223 1512 1294 1541 Att.
1313 1511 1334 1541 i.
1353 1513 1383 1542 8.
1415 1511 1532 1541 mittas
1549 1522 1651 1552 quam

899 1555 1048 1595 primum
1088 1555 1185 1595 signa
1223 1558 1257 1585 et
1290 1555 1449 1592 maxime,
1480 1565 1555 1594 quae
1586 1557 1648 1586 tibi

900 1598 1065 1638 gymnasii
1088 1601 1236 1640 xystique
1257 1598 1471 1629 videbuntur.
1504 1598 1568 1630 vid.
1592 1599 1651 1630 Vi-

898 1647 986 1672 truv.
1005 1652 1034 1673 v.
1056 1642 1296 1673 ll.'Buchne1·.
1312 1642 1355 1672 ad
1371 1641 1456 1672 Plin.
1474 1642 1536 1682 Ep.
1555 1643 1598 1673 ix.
1616 1646 1647 1675 8.

899 1685 1029 1726 Lipsius
1055 1686 1096 1716 ad
1120 1686 1235 1717 Senec.
1259 1686 1300 1716 de
1320 1685 1375 1716 Ira
1390 1686 1437 1716 iii.
1458 1688 1508 1717 18.
1539 1696 1645 1726 genus

898 1730 1048 1769 porticus
1065 1733 1165 1770 putat
1180 1730 1294 1761 fuisse.
1341 1728 1510 1760 Chi-istius
1526 1730 1561 1760 in
1577 1730 1649 1761 Vil-

898 1772 1000 1804 latico
1032 1784 1064 1813 p.
1093 1774 1148 1809 96.
1187 1773 1395 1812 viridarium,
1426 1773 1481 1804 ein
1521 1776 1647 1815 griiner

896 1816 1110 1857 Raeengang.
