1920 3196
249 87 336 128 283

251 194 388 216 omn-em
418 183 644 224 suspicionem
673 183 898 225 propulsaret,
925 184 985 214 &m

251 230 295 260 ad
312 230 386 259 Div.
404 229 448 258 iii.
466 231 497 258 8.
520 227 697 266 quidame
711 228 782 258 fieri
799 229 909 268 potuit
924 231 986 259 ele-

249 275 388 312 gantius
413 277 472 302 aut
494 272 634 311 justius,
660 282 762 310 quam
790 278 829 301 ut
852 276 985 302 sumtus

251 318 548 356 egentissimarum
580 316 753 346 civitatum
785 316 985 352 minuerem,

249 361 324 391 sine
345 360 415 391 ulla
438 360 674 389 imminutione
700 359 872 398 dignitatis
890 360 984 390 tuae?

253 404 296 435 ad
321 406 418 436 Brut.
440 405 499 434 w.
528 404 656 442 optime
684 403 776 433 novit
802 404 929 440 omnia,
952 407 988 434 et

250 449 487 487 elegantissime
508 447 663 487 expedire
687 452 722 477 et
745 447 784 476 ad
810 452 844 476 te
859 447 987 477 deferre

252 497 375 533 potest.
402 492 422 523 i.
439 502 468 521 e.
489 491 751 521 accuratissime.
772 490 837 521 vid.
854 490 986 531 Sciopp.

252 546 306 577 ap.
323 536 430 566 (πων.
446 536 487 565 ad
503 534 536 565 h.
553 535 575 565 l.

297 580 493 619 Elegantia,
509 578 676 609 subtilitas
700 583 736 608 et
758 587 899 608 acumen
916 578 985 608 dia-

250 622 449 654 lecticorum
463 627 497 652 et
515 622 798 662 philosop'zioruiu.
819 621 888 652 Fin.
904 623 937 652 ii.
951 628 983 656 9.

251 668 288 698 in
314 667 377 698 hac
409 667 569 697 divisione
593 667 793 704 elegantiam
824 665 985 696 desidero.

250 712 332 743 ibid.
349 712 513 750 elegantia
529 710 723 740 disserendi.
749 709 790 739 ad
804 709 880 740 Div.
895 710 937 739 iv.
953 713 984 740 4.

253 755 295 786 de
318 756 484 796 Sulpicio:
516 754 613 784 facile
637 754 718 783 cedo
746 758 881 783 tuorum
905 755 985 783 scri-

251 805 390 840 ptorum
420 798 600 829 subtilitati
631 802 665 827 ct
696 799 876 836 eleg-antioe.
914 797 984 828 Fin.

251 844 300 874 iii.
331 846 362 875 2.
405 842 623 882 agricultura,
654 851 728 880 quae
758 841 915 871 abhorret
944 841 985 871 ab

251 888 345 918 omni
362 887 514 927 politiore
530 888 706 924 elegante,
717 890 833 915 tamen
849 894 903 914 eas
920 894 985 923 res,

252 931 288 962 in
312 932 430 971 quilius
455 936 617 967 versatur,
642 929 734 959 novis
765 928 893 958 notavit
916 938 1010 971 ver-h.

251 975 314 1006 bis.
354 976 409 1005 Or.
435 975 454 1003 i.
480 977 511 1004 ⁶2.
548 975 712 1012 elegantia
736 972 910 1010 doctrinae,
935 972 986 1002 es!

252 1019 463 1060 philosophia
479 1029 554 1048 cun]
572 1018 689 1047 ceteris
707 1017 846 1054 artibus,
863 1016 898 1045 in
914 1017 987 1055 qui-

252 1063 315 1094 bus
337 1063 504 1093 sub->nitas
529 1068 564 1091 et
587 1070 730 1091 acumen
757 1066 822 1097 est,
849 1069 922 1099 quae
946 1060 986 1090 ab

253 1108 380 1137 artibus
404 1106 620 1136 illiberalibus
644 1105 783 1135 absunt:
808 1109 847 1133 tu
872 1108 985 1134 autem

247 1150 480 1190 eloquentiam
503 1150 544 1180 ab
566 1150 732 1187 elegantia
753 1147 913 1178 doctrinae
937 1157 988 1178 se-

251 1195 457 1235 gregandam
478 1198 587 1234 putas.
630 1193 708 1222 Jam
731 1192 809 1231 quia
823 1193 988 1230 elegantia

250 1238 288 1269 in
304 1239 431 1269 artibus
448 1243 499 1268 est
516 1236 698 1273 subtilitas,
713 1235 810 1266 facile
827 1234 988 1275 intelligi-

250 1286 322 1320 tur,
346 1284 547 1322 elegantiam
572 1283 605 1311 in
632 1280 786 1317 dicendo,
810 1280 906 1310 Brut.
930 1281 984 1314 72.

250 1326 310 1357 Or.
330 1327 350 1358 i.
372 1329 420 1358 12.
451 1335 517 1355 non
535 1335 604 1355 esse
620 1328 777 1354 ornatum
802 1323 896 1354 illurn
914 1333 985 1353 ora-

250 1371 378 1401 torium
401 1376 435 1401 et
451 1370 683 1409 magnificum,
701 1368 759 1397 sed
774 1377 848 1406 quae
864 1374 899 1397 et
915 1368 988 1407 ipsa

252 1415 421 1445 subtilitas
453 1414 579 1444 dieitur
608 1413 643 1443 in
674 1411 860 1448 scribendo,
892 1410 925 1440 h.
956 1421 985 1440 e.

252 1466 356 1489 tenue
374 1458 469 1495 illud,
486 1463 533 1494 et,
549 1458 584 1487 in
602 1457 673 1496 ipsa
691 1456 859 1486 tenuitate
878 1460 911 1485 et
929 1464 987 1485 ne-

252 1503 430 1542 gligentia,
458 1502 525 1532 suis
555 1501 740 1531 Veneribus
771 1504 904 1539 gratum
938 1499 987 1528 di-

254 1547 351 1577 cendi
385 1556 504 1587 genus,
534 1556 600 1584 quo
638 1545 761 1580 Caesar,
791 1543 984 1580 Terentius,

252 1589 379 1631 Nepos,
403 1596 439 1621 et
462 1591 578 1619 cicero
604 1589 636 1618 in
664 1587 901 1627 philosophicis
927 1587 986 1616 &c-

252 1635 304 1664 usi
322 1640 418 1665 sunt:
448 1633 535 1673 quod
559 1637 593 1662 et
615 1632 699 1661 vidit
712 1631 875 1661 Vavassor
891 1630 931 1660 de
948 1631 988 1660 vi

253 1685 289 1709 et
305 1679 375 1710 Usu
393 1678 490 1708 Vei-b.
507 1687 581 1717 pag.
601 1678 675 1707 5⁶21.
692 1675 743 1705 ed.
761 1675 852 1715 Lips.
870 1674 987 1714 ltaque

252 1724 323 1755 Att.
340 1724 394 1753 vii.
412 1726 443 1752 3.
464 1721 626 1751 Terentio
643 1719 842 1749 nominatim
859 1720 988 1758 elegan-

255 1768 304 1797 tia
323 1767 492 1797 tribuitur.
523 1766 580 1795 Or.
599 1764 633 1793 ii.
650 1767 680 1797 7.
712 1763 890 1793 subtilitati
908 1763 989 1802 jun-

253 1812 360 1850 gitur:
391 1809 544 1845 Camlus,
570 1808 624 1837 cui
655 1807 762 1837 Graeei
788 1806 899 1837 solent
926 1807 987 1846 ipsi

253 1864 322 1885 suae
343 1855 467 1894 linguae
491 1852 712 1883 subtilitatem
728 1852 990 1891 elegantiamque

252 1899 447 1929 concedere.
485 1897 582 1927 Brut.
607 1899 660 1930 75.
699 1895 810 1925 Caesar
835 1894 876 1924 ad
902 1894 988 1924 hanc

250 1944 451 1981 elegantiam
480 1942 655 1971 verborum
688 1939 883 1975 latinorum,
912 1948 987 1977 quae

251 1988 382 2017 etiamsi
409 1990 519 2015 orator
542 1994 610 2014 non
634 1983 691 2020 sis,
707 1987 742 2012 et
757 1983 799 2012 sis
820 1983 987 2022 ingenuus

252 2031 332 2061 civis
359 2030 501 2061 Roman.
518 2032 634 2059 tamen
650 2027 836 2057 necessaria
851 2029 912 2063 est,
930 2026 987 2056 ad-

244 2075 363 2114 jungit
386 2074 443 2104 illa
465 2072 609 2103 oratoria
627 2075 828 2101 ornamenta
842 2070 986 2101 dicendi.

251 2119 471 2149 Planissimus
501 2121 553 2146 est
582 2116 674 2146 locus
702 2115 742 2144 ad
767 2114 918 2144 Herenn.
940 2115 984 2145 iv.

252 2165 303 2193 12.
331 2162 497 2202 elegantia
520 2164 582 2197 est,
602 2168 676 2198 quae
698 2159 792 2195 facit,
815 2162 855 2188 ut
876 2167 984 2188 unum

249 2207 404 2246 quodque
431 2214 513 2245 pure
536 2208 569 2234 ct
592 2207 706 2243 aperte
733 2202 798 2232 dici
821 2201 984 2240 videatur,

248 2251 321 2290 ejus
342 2254 453 2290 partes
476 2252 557 2279 sunt
580 2246 747 2277 Latinitas
771 2251 807 2276 et
827 2245 984 2286 explana-

247 2296 308 2325 tio.
339 2293 529 2324 *Similiter
551 2293 586 2322 in
611 2291 706 2322 cultu
729 2291 893 2329 elegantia
916 2299 983 2320 non

248 2342 301 2368 est
316 2337 582 2377 magnificentia,
595 2335 653 2366 sed
669 2334 794 2373 aliquid
811 2334 900 2364 inter
915 2343 984 2363 sor-

247 2382 306 2413 des
321 2386 356 2413 et
373 2380 661 2420 magnificentiam
677 2378 930 2415 intermedium,
948 2377 982 2408 h.

248 2437 278 2457 e.
304 2425 483 2456 munditia.
521 2424 563 2454 ad
587 2424 664 2455 Div.
693 2423 737 2453 ix.
761 2424 814 2453 20.
848 2421 983 2451 Verrius

246 2474 326 2501 tuus
350 2474 385 2500 et
408 2468 583 2505 Camillus,
600 2477 666 2506 qua
689 2465 858 2497 munditia
876 2465 984 2495 homi-

246 2524 320 2551 nes,
345 2523 411 2554 qua
435 2512 627 2552 elegantia?
664 2510 783 2550 Itaque
810 2510 913 2539 etiam
941 2509 981 2539 de

245 2559 397 2589 oratione
413 2557 485 2588 haec
501 2556 568 2586 duo
581 2556 788 2595 junguntur.
817 2553 910 2584 Orat.
928 2554 982 2584 ⁶23.

246 2602 362 2634 Fucati
388 2611 465 2631 vero
495 2600 741 2630 medicamenta
771 2598 923 2628 candoris
949 2601 983 2628 et

244 2647 375 2678 ruboris
406 2645 522 2675 omnia
552 2642 777 2683 repellentur:
817 2642 983 2680 elegantia

244 2690 346 2722 modo
362 2694 397 2719 et
411 2688 580 2719 munditia
599 2686 758 2717 orationis
782 2685 981 2716 remanebit.

245 2736 267 2757 ’θ
282 2738 334 2765 est
358 2733 462 2764 etiam
488 2732 654 2770 elegantia
680 2731 715 2760 in
740 2729 870 2768 reliqua
898 2729 981 2768 vita,

244 2787 321 2818 quae
345 2777 492 2808 moribus
515 2779 550 2805 et
574 2775 673 2806 rebus
699 2773 853 2814 gerendis
873 2772 982 2803 conti-

244 2825 359 2859 netur,
377 2820 582 2852 innocentia.
606 2818 689 2849 Sull.
706 2819 758 2849 28.
786 2820 906 2853 vestra,
924 2816 981 2856 qui

244 2876 324 2897 eum
339 2874 473 2896 summa
487 2864 654 2903 elegantia
666 2865 768 2901 atque
784 2861 980 2901 integritate

243 2910 387 2950 vixistis,
409 2908 474 2940 hoc
500 2908 646 2940 maxime
671 2906 826 2943 interest,
849 2915 917 2938 non
940 2914 981 2935 ex

768 94 916 125 INDEX
946 94 1245 126 LATlruTATIS.

1032 184 1168 216 libidine
1192 187 1252 215 aut
1277 182 1452 215 simultate
1473 186 1534 216 aut
1554 182 1692 216 levitate
1713 186 1766 217 te-

1030 230 1132 260 stium
1172 238 1288 259 causas
1324 228 1544 260 honestorum
1587 229 1769 260 hominum

1030 273 1220 313 ponderari.

1076 316 1265 354 Elementa,
1281 315 1391 346 fontes
1410 316 1550 356 alicujus
1568 317 1625 347 rei.
1655 316 1712 347 Or.
1729 314 1765 348 ii.

1034 362 1084 391 li.
1116 361 1231 390 licebit
1256 361 1358 390 etiam
1386 359 1611 391 laudationem
1638 370 1765 401 amare,

1031 414 1140 444 neque
1166 404 1224 435 illa
1248 406 1408 434 elementa
1433 404 1628 434 desiderare.
1660 403 1764 435 *Fin.

1031 449 1078 479 iii.
1111 452 1140 479 5.
1185 449 1294 489 prima
1322 450 1479 479 elementa
1508 453 1651 485 naturae,
1681 450 1765 478 sunt

1031 501 1105 531 quae
1129 496 1163 522 ct
1186 491 1353 532 principia
1374 491 1553 530 naturalia,
1573 492 1682 532 prima
1705 500 1765 522 na-

1027 539 1112 567 turae
1129 536 1300 566 dicuntur.

1072 580 1229 618 Elevare,
1260 579 1425 617 minuere,
1449 578 1642 618 infringere.
1684 578 1765 609 Nat.

1028 623 1072 654 D.
1090 624 1136 654 iii.
1159 628 1191 655 4.
1221 624 1441 664 perspicuitas
1465 623 1761 662 argumentatione

1028 667 1186 699 elevatur.
1218 668 1261 698 ad
1286 667 1364 698 Div.
1378 676 1409 697 v.
1430 670 1481 698 14.
1503 668 1629 697 eleuare
1652 665 1764 696 solici-

1028 712 1175 742 tudines.
1205 712 1258 742 Sic
1272 712 1373 742 Tuse.
1390 711 1436 741 iii.
1456 711 1506 741 16.
1526 712 1652 741 elevare
1667 710 1764 749 aegri-

1028 755 1196 793 tudinem,
1211 765 1270 795 pro
1294 765 1358 794 quo
1374 758 1489 785 tamen
1513 765 1530 783 e
1555 754 1626 784 MS.
1641 754 1762 784 Norvi-

1030 800 1119 830 censi
1137 799 1292 830 Davisius
1316 798 1467 838 reposuit
1487 807 1658 835 enervare,
1676 797 1764 836 quod

1030 844 1072 883 τῷ
1088 843 1273 873 obtundere
1290 842 1410 872 melius
1425 842 1602 881 jungitur:
1625 845 1701 881 post
1716 840 1764 870 le-

1030 897 1119 924 vare,
1137 887 1170 916 in
1187 887 1238 916 ed.
1255 896 1320 916 sec.
1350 886 1408 916 Or.
1424 886 1460 915 ii.
1476 888 1527 916 53.
1558 886 1684 916 elevare
1706 885 1764 915 ad-

1029 931 1230 960 versarium:
1256 931 1277 960 i.
1294 940 1323 960 e.
1339 929 1504 968 frangere.

1075 974 1218 1011 Elim-e,
1236 974 1362 1004 artibus
1389 972 1587 1012 quibusdam
1615 982 1765 1009 evocare.

1032 1016 1103 1048 Inv.
1128 1018 1149 1048 i.
1173 1020 1204 1048 2.
1227 1019 1340 1048 elicere
1365 1016 1666 1057 opportunitatem,
1689 1027 1762 1056 quae

1027 1062 1063 1092 in
1079 1062 1199 1092 animis
1215 1065 1278 1099 est,
1295 1065 1328 1091 et
1343 1061 1569 1101 praecipiendo
1591 1060 1771 1091 meliorem.

1029 1106 1178 1136 reddere.
1191 1105 1305 1136 Vatin.
1321 1105 1352 1135 6.
1365 1104 1548 1135 inferorum
1563 1104 1691 1135 animas
1706 1106 1764 1135 eli-

1030 1160 1112 1180 cere.
1135 1149 1154 1168 '¹‘
1178 1149 1348 1180 invenitur
1376 1149 1479 1178 etiam
1509 1158 1571 1188 pro
1596 1149 1772 1181 emittere..

1031 1193 1112 1224 Ccel.
1129 1195 1181 1225 24.
1199 1203 1312 1223 nonne
1334 1193 1441 1232 ipsam
1464 1192 1602 1222 domum
1619 1195 1764 1229 metuet,

1032 1246 1073 1267 ne
1098 1247 1198 1276 quam
1210 1247 1325 1267 vocem
1341 1237 1448 1266 eliciat
1461 1236 1478 1266 2⁹
1522 1235 1587 1266 Sed
1601 1236 1662 1266 viri
1674 1236 1763 1266 docti

1029 1281 1209 1320 legendum
1241 1284 1381 1310 censent
1411 1280 1521 1318 ejiciat
1537 1292 1544 1309 :
1584 1284 1761 1319 tamquam

1030 1325 1156 1355 Muret.
1182 1324 1220 1354 V.
1243 1325 1282 1355 L.
1304 1325 1342 1354 ii.
1370 1327 1419 1358 17.
1447 1328 1481 1354 et
1507 1323 1575 1354 alii.
1621 1323 1770 1354 Ursinus.

1029 1370 1132 1399 etiam
1148 1369 1183 1398 in
1199 1368 1294 1398 MSS.
1306 1369 1467 1408 reperisse
1479 1377 1513 1397 se
1530 1367 1621 1397 dicit.
1636 1367 1763 1398 Verum

1030 1413 1093 1443 etsi
1109 1412 1231 1443 durum
1248 1413 1361 1442 elicere
1376 1411 1439 1442 hoc
1455 1421 1555 1441 sensu
1571 1415 1605 1441 et
1621 1411 1764 1441 inusita-

1027 1463 1117 1493 tum,
1133 1461 1250 1487 tamen
1266 1466 1328 1486 nec
1354 1456 1474 1495 ejicere
1497 1465 1612 1484 vocem
1629 1454 1764 1486 mollius

1027 1506 1147 1541 putem
1164 1511 1202 1530 ac
1219 1500 1378 1530 Cicerone
1396 1500 1549 1539 dignum.
1572 1499 1692 1538 Neque
1707 1508 1764 1528 ex-

1028 1544 1179 1584 emplum
1205 1543 1304 1583 hujus
1328 1544 1445 1574 formae
1484 1543 1640 1582 loquendi
1674 1543 1764 1582 quis-

1029 1598 1145 1628 quam,
1161 1588 1249 1626 quod
1273 1588 1391 1624 sciam,
1407 1587 1535 1623 attulit,
1552 1591 1611 1616 aut
1634 1596 1689 1616 me
1712 1596 1764 1617 re-

1030 1633 1137 1673 perire
1154 1631 1304 1661 memini.
1350 1631 1462 1661 Ursini
1479 1636 1593 1661 autem
1611 1631 1710 1660 fidem
1728 1630 1764 1660 in

1032 1677 1094 1706 hoc
1111 1685 1231 1715 genere
1247 1674 1429 1705 sublestam
1440 1684 1524 1709 esse,
1539 1675 1612 1713 quis
1629 1674 1761 1705 nescit?

1033 1721 1146 1750 Potest
1160 1720 1263 1749 etiam
1280 1721 1387 1749 eliciat
1403 1718 1518 1749 referri
1537 1718 1579 1748 ad
1600 1717 1763 1748 Clodiam.

1030 1762 1175 1794 Veretur
1191 1773 1233 1793 ne
1249 1765 1357 1793 eliciat
1375 1763 1500 1793 aedibus
1515 1772 1642 1793 vocem.
1665 1761 1764 1802 Quod

1030 1809 1056 1838 si
1069 1809 1177 1838 eliciat
1193 1807 1235 1837 ad
1249 1807 1387 1837 domum
1404 1806 1528 1836 referas
1545 1810 1580 1836 et
1596 1806 1763 1846 Interpre-

1029 1856 1101 1882 tere
1118 1852 1265 1888 emittat,
1282 1851 1390 1881 simile
1412 1855 1464 1880 est
1480 1849 1550 1880 illi:
1586 1859 1763 1890 erumpere

1030 1895 1254 1932 stomachum,
1272 1896 1344 1925 Att.
1368 1895 1432 1925 xvi.
1447 1897 1478 1925 3.
1501 1904 1562 1933 pro
1578 1893 1762 1924 effundere.

1031 1939 1229 1970 Stomachus
1246 1939 1337 1969 enim
1364 1937 1512 1978 erumpit
1530 1937 1675 1977 proprie,
1696 1947 1764 1968 non

1030 1984 1238 2023 erumpimus
1254 1982 1479 2013 stomachum.
1523 1981 1578 2011 Sic
1600 1991 1661 2010 vox
1676 1982 1765 2011 elici-

1031 2033 1089 2059 tur
1114 2027 1240 2058 aedihus
1266 2027 1413 2067 proprie,
1439 2035 1507 2055 non
1534 2025 1653 2055 domus
1675 2026 1765 2055 elicit

1031 2081 1157 2102 vocem.
1182 2070 1201 2088 *
1224 2081 1301 2100 cum
1329 2070 1382 2107 ad,
1412 2079 1471 2109 pro
1491 2068 1638 2099 allicere.
1667 2068 1763 2099 Balb.

1035 2116 1083 2146 16.
1107 2114 1289 2145 Gaditanos
1304 2113 1450 2155 praerniis
1465 2114 1578 2143 elicere
1594 2112 1635 2142 ad
1658 2113 1719 2142 &cu

1073 2159 1223 2196 Elidere,
1236 2158 1404 2197 frangere,
1420 2166 1588 2197 rumpere.
1600 2155 1702 2187 Tusc.
1715 2156 1761 2187 iii.

1026 2205 1079 2235 34.
1125 2203 1251 2242 Stirpes
1274 2201 1481 2242 aegritudinis
1503 2204 1624 2231 trunco
1650 2209 1765 2231 everso

1027 2256 1143 2278 omnes
1159 2246 1312 2277 elidenda?
1338 2250 1430 2276 sunt.
1458 2245 1538 2275 ibid.
1565 2245 1664 2275 fibras
1687 2245 1762 2274 stir-

1027 2292 1121 2332 pium
1138 2290 1266 2323 elidere.
1298 2290 1364 2320 Sed
1380 2290 1423 2319 ibi
1440 2288 1506 2319 alia
1521 2288 1621 2318 lectio
1637 2295 1688 2318 est
1704 2288 1766 2318 eli-

1028 2334 1146 2374 gendae
1172 2337 1206 2364 et
1222 2334 1360 2373 eligere,
1387 2342 1486 2373 quam
1505 2332 1655 2362 defendit
1679 2332 1764 2362 Bur-

1028 2388 1143 2409 mann.
1166 2378 1209 2409 ad
1235 2378 1328 2418 Virg.
1352 2378 1392 2408 G.
1410 2377 1444 2406 ii.
1461 2380 1536 2410 407.
1559 2376 1638 2406 ibid.
1656 2376 1689 2406 ii.
1712 2379 1762 2406 ll.

1030 2423 1142 2453 Poetae
1169 2432 1286 2453 nervos
1320 2430 1437 2452 omnes
1463 2420 1598 2450 virtutis
1624 2419 1761 2450 elidunt.

1028 2466 1106 2497 ibid.
1121 2476 1150 2496 v.
1168 2466 1199 2497 6.
1220 2466 1278 2504 qui
1294 2466 1392 2497 rebus
1408 2464 1460 2495 his
1482 2463 1609 2494 fractus
1626 2464 1763 2503 atgritu-

1027 2510 1103 2541 dine
1118 2510 1263 2540 eliditur.

1071 2554 1239 2585 Elimare.
1262 2551 1431 2583 elaborare
1459 2550 1651 2590 diligenter.
1687 2550 1759 2581 Att.

1027 2598 1090 2628 xvi.
1117 2601 1149 2633 7.
1173 2597 1273 2627 velim
1295 2594 1417 2637 σχόλιον
1438 2595 1572 2634 aliquod
1595 2596 1705 2626 elimes
1721 2593 1768 2624 ad·

1027 2651 1096 2677 ine,
1112 2642 1297 2682 oportuisse
1311 2645 1346 2671 te
1372 2640 1459 2670 istuc
1475 2639 1595 2669 facere.

1070 2685 1256 2723 Elimatus‚
1272 2684 1417 2721 subtilis,
1435 2688 1565 2713 acutus.
1591 2682 1691 2714 Aead.
1719 2683 1763 2712 iv.

1026 2731 1079 2761 20.
1098 2739 1240 2769 magnus
1257 2738 1331 2759 surn
1347 2728 1516 2767 opinator,
1533 2730 1567 2757 et
1587 2725 1764 2765 cogitatio-

1026 2782 1085 2805 nes
1103 2782 1194 2804 meas
1205 2771 1399 2811 dirigo—ad
1413 2771 1557 2801 rationes
1573 2770 1632 2800 has
1645 2769 1763 2800 latiore

1026 2817 1149 2857 specie,
1167 2826 1235 2847 non
1251 2815 1292 2847 ad
1307 2819 1410 2846 tenue
1426 2816 1586 2846 elimatas.
1601 2813 1762 2844 Rationes

1025 2861 1144 2892 latiore
1161 2860 1285 2901 specie,
1301 2863 1393 2897 sunt,
1409 2865 1449 2890 ut
1464 2865 1540 2898 post
1559 2859 1762 2897 interpreta-

1024 2909 1096 2943 tur,
1112 2905 1195 2944 visa,
1211 2913 1286 2945 quae
1301 2903 1425 2936 acriter
1440 2905 1590 2936 mentem
1607 2910 1761 2931 sensum-
