1920 3196
690 111 837 139 1NDEx
867 108 1149 138 LATINITATIS
1156 126 1166 136 .

157 199 285 231 e'iando.
321 201 355 231 in
382 200 494 231 Caecil.
520 204 550 232 3.
581 201 736 231 severitas
755 198 904 237 judicio-

157 254 243 274 rum.
274 244 316 274 cf.
340 244 437 275 Rosc.
462 245 500 275 A.
523 248 554 276 3.
571 245 630 274 &c.
663 243 795 273 *CatiL
813 243 855 273 iv.
873 245 902 273 4.

157 288 276 318 versari
295 289 327 318 in
342 290 526 326 severitate,
543 289 715 326 dicuntur,
733 287 790 326 qui
814 296 905 317 seve-

158 341 228 361 ram
245 332 448 362 sententiam
470 332 599 362 dicunt.

201 374 351 405 Severus.
369 376 495 414 justus.
530 376 624 405 Ruso.
642 374 680 405 A.
699 378 729 405 5.
760 374 850 404 acria
866 384 903 403 ac

154 418 418 455 severajudicia.
450 419 524 449 Act.
543 419 563 448 i.
580 419 674 449 Verr.
695 421 744 449 10.
777 417 905 448 familia

157 467 230 491 tum
246 462 288 492 ad
306 468 434 492 ceteras
451 472 515 500 res,
532 468 606 492 tum
628 461 902 501 adjudicandum

155 516 368 536 severzssvma.

201 549 367 580 Sei-ocare.
392 551 471 580 Nat.
486 550 528 580 D.
542 550 588 580 iii.
600 552 628 580 8.
653 559 799 580 sevocare
811 558 904 578 men-

156 599 226 622 tem
243 594 283 623 ab
301 593 418 624 oculis.
441 593 689 632 *distinguer-e.
716 594 773 623 Or.
788 595 840 623 20.
864 593 904 622 ab

158 636 207 666 his
224 646 290 666 non
309 637 415 667 multo
431 647 539 674 secus,
553 647 652 676 quam
670 647 689 666 a
701 637 820 677 poetis,
834 636 904 667 haec

157 679 362 719 eloquentia,
379 691 480 720 quam
505 682 701 719 quaerimus,
725 680 904 711 sevocanda

157 729 218 754 est.

203 767 408 805 sexcentena,
433 768 603 808 profertur
632 779 649 797 e
680 768 773 798 Verr.
799 777 827 796 v,
849 768 903 798 535.

155 812 213 841 sed
238 812 282 841 ibi
306 811 487 852 legendum
511 814 648 842 sesceni.
688 811 771 842 adde
801 811 903 840 etiam

157 855 332 886 Drakvnb.
347 856 389 885 ad
406 856 477 886 Liv.
495 855 558 886 xlv.
580 857 629 886 16.

201 899 365 936 Sescenti,
381 900 421 930 de
447 909 583 937 magno,
607 899 665 929 sed
689 899 818 928 incerto
842 908 905 928 nu—

158 952 260 973 mero.
289 943 359 973 Att.
378 944 442 973 xiv.
461 946 511 974 12.
533 948 683 975 sexcenta
698 942 832 973 similia.
863 942 905 971 cf.

158 986 255 1016 Rosc.
273 987 312 1016 A.
330 989 383 1018 3⁶2.
400 988 460 1017 δερ.

205 1030 357 1067 Suriam,
396 1031 470 1060 duae
502 1031 626 1067 unciae,
664 1039 738 1068 quae
777 1032 905 1059 sextam

157 1075 236 1103 assis
254 1079 385 1113 partem
402 1074 600 1110 conficiunt,
618 1074 706 1103 unde
729 1083 789 1113 pro
812 1078 907 1102 sexta

156 1117 353 1148 hert-(litatis
378 1123 483 1158 parte.
524 1118 566 1147 ad
590 1118 667 1148 Div.
691 1117 759 1148 xiii.
784 1119 836 1151 29.
871 1117 904 1146 in

156 1166 307 1191 sextante
322 1171 404 1191 csse.
429 1172 458 1192 ν.
475 1162 530 1192 As.

202 1204 354 1242 Sectam,
371 1211 465 1235 sexta
482 1215 556 1245 pars
577 1205 698 1234 unciae.
732 1204 856 1234 Caecin.
874 1204 904 1234 6.

156 1248 231 1279 duae
247 1250 392 1279 sextum.
416 1249 495 1280 ibid.
509 1250 671 1279 sextulam
689 1248 863 1288 adspersit.

202 1292 249 1323 Si.
281 1294 340 1324 Or.
359 1295 411 1323 ⁶24.
434 1295 461 1323 .ςὶ
478 1292 615 1332 aliquid.
641 1291 684 1321 cf.
703 1291 774 1321 Att.
790 1291 836 1321 iii.
857 1294 906 1321 14.

160 1336 228 1366 xiii.
259 1339 308 1367 13.
339 1339 388 1370 17.
428 1337 498 1366 Fat.
529 1340 578 1370 19.
606 1336 701 1366 Prov.
728 1335 827 1365 Cons.
854 1337 906 1366 ⁴20.

160 1380 257 1410 Catil.
274 1381 316 1411 iv.
337 1383 386 1411 10.
416 1382 442 1411 εἰ
458 1380 648 1420 aliquando.
680 1379 734 1409 *si
757 1388 831 1418 quae
848 1388 907 1419 pro

158 1425 186 1454 si
201 1434 278 1463 qua.
310 1424 379 1454 Att.
396 1425 437 1454 iv.
455 1427 484 1455 ⁶2.
516 1424 556 1454 ad
574 1424 651 1454 Div.
666 1433 696 1453 v.
713 1425 744 1454 Β.
766 1425 816 1453 12.
848 1423 905 1453 Or.

159 1467 193 1497 ii.
211 1470 263 1502 72.
281 1471 334 1502 75.
367 1468 446 1498 Coel.
469 1471 520 1499 ⁶20.
552 1467 633 1506 Leg.
659 1467 692 1497 ii.
718 1469 748 1497 5.
779 1466 908 1496 *habet

159 1516 194 1542 et
218 1512 283 1542 vim
309 1512 549 1551 interrogandi,
565 1516 604 1541 ut
621 1510 706 1551 Top.
725 1512 777 1540 5³2.
806 1511 835 1540 si
850 1520 908 1540 ex-

159 1555 313 1595 petendae
331 1556 469 1592 divitiae,
483 1558 510 1586 si
525 1555 685 1594 fugienda
701 1558 890 1594 paupertas.

203 1599 336 1630 sibilus.
368 1599 409 1630 ad
426 1599 502 1630 Div.
522 1600 587 1629 viii.
604 1601 636 1630 2.
659 1599 770 1628 sibilus
786 1597 907 1628 ruden-

154 1646 244 1674 tum.

205 1686 271 1723 See,
288 1691 475 1726 propterea.
506 1686 548 1716 ad
563 1686 640 1716 Div.
656 1686 726 1716 xiii.
744 1690 797 1720 70.
831 1686 909 1725 quia

159 1740 227 1760 non
243 1734 293 1760 est
309 1731 450 1761 obscura
465 1735 527 1760 tua
541 1731 575 1760 in
594 1740 648 1760 me
664 1730 908 1760 benevolentia.

159 1773 215 1804 Sic
231 1775 270 1804 fit
288 1774 347 1804 δῖε.
378 1774 524 1805 *Multis
542 1773 648 1804 modis
672 1773 836 1812 exquisite
860 1773 909 1803 di-

160 1819 261 1855 citur,
285 1822 324 1848 ut
346 1819 405 1848 ita.
436 1818 493 1848 ubi
518 1817 601 1847 vide.
633 1817 701 1847 Att.
723 1818 764 1847 vi.
793 1820 819 1847 l.
853 1817 909 1847 Sae'c

160 1861 406 1899 contendi,n0n
420 1868 582 1900 sequente
596 1864 644 1891 ut.
661 1861 692 1891 id
706 1867 755 1891 est
767 1870 825 1900 pro
834 1860 908 1891 hoc.

204 1905 351 1936 Siccilas.
379 1906 527 1935 tenuitas
543 1905 715 1935 orationis.
741 1905 836 1935 Brut.
856 1907 907 1935 82.

157 1950 285 1979 siccitas
322 1950 494 1979 orationis.
540 1949 582 1978 ef.
614 1948 695 1979 Nat.
734 1948 776 1978 D.
809 1948 842 1977 ii.
880 1952 906 1979 l.

159 1993 287 2023 *Tuscu
304 2002 334 2022 ν.
351 1995 402 2023 3⁴.
434 1994 575 2030 siccitas,
592 2002 666 2032 quae
690 1993 908 2031 consequitur

159 2037 403 2067 continentiam
432 2037 466 2066 in
490 2037 592 2066 victu.
626 2036 709 2066 Cato
737 2039 784 2066 10.
815 2046 907 2065 sum-

158 2090 250 2110 mam
282 2081 317 2110 in
347 2090 386 2110 eo
422 2090 492 2110 esse
533 2080 679 2120 corporis
716 2081 906 2110 siceitatem.

159 2124 224 2154 Sed
241 2124 284 2154 ibi
302 2124 460 2154 Dukerus
476 2123 517 2153 ad
532 2123 603 2154 Liv.
620 2124 701 2164 epit.
720 2127 771 2154 50.
790 2125 906 2153 rescri-

156 2168 190 2198 bi
207 2168 278 2198 vult
294 2168 502 2198 firmitatem.
554 2168 716 2197 Diodorus
732 2166 834 2197 Sicul.
853 2177 906 2207 ap.

159 2212 317 2242 Photium
351 2211 497 2251 appellat
528 2210 662 2241 subrufa».
724 2211 795 2250 Ego
829 2221 906 2241 vero

158 2265 225 2285 non
253 2259 368 2295 putem
399 2265 533 2285 net-esse
563 2265 645 2284 esse.
695 2254 832 2285 Siccz'tas
855 2260 907 2285 est

157 2299 345 2329 salubritas.
384 2309 463 2329 nam
488 2309 626 2339 corpora
649 2299 736 2329 sicea
759 2299 907 2329 saluber-

159 2344 246 2373 rima
261 2349 294 2372 et
312 2343 504 2373 firmissima
519 2349 612 2379 sunt,
629 2349 663 2372 et
679 2344 816 2379 siccitas,
833 2347 872 2373 ut
888 2353 905 2371 e

159 2387 232 2417 loco
257 2387 426 2416 Ciceronis
449 2391 484 2416 et
506 2386 661 2426 Xenoph.
687 2387 859 2426 Cyropaed.
883 2387 905 2416 i.

158 2432 190 2461 2.
221 2435 329 2470 patet,
344 2431 451 2460 oritur
475 2440 491 2460 e
515 2430 723 2460 continentia
744 2436 779 2459 et
795 2430 905 2460 labore

159 2479 195 2504 et
209 2474 514 2504 exercitationibus.
561 2474 625 2503 Sed
647 2480 830 2512 utrumque
850 2474 906 2504 atl-

160 2517 211 2548 dit
225 2518 352 2548 Cicero.
377 2517 460 2547 adde
477 2518 569 2547 <licta
584 2518 617 2547 in
635 2518 753 2547 siccus.

205 2560 328 2598 Siccus,
343 2562 467 2591 dicitur
482 2562 521 2591 ‹le
538 2560 618 2591 sano
634 2571 783 2600 corpore,
794 2561 827 2590 in
841 2571 906 2600 quo

162 2605 245 2635 nihil
269 2605 375 2635 vitiosi
405 2605 566 2641 humanis,
592 2605 679 2644 quod
712 2614 778 2634 non
802 2605 905 2644 pitui-

157 2653 284 2685 tosum,
302 2658 368 2678 non
386 2658 560 2678 mucosum
582 2649 641 2677 &m
672 2648 761 2677 unde
777 2648 819 2678 ad
835 2659 907 2678 ora-

158 2693 287 2723 tionem
312 2692 468 2722 subtilem
495 2692 697 2729 traducitur,
717 2693 811 2730 cujus
836 2702 906 2722 ma-

160 2737 289 2766 ximum
317 2744 554 2766 ornamentum
586 2741 637 2765 est
666 2736 823 2765 vitiorum
851 2737 907 2766 ab·

160 2781 280 2810 sentia.
311 2779 406 2810 Brut.
426 2783 477 2810 55.
510 2778 593 2809 nihil
610 2784 682 2808 erat
698 2780 732 2809 in
749 2781 820 2818 ejus
835 2790 907 2809 ora-

158 2824 265 2861 tione,
291 2824 353 2853 nisi
384 2824 567 2860 sincerum,
592 2822 675 2853 nihil
703 2824 766 2862 nis—i
788 2824 908 2853 siceum

161 2872 261 2906 atque
277 2877 410 2898 sanum.
444 2867 523 2907 Opt.
542 2876 618 2906 gen.
635 2866 666 2896 d.
683 2870 714 2897 3.
745 2867 804 2897 sed
827 2877 907 2906 qua-

160 2914 260 2942 tenus
287 2910 477 2949 valuerunt‚
505 2911 577 2940 sani
608 2915 644 2940 et
668 2912 744 2941 sicci
771 2916 909 2941 tantum

1615 93 1698 140 4⁴27

948 197 1147 227 habeantur.
1171 195 1338 226 *sobrius
1362 194 1440 233 Agr.
1457 195 1478 224 i.
1498 196 1526 223 l.
1549 194 1624 224 sicci
1638 202 1697 232 op-

949 245 1123 281 ponuntur
1144 238 1343 270 vinolentis:
1371 244 1486 268 utrum
1511 248 1581 268 esse.
1606 236 1696 266 vobis

948 284 1087 314 consilia
1096 285 1268 321 siccorum,
1281 292 1323 312 an
1339 281 1588 312 vinolentorum
1607 291 1696 311 som-

949 329 1005 358 nia
1022 328 1190 358 videntur.

993 372 1183 411 sigillatus,
1215 369 1371 400 caelatus:
1413 368 1453 398 de
1488 379 1553 407 quo
1583 379 1694 410 supra.

947 415 1040 446 Verr.
1057 416 1099 445 iv.
1120 417 1169 445 14.
1197 414 1312 454 scyphi
1329 413 1478 452 sigillati.

992 459 1163 497 Sigillum,
1180 458 1329 497 signum,
1354 456 1584 486 simulacrum.
1615 455 1696 486 Nat.

947 503 990 533 ]).
1016 504 1036 532 i.
1060 506 1112 532 30.
1144 503 1325 542 Epicureos
1350 501 1425 529 novi
1450 501 1564 529 omnia
1586 501 1697 538 sigilla

948 551 1178 576 numerantes.
1206 546 1277 575 Att.
1296 545 1316 574 i.
1338 548 1387 574 10.
1412 544 1561 584 putealia
1575 545 1695 582 sigilla.

994 591 1170 629 signarus,
1199 589 1238 618 de
1266 598 1330 618 aere
1358 595 1418 618 aut
1449 591 1603 626 argento,
1631 593 1694 624 est,

948 643 1021 672 quae
1049 634 1193 673 pecunia
1218 633 1353 662 dicitur.
1392 631 1485 661 Verr.
1509 642 1539 662 v.
1561 633 1614 662 ⁶25.
1644 641 1696 661 ar-

948 683 1090 717 gentum
1108 677 1233 707 factum
1251 682 1352 714 atque
1367 677 1549 714 signatum.

994 722 1150 759 Signum,
1165 724 1278 751 notam
1296 720 1417 756 facere,
1434 729 1499 758 qua
1515 728 1695 758 agnoscere

948 769 982 794 et
1006 765 1046 794 ab
1070 764 1142 794 aliis
1167 765 1353 795 discernere
1379 763 1493 802 possis.
1527 763 1629 793 Acad.
1654 763 1696 792 iv.

948 810 999 839 2‘2.
1018 808 1101 838 nihil
1118 809 1165 838 ita
1178 809 1308 847 signari
1325 818 1343 837 a
1359 817 1435 836 vero
1451 817 1559 846 posse,
1572 812 1611 837 ut
1628 816 1695 837 non

947 852 1071 882 eodeni
1084 852 1181 882 modo
1197 852 1302 892 possit
1319 862 1338 881 a
1352 850 1445 880 falso.

993 895 1157 935 Signg'fer,
1186 897 1220 925 in
1250 906 1283 925 re
1310 894 1448 925 militari
1476 898 1540 932 est,
1567 895 1624 934 qui
1653 894 1695 925 si-

949 949 1052 979 gnum
1086 940 1233 969 militare
1257 942 1378 978 portat.
1419 939 1494 969 Div.
1521 939 1542 968 i.
1567 941 1620 970 35.
1654 940 1697 968 si-

944 984 1059 1023 gng's'er
1081 984 1178 1023 primi
1204 984 1340 1020 hastati,
1355 982 1445 1013 unde
1470 992 1528 1022 pro
1553 982 1637 1012 duce
1662 987 1697 1012 et

948 1027 1098 1067 principe
1123 1027 1263 1066 alicujus
1288 1027 1347 1056 rei.
1382 1026 1451 1056 Att.
1478 1026 1511 1056 ii.
1542 1029 1567 1056 1.
1597 1030 1631 1056 te
1653 1027 1696 1056 si-

945 1071 1077 1110 ις’]ιςῗγὶψο
1100 1082 1138 1101 ac
1163 1071 1323 1111 principe.
1362 1070 1445 1100 Sull.
1475 1072 1523 1099 1⁶22.
1558 1068 1698 1110 signgfer

942 1115 1145 1154 juventutis.
1184 1115 1301 1144 *orbis
1328 1113 1471 1154 Signifer
1500 1118 1551 1143 est
1578 1114 1697 1144 Zodia-

948 1169 1020 1195 cus,
1040 1160 1096 1197 qui
1121 1159 1167 1188 sie
1192 1159 1315 1188 (licitur
1337 1169 1356 1188 a
1380 1158 1554 1188 duodecim
1580 1158 1696 1197 signis,

949 1202 1010 1232 hoe
1042 1208 1105 1240 est,
1135 1202 1310 1239 sideribus,
1341 1208 1509 1232 certorum
1542 1202 1697 1232 animan-

949 1247 1036 1276 tium
1061 1246 1268 1285 aliarumque
1294 1255 1405 1276 rerum
1429 1246 1575 1286 speciem
1601 1250 1634 1275 et
1659 1246 1696 1275 fi-

949 1300 1068 1329 guram
1092 1291 1328 1320 efficientibus.
1367 1290 1444 1320 Div.
1472 1290 1506 1319 ii.
1531 1291 1584 1320 42.
1616 1289 1697 1320 Nat.

949 1335 992 1365 D.
1009 1335 1042 1364 ii.
1059 1337 1112 1365 ⁶20.

994 1377 1203 1418 Signg'ficm·e.
1234 1377 1291 1407 Or.
1316 1378 1337 1407 i.
1353 1377 1405 1407 2²6.
1436 1378 1522 1416 signi
1542 1376 1625 1407 'care
1648 1378 1699 1407 in-

948 1426 1002 1451 ter
1025 1432 1071 1458 se,
1093 1422 1265 1458 dicuntur,
1290 1421 1346 1460 qui
1370 1421 1432 1451 sibi
1456 1426 1614 1451 annuunt
1637 1421 1697 1451 &c.

949 1466 1084 1495 *obiter
1107 1465 1233 1504 aliquid
1256 1464 1380 1503 dicere,
1407 1469 1443 1494 ut
1466 1468 1601 1495 tantum
1627 1475 1697 1495 mo-

951 1519 1030 1539 neas
1046 1509 1202 1540 alterum.
1234 1508 1276 1538 ad
1295 1509 1371 1539 Div.
1390 1519 1419 1538 x.
1438 1511 1470 1539 3.
1501 1518 1602 1547 quare
1627 1519 1698 1539 mo-

951 1553 1031 1583 dum
1047 1553 1181 1584 faciam.
1227 1552 1328 1583 Nunc
1347 1558 1483 1582 tantum
1506 1553 1699 1593 signfican-

949 1598 1028 1627 dum
1055 1598 1182 1638 putavi.
1220 1596 1326 1626 *cum
1359 1606 1499 1636 praepos.
1527 1607 1578 1626 ex.
1616 1597 1698 1627 Har.

950 1641 991 1672 R.
1015 1644 1046 1671 2¹.
1077 1651 1116 1671 ex
1145 1640 1256 1679 aliquo
1284 1645 1434 1670 monstro
1462 1640 1697 1680 signficatmn.

951 1685 1020 1715 Att.
1039 1685 1103 1715 xvi.
1115 1688 1146 1719 7.
1171 1684 1260 1724 quod
1276 1694 1315 1714 ex
1333 1685 1372 1714 iis
1388 1685 1493 1714 verbis
1511 1695 1531 1714 a
1546 1691 1580 1714 te
1596 1685 1699 1724 signi-

938 1729 1046 1769 ficari
1063 1732 1190 1769 putem.

995 1773 1209 1813 Signg'sicatio.
1240 1772 1330 1801 Sext.
1347 1774 1400 1806 49.
1431 1771 1545 1811 populi
1562 1771 1698 1811 judiciis

950 1822 985 1845 et
1008 1817 1100 1846 omni
1123 1815 1359 1855 signficatione
1382 1816 1562 1846 florebant:
1588 1816 1696 1846 intell.

951 1859 1146 1897 voluntatis,
1172 1861 1293 1889 amoris
1316 1860 1376 1889 διο.
1409 1869 1482 1898 quae
1514 1860 1551 1889 fit
1578 1860 1696 1899 plausu

951 1904 1011 1934 ἃς.
1028 1904 1070 1934 cf.
1088 1914 1116 1934 c.
1136 1907 1187 1938 59.
1216 1903 1301 1933 Phil.
1320 1914 1350 1933 x.
1367 1905 1398 1933 ⁶2.
1422 1904 1698 1943 *significationes

950 1948 1101 1978 Deorum
1128 1952 1208 1977 sunt
1231 1948 1358 1985 omina,
1384 1947 1547 1987 prodigia,
1572 1955 1610 1978 ut
1636 1948 1697 1978 Ca-

949 1992 1001 2021 til.
1016 1992 1049 2022 ii.
1071 1994 1120 2022 13.
1138 1996 1173 2020 et
1189 1991 1276 2021 alibi.

994 2035 1150 2074 Signum.
1176 2035 1248 2065 Fin.
1261 2037 1353 2066 v.‘.’5.
1370 2034 1459 2064 fures
1474 2044 1586 2065 rerum
1600 2037 1695 2075 signa

949 2083 1174 2109 commutant.
1213 2079 1278 2108 *in
1305 2088 1340 2108 re
1366 2078 1517 2108 militari.
1556 2079 1628 2109 Att.
1654 2081 1696 2110 ix.

954 2126 1003 2153 10.
1035 2124 1096 2153 sub
1112 2126 1203 2162 signo
1219 2122 1353 2152 habere.
1387 2122 1426 2152 de
1445 2122 1606 2153 militibus
1623 2124 1697 2162 jam

950 2167 1057 2196 lectis.
1096 2166 1356 2203 *simulaermm
1391 2167 1523 2207 proprie
1562 2167 1698 2205 quidem

949 2210 1091 2241 solidum
1112 2220 1129 2239 e
1154 2210 1275 2249 lapide,
1292 2209 1384 2249 ligno
1409 2211 1469 2240 ἃς.
1500 2210 1557 2240 sed
1580 2215 1698 2242 tamen

950 2260 985 2284 et
1010 2255 1050 2284 de
1075 2255 1221 2293 imagine
1246 2254 1338 2294 picta
1360 2254 1449 2294 apud
1473 2254 1583 2284 Plaut.
1600 2254 1697 2294 Epid.

949 2309 978 2328 v.
1003 2302 1029 2328 1.
1059 2302 1106 2329 18.
1138 2299 1217 2337 quia
1239 2307 1284 2327 se.
1308 2302 1359 2327 est
1382 2299 1517 2337 signum
1541 2298 1612 2336 ejus
1636 2299 1697 2337 rei,

949 2343 1044 2381 eujus
1059 2343 1205 2381 speciem
1230 2341 1375 2371 exhibet.
1408 2342 1478 2372 Fin.
1496 2342 1537 2372 iv.
1561 2345 1610 2372 13.
1641 2343 1697 2373 de-

949 2387 1006 2416 bet
1026 2387 1220 2416 institutum
1246 2385 1342 2423 illud,
1361 2386 1455 2424 quasi
1477 2387 1623 2424 signum,
1640 2386 1697 2416 ab·

948 2429 1086 2460 solvere.
1132 2429 1210 2459 hinc
1249 2429 1359 2459 sidera
1395 2429 1556 2460 dicuntur
1588 2431 1696 2468 signa.

949 2473 1068 2503 Milon.
1097 2477 1150 2503 30.
1178 2474 1238 2503 ἃς.
1277 2474 1357 2512 quia
1383 2478 1418 2503 et
1448 2474 1521 2513 ipsa
1551 2474 1695 2512 speciem

949 2527 1125 2557 corporum
1157 2517 1368 2556 quorundam
1407 2517 1605 2557 praeferunt,
1637 2525 1699 2549 aut

949 2561 1104 2600 praeferre
1121 2564 1296 2601 putantur,
1315 2560 1460 2599 indeque
1477 2562 1614 2590 nomina
1629 2571 1697 2592 sor-

947 2605 1014 2634 tita
1029 2612 1118 2635 sunt.
1167 2605 1255 2643 Hinc
1278 2604 1430 2643 intellige
1452 2604 1547 2634 illum
1564 2604 1699 2644 elegan-

948 2653 1019 2678 tem
1043 2648 1166 2678 locum.
1200 2648 1279 2678 Nat.
1304 2649 1346 2678 D.
1372 2649 1392 2677 i.
1417 2653 1447 2682 9.
1482 2650 1575 2678 Deus
1600 2659 1698 2678 mun-

949 2692 1030 2722 dum
1044 2693 1148 2731 signis
1165 2699 1199 2722 et
1214 2692 1397 2721 luminibus
1421 2696 1594 2731 tamquam
1618 2693 1698 2723 aedi-

949 2735 988 2765 lis
1016 2737 1158 2766 ornavit.
1205 2735 1352 2772 Scilicet,
1377 2736 1489 2765 aediles
1518 2746 1594 2766 curn
1625 2747 1697 2766 rnu-

950 2789 1030 2809 nera
1046 2780 1165 2817 edunt,
1182 2780 1285 2819 signis
1308 2784 1430 2809 ornant
1449 2779 1559 2809 forum
1577 2784 1611 2809 et
1628 2780 1699 2819 pla-

949 2827 1034 2860 teas,
1062 2833 1120 2863 per
1151 2833 1232 2862 quas
1264 2833 1387 2863 pompa
1417 2823 1565 2860 ducitur,
1596 2824 1698 2862 unde,

951 2867 1061 2897 forum
1085 2873 1243 2897 ornatum
1269 2868 1303 2896 iu
1320 2866 1461 2896 Vei-rina
1485 2867 1593 2907 prima
1616 2867 1698 2897 dici-

951 2915 1018 2941 tur.
1065 2911 1213 2942 Mundus
1238 2918 1353 2941 autern
1378 2911 1442 2942 Dei
1471 2920 1594 2942 munus
1618 2910 1701 2942 dici-
