1985 3206
760 95 910 123 mnnx
942 95 1240 126 LA‘nNm‘ms.
1669 89 1748 126 211

233 195 300 217 non
323 187 458 217 transiit
483 186 517 216 in
537 186 637 216 aliam
658 185 833 222 familiam,
851 186 972 216 amissa

231 231 374 270 pristina
389 242 394 259 :
422 240 495 269 quae
513 237 561 260 est
579 230 759 259 diminutio
776 231 889 269 eapitis
910 230 970 259 mi-

232 275 334 303 nima.
352 284 381 303 v.
401 274 601 303 Dimiuutio.
627 275 744 303 t‘ausae
761 275 875 312 eapitis
897 284 972 312 por-

232 328 280 353 ro,
299 328 348 347 res
373 319 539 357 capitales,
558 318 590 346 in
616 318 734 355 quibus
749 322 845 356 rapu!
865 317 972 346 homi-

231 363 282 391 nis
308 362 430 399 agitur,
456 365 546 397 sunt,
573 371 648 390 eum
678 361 794 399 aliquis
823 362 855 390 in
880 360 971 398 judi-

230 405 319 434 cium
348 410 482 435 vovatus
509 412 559 434 est
586 404 770 444 publivum,
798 414 863 442 quo
891 414 969 433 eon-

230 448 407 478 demnatus
426 448 536 477 locum
553 450 586 477 in
604 456 737 485 senatu,
753 452 811 477 aut
833 448 897 477 alia
917 448 968 477 sui

228 492 352 522 ordinis
385 492 572 529 commoda,
599 492 691 521 Orat.
721 493 740 521 i.
764 495 817 521 40.
854 492 967 521 civita-

227 540 311 572 tem,
330 536 557 565 libertatemve
578 536 716 571 amittit,
732 534 838 564 solum
862 538 967 564 verte-

227 589 261 609 re
278 580 421 618 cogitur,
438 584 495 608 aut
512 580 615 608 vitam
640 579 720 609 adeo
741 579 859 617 perdit,
877 578 965 617 quod

227 623 260 652 in
280 633 379 652 causa
396 622 630 663 perduellionis
650 623 760 658 fiebat,
781 623 964 662 provincia-

227 665 313 696 libus
338 675 449 696 autem
476 671 510 696 et
532 667 728 706 peregrini&
745 667 824 695 item
851 666 964 696 militi-

227 710 286 739 bus
305 711 337 739 in
356 710 427 740 aliis
445 711 552 740 causis
569 710 751 745 accidebat,
769 716 868 749 prout
891 714 963 739 erat

225 753 353 792 legibus
391 754 625 783 constitutum.
686 753 802 791 ltaque
835 754 962 791 quoties

224 797 369 827 formula
385 798 574 834 huiusmodi
591 797 678 837 apud
696 798 830 827 Latinos
848 807 963 827 occur-

225 841 280 877 rit,
312 851 443 881 semper
469 841 508 871 de
541 842 658 880 quibus
689 841 892 877 hominibus,
921 840 960 870 de

226 885 412 924 quibusque
437 886 543 914 causis
566 895 674 915 sermo
689 885 745 921 sit,
767 885 961 922 videndum,

226 934 260 958 et
297 930 414 967 quibus
452 940 491 958 ex
531 929 658 968 legibus
694 938 793 958 causa
829 932 960 967 agatur,

226 972 331 1011 iisque
371 983 444 1011 quae
477 982 582 1012 poenae
614 973 791 1012 propositae
822 972 960 1002 fuerint.

225 1014 312 1045 Nam
343 1017 389 1045 ita
413 1016 561 1053 demum,
587 1016 704 1055 eapitis
728 1026 802 1054 quae
827 1017 871 1045 sit
899 1016 959 1053 vis,

225 1059 367 1098 intelligi
392 1061 526 1099 poterit.
573 1060 631 1089 Est
655 1070 743 1096 vero,
769 1060 823 1089 ubi
855 1061 957 1089 etiam

224 1113 283 1142 pro
308 1103 376 1132 sola
403 1104 650 1133 existimatione
681 1110 712 1132 et
737 1103 826 1132 fama
852 1103 960 1133 homi-

224 1155 304 1175 num
330 1148 466 1186 ponitur
488 1152 603 1187 caput:
639 1152 677 1176 ut
699 1146 815 1185 Quint.
834 1150 864 1177 2.
890 1148 960 1186 Ego

222 1190 278 1228 qui
311 1195 410 1230 caput
444 1191 888 1221 alterius—defendo—-ibid.
927 1196 958 1226 9.

222 1237 260 1262 ut
290 1241 368 1263 ante
401 1244 434 1263 se
465 1235 532 1274 ipse
563 1236 680 1274 eapitis
714 1234 900 1271 damnaret,
932 1237 957 1264 si

223 1277 302 1307 satis
321 1278 473 1308 dedisset.
509 1278 546 1307 ln
563 1278 678 1307 eadem
695 1279 845 1308 oratione
861 1289 960 1310 causa

220 1321 406 1360 Quintiana
422 1332 520 1352 causa
536 1324 650 1361 capitis
663 1322 796 1351 dieitur.
824 1322 905 1352 Erat
921 1333 960 1352 ea

220 1370 335 1394 tamen
357 1366 496 1405 privata,
513 1366 717 1405 pecuniaria,
736 1366 768 1395 in
794 1376 857 1404 qua
882 1377 956 1406 pro-

221 1409 290 1447 prie
307 1414 405 1448 caput
423 1419 487 1438 non
513 1410 634 1451 agitur.
665 1409 727 1438 Sed
751 1410 828 1449 quia
851 1411 957 1450 Quiu-

219 1452 286 1481 tius
318 1453 497 1482 vadimonii
528 1454 649 1483 deserti
685 1454 956 1491 insimulabatur,

222 1495 306 1525 male
332 1502 445 1526 autem
471 1497 664 1534 audiebant,
689 1503 721 1526 et
747 1497 955 1536 negligentes

219 1539 436 1579 dissolutique
454 1541 670 1580 putabantur,
688 1541 743 1579 qui
768 1541 956 1572 vadimonia

219 1582 453 1620 deserui-ssent,
481 1584 627 1623 adeoque
659 1584 733 1614 lites
764 1585 954 1624 perderent,

217 1632 393 1666 propterea
415 1629 529 1667 eapitis
554 1638 654 1658 causa
680 1628 814 1664 dicitur,
832 1629 866 1658 in
891 1640 957 1668 qua

217 1670 345 1700 svilicet
363 1672 448 1700 bona
462 1672 593 1711 Quintii
610 1672 700 1701 fama
718 1672 854 1702 laboret.
901 1674 955 1703 Sic

218 1718 269 1743 est
291 1715 390 1744 etiam
418 1715 511 1745 Verr.
529 1716 561 1745 ii.
580 1719 631 1746 40.
657 1716 863 1746 Nonautem
882 1727 955 1756 pro-

219 1758 287 1796 prie
305 1758 357 1787 hie
374 1761 489 1799 eapitis
504 1760 639 1789 verbum
661 1759 821 1797 adhiberi,
840 1760 889 1789 vel
913 1771 951 1791 ex

217 1800 313 1831 Rosc.
333 1802 425 1832 Com.
451 1804 481 1833 6.
507 1803 648 1842 intelligi
666 1807 795 1843 potest:
820 1804 953 1834 dudleia

217 1854 356 1875 summae
383 1847 637 1877 existimationis
664 1852 699 1877 et
722 1857 815 1886 paene
842 1848 950 1878 dicam

215 1890 339 1928 capitis.
371 1890 518 1921 *Divim
547 1891 581 1920 ii.
612 1894 659 1921 13.
693 1892 796 1931 Caput
815 1892 951 1930 jecoris.

215 1931 234 1949 ²*
247 1932 288 1961 ad
305 1933 379 1963 Div.
396 1935 461 1964 viii.
484 1938 508 1964 1.
533 1935 621 1973 quod
636 1937 733 1975 eapite
748 1935 878 1965 illorum
896 1937 951 1974 sit,

216 1974 247 2005 h.
263 1986 290 2005 e.
308 1977 372 2006 illis
390 1978 534 2014 eveniat,
548 1979 580 2007 in
599 1987 727 2018 partem
742 1979 952 2010 deteriorem.

215 2019 312 2049 lianc
326 2020 504 2051 formulam
517 2021 662 2053 illustrat
675 2022 790 2053 Heins.
802 2023 842 2052 ad
855 2024 951 2054 mid.

216 2061 296 2092 Her.
314 2066 365 2093 ⁶20.
387 2066 457 2098 1⁶27.

264 2107 392 2137 (Im-cer.
417 2109 449 2137 in
468 2108 588 2147 plural.
606 2108 696 2138 loeus
713 2109 745 2139 in
771 2110 870 2147 circo,
890 2121 951 2140 un-

215 2147 255 2178 de
272 2160 387 2180 cursus
404 2152 538 2181 initium
563 2153 610 2182 fit.
636 2153 710 2182 Div.
735 2154 754 2183 i.
777 2156 828 2183 4¹6.
855 2155 949 2185 Cato.

214 2193 265 2223 2⁷3.
284 2196 342 2223 ἃς.
369 2195 523 2225 laudatur
539 2197 639 2225 etiam
657 2197 690 2226 in
707 2197 865 2235 singulari
888 2198 950 2228 hoe

215 2245 313 2266 sensu
330 2249 369 2267 ex
387 2238 428 2267 iv.
445 2241 475 2268 3.
493 2239 533 2268 ad
550 2240 700 2270 Herenn.
728 2246 761 2270 et
778 2241 824 2270 ita
839 2247 890 2272 est
905 2243 949 2272 ibi

212 2279 246 2308 in
263 2281 334 2310 edd.
355 2282 541 2312 nonnullis:
566 2283 623 2313 sed
639 2284 724 2321 aliae,
744 2285 777 2314 in
796 2285 844 2314 his
867 2286 949 2315 Gro-

211 2324 353 2353 noviana
367 2325 465 2355 habet
475 2337 618 2357 carceres
632 2339 637 2356 :
657 2338 757 2366 quam
771 2328 947 2360 lectionem

210 2367 311 2397 etiam
329 2368 362 2398 in
380 2368 469 2408 Lips.
487 2370 566 2400 cod.
583 2372 700 2411 reperi.

258 2411 445 2443 (ardincus.
470 2414 545 2444 Div.
571 2415 592 2444 i.
617 2418 668 2446 38.
695 2415 764 2445 Nee
787 2417 949 2446 cardiacis

209 2452 272 2483 hoc
292 2455 524 2494 tribuendum,
541 2467 602 2488 nec
622 2459 833 2498 phreneticis.
869 2460 948 2490 (br-

208 2498 294 2527 dimi
310 2504 421 2529 autem
439 2500 610 2538 dieumur,
627 2503 683 2540 qui
700 2503 864 2533 doloribus
882 2508 949 2533 sto·

209 2541 320 2571 machi
354 2542 519 2582 laborant,
551 2555 651 2584 quem
681 2552 807 2576 veteres
841 2546 948 2577 Graeci

208 2582 327 2626 καρδίαν
353 2587 577 2626 appxllabant.
605 2599 634 2618 V.
660 2590 769 2619 Schol.
795 2590 948 2630 Thucyd.

207 2629 247 2657 ad
265 2630 284 2657 l.
303 2629 336 2658 ii.
354 2641 381 2660 e.
398 2634 450 2665 49.
488 2632 576 2662 unde
602 2634 766 2671 angustiae
790 2635 946 2673 pectoris,

206 2671 373 2710 sudorque
391 2676 548 2705 existunt.
566 2676 629 2705 vid.
649 2677 764 2706 Celsus
781 2678 826 2707 iii.
848 2681 897 2711 19.

254 2715 384 2753 Carere,
395 2719 473 2756 quid
483 2720 659 2758 significet.
672 2720 733 2750 vid.
743 2720 844 2751 Tusc.
857 2721 877 2750 i.
892 2722 944 2752 36.

253 2759 390 2790 (arctus.
415 2762 484 2792 Att.
499 2763 542 2792 ix.
560 2768 591 2797 9.
616 2765 740 2793 caritas
754 2774 947 2795 numorum.

250 2802 401 2834 Carmen.
429 2805 574 2836 formula
597 2812 690 2836 certa
712 2808 888 2838 verborum
913 2813 947 2839 et

203 2846 372 2877 solemnis
397 2848 485 2880 Mur.
504 2852 552 2880 152.
578 2850 713 2880 Praetori
729 2861 859 2890 quoque
872 2862 946 2882 car-

202 2899 278 2920 men
303 2894 531 2933 compositum
554 2898 617 2924 est.
649 2895 762 2925 Rabir.
791 2895 884 2928 Perd.
912 2899 945 2927 4.

1015 187 1235 217 crudelissimi
1260 186 1429 217 cruciatus
1454 188 1615 217 carmina.
1645 186 1748 219 *rim

1016 240 1044 260 v.
1082 234 1128 261 15.
1164 234 1250 261 Sunt
1281 232 1370 260 enim
1404 230 1548 270 plurima
1580 231 1750 262 elementa

1017 279 1160 311 naturae,
1192 275 1310 313 quibus
1341 275 1461 312 auctis,
1493 275 1625 304 virtutis
1654 276 1748 313 quasi

1013 328 1146 347 carmen.
1171 318 1325 347 efficitur.
1348 319 1478 357 Nempe
1503 318 1670 348 elementa
1687 328 1745 348 na-

1013 366 1098 391 turae
1136 366 1228 398 sunt,
1263 368 1301 391 ut
1333 362 1456 398 singuli
1491 372 1617 399 versus,
1641 363 1746 392 virtus

1012 411 1062 434 est
1092 410 1254 443 tanquam
1282 415 1416 435 carmen
1444 416 1484 435 ex
1515 406 1553 435 iis
1582 407 1747 446 composi-

1010 454 1095 478 tum.
1114 449 1305 478 concentus
1322 449 1465 479 virtutis.

1060 492 1151 522 Caro.
1178 492 1239 521 Pis.
1266 497 1297 525 9.
1322 493 1392 530 Ego
1421 493 1516 523 istius
1545 493 1679 532 pecudis
1708 504 1746 524 ac

1009 535 1134 574 putidae
1162 537 1270 566 curnis
1293 536 1430 566 consilio
1458 537 1517 566 &ta
1543 537 1582 566 de
1610 537 1745 568 homine

1007 579 1154 618 stupido.

1057 624 1206 662 Carpere,
1223 622 1379 661 deligere.
1403 624 1493 654 Sext.
1515 624 1565 654 56.
1590 624 1744 654 flosculos

1008 666 1155 705 undique
1185 677 1317 706 carpere
1347 677 1384 696 ae
1415 667 1570 698 delibare.
1608 667 1744 699 Cluent.

1006 710 1058 739 46.
1083 710 1139 740 sed
1155 721 1284 750 carpas,
1301 716 1339 740 ut
1355 710 1446 740 velis.
1464 711 1484 741 i.
1507 722 1535 740 e.
1559 711 1684 750 deligas
1710 712 1744 741 in

1006 763 1105 791 quem
1122 754 1387 784 animadvertere
1404 755 1492 784 velis.
1511 755 1587 785 ibid.
1605 756 1639 785 in
1656 755 1744 785 mul-

1003 804 1115 827 torum
1141 803 1278 837 peccato
1301 800 1393 837 carpi
1416 809 1537 837 paucos
1555 799 1596 828 ad
1618 798 1744 839 suppli-

1004 840 1092 883 cium
1115 851 1179 871 non
1197 846 1339 881 oportet.
1364 842 1451 872 *On
1470 843 1515 871 iii.
1533 845 1586 875 49.
1609 853 1744 882 carpere

1004 885 1162 915 membris
1176 886 1374 916 orationem.
1397 885 1429 915 h.
1448 897 1476 916 e.
1495 895 1560 915 non
1582 887 1632 916 uti
1650 897 1742 916 com-

1004 928 1223 967 prehensione
1241 930 1430 967 verborum,
1446 930 1503 960 sed
1527 931 1738 960 membratim

1004 973 1182 1011 caesimque
1235 974 1389 1004 scribere.
1450 974 1469 991 *Ρ
1486 973 1740 1013 reprehendere.

1002 1015 1095 1046 Balb.
1114 1017 1166 1047 ⁶26.
1189 1022 1331 1056 carpunt
1352 1027 1417 1046 non
1441 1017 1497 1047 illo
1515 1017 1664 1055 inimico,
1680 1017 1739 1048 sed

1005 1059 1066 1088 hoc
1085 1060 1246 1090 maledico
1263 1061 1375 1091 dente.

1052 1104 1166 1134 Carus.
1191 1104 1261 1134 Att.
1279 1115 1308 1134 v.
1331 1107 1377 1135 14.
1403 1104 1486 1134 nihil
1508 1104 1590 1134 mihi
1613 1109 1664 1134 est
1686 1114 1741 1135 ca-

1003 1147 1084 1183 n'ecS,
1103 1148 1123 1177 i.
1141 1148 1273 1187 majoris
1290 1158 1390 1178 ουτω.

1052 1192 1143 1221 Casu.
1170 1192 1210 1222 ad
1225 1193 1301 1222 Div.
1319 1192 1382 1221 xvi.
1406 1195 1451 1223 18.
1476 1201 1552 1221 casa
1568 1191 1601 1221 in
1626 1191 1738 1230 horto,

1002 1244 1047 1264 se.
1074 1235 1224 1272 frondea,
1245 1235 1350 1274 qualis
1376 1243 1427 1265 est
1449 1245 1501 1275 ap.
1528 1235 1623 1265 Ovid.
1651 1236 1738 1266 Fast.

1002 1278 1047 1308 iii.
1067 1280 1139 1312 527.
1172 1290 1188 1308 e
1211 1280 1309 1309 ramis
1326 1279 1464 1309 frondea
1481 1279 1569 1308 facta
1584 1289 1660 1309 casa
1677 1286 1740 1311 est.

1050 1322 1176 1352 (meus.
1200 1323 1300 1354 Tuse.
1329 1324 1349 1353 i.
1382 1325 1429 1353 12.
1454 1323 1537 1353 illud
1563 1328 1635 1352 erat
1659 1324 1740 1353 insi-

1000 1370 1073 1395 tum
1099 1367 1226 1406 priscis,
1244 1377 1325 1406 quos
1350 1367 1478 1397 Ennius
1502 1377 1605 1397 caseos
1626 1367 1740 1407 appel-

1001 1409 1059 1439 lat.

1050 1454 1174 1491 (assus,
1195 1454 1314 1484 inanis.
1346 1453 1446 1484 Tuse.
1473 1463 1502 1483 V.
1530 1457 1582 1485 41.
1610 1464 1738 1485 cassum

1001 1497 1158 1535 quiddam
1176 1502 1209 1527 et
1227 1498 1316 1527 inani
1333 1499 1420 1527 vocis
1433 1507 1513 1527 sono
1531 1498 1737 1530 decoratum.

1048 1542 1257 1572 (hstellcmus.
1283 1541 1378 1571 Brut.
1396 1545 1448 1575 73.
1473 1542 1665 1582 triumphus
1682 1553 1736 1572 ca-

996 1587 1162 1615 stellanus.
1179 1586 1198 1615 i.
1214 1596 1243 1615 e.
1261 1585 1300 1615 de
1316 1587 1463 1615 castellis.

1047 1629 1233 1659 (hslellnm.
1258 1630 1334 1659 Div.
1358 1630 1391 1659 ii.
1420 1630 1467 1660 16.
1493 1629 1608 1659 urbem
1631 1628 1737 1669 philo-

998 1673 1122 1712 sophia*
1140 1673 1293 1712 proditis,
1304 1673 1383 1703 dum
1400 1675 1531 1703 castella
1545 1672 1738 1704 defenditis.

1047 1717 1242 1755 Castigatus.
1274 1717 1374 1747 Tusc.
1398 1717 1431 1746 ii.
1450 1719 1501 1747 91.
1532 1716 1678 1754 videsue,
1697 1722 1736 1747 ut

998 1761 1218 1797 obmutuerit,
1241 1770 1308 1790 non
1332 1761 1465 1790 sedatus
1494 1761 1652 1800 corporis,
1677 1761 1735 1790 sed

997 1806 1178 1842 castig-atus
1194 1805 1298 1834 animi
1314 1804 1416 1834 dolor.

1046 1848 1238 1878 (estimonio
1257 1849 1413 1888 corporis.
1441 1847 1522 1886 Leg.
1544 1848 1577 1877 ii.
1600 1851 1647 1877 lo.
1675 1858 1736 1887 pu-

997 1893 1075 1921 ritas
1093 1902 1112 1921 a
1127 1892 1290 1928 sordibus,
1308 1902 1328 1921 a
1342 1892 1470 1921 Venere
1488 1894 1548 1921 «See.

1046 1936 1166 1966 (meus.
1193 1935 1277 1966 Phil.
1295 1936 1363 1965 xiii.
1380 1938 1410 1965 4.
1435 1939 1525 1964 easta
1546 1943 1595 1964 res
1612 1934 1735 1964 famili-

997 1979 1084 2009 liaris
1101 1990 1119 2009 a
1136 1989 1252 2009 eruore
1272 1979 1370 2009 civili.
1393 1979 1494 2008 Tusc.
1510 1979 1531 2008 i.
1547 1981 1598 2008 30.
1622 1979 1677 2016 qui
1698 1988 1733 2008 se

993 2023 1140 2062 integros
1155 2028 1316 2063 castosque
1331 2026 1530 2059 servassent,
1548 2031 1592 2051 sc.
1609 2031 1627 2050 a
1644 2022 1732 2052 vitiis

997 2067 1164 2097 humanis.
1192 2067 1272 2097 Har.
1296 2067 1456 2107 Respons.
1485 2069 1532 2096 13.
1563 2067 1735 2096 castissimi

995 2110 1077 2147 ludi,
1102 2111 1123 2140 i.
1148 2121 1176 2140 e.
1203 2111 1416 2140 sanctissimi.
1444 2109 1555 2140 Rabir.
1580 2109 1674 2139 Perd.
1701 2113 1733 2140 4.

993 2159 1083 2184 casta
1109 2155 1238 2191 concio,
1254 2159 1389 2184 sanctus
1415 2163 1564 2192 campus.
1589 2152 1670 2192 Leg.
1698 2154 1732 2184 ii.

998 2201 1046 2228 18.
1085 2198 1301 2228 ebur—haud
1330 2198 1410 2228 satis
1446 2201 1571 2226 eastum
1608 2197 1733 2227 donum

994 2242 1077 2272 Deo.
1105 2242 1202 2272 Rosc.
1238 2242 1332 2271 Com.
1360 2246 1390 2276 7.
1426 2241 1598 2281 perjurum
1627 2246 1734 2272 castus

992 2286 1161 2315 fraudasse
1177 2285 1312 2315 dieitur.

1041 2330 1149 2359 Casus.
1168 2329 1273 2358 Flaee.
1290 2332 1316 2359 l.
1329 2328 1560 2358 acerbissimus
1575 2327 1734 2367 reipubli-

994 2383 1040 2402 cae
1057 2384 1160 2407 casus,
1179 2372 1218 2402 de
1236 2373 1466 2412 conjuratione
1484 2371 1656 2401 Catilinae:
1683 2372 1733 2402 di-

994 2417 1083 2446 eitur
1098 2417 1188 2446 enim
1206 2416 1246 2446 de
1262 2416 1376 2455 quavis
1390 2425 1512 2455 magna
1526 2415 1733 2447 calamitate.

992 2460 1071 2490 ibid.
1093 2464 1140 2491 13.
1165 2470 1259 2491 rasus
1275 2465 1325 2489 est
1342 2460 1376 2489 in
1393 2459 1566 2500 capiendo.
1593 2459 1634 2488 ad
1654 2460 1732 2490 Div.

993 2513 1023 2533 x.
1038 2507 1090 2534 23.
1112 2505 1145 2534 in
1159 2514 1223 2542 quo
1235 2514 1311 2533 casu
1326 2502 1559 2543 interpellatus
1576 2507 1610 2532 et
1624 2503 1733 2533 adhue

993 2547 1073 2577 vivit
1089 2554 1122 2578 et
1139 2548 1263 2577 dicitur
1278 2549 1448 2584 victurus;
1475 2546 1514 2575 de
1532 2547 1562 2576 vi
1583 2546 1645 2576 sibi
1670 2547 1734 2587 ipsi

993 2590 1096 2621 allata
1123 2602 1142 2620 a
1174 2591 1366 2621 Laterense.
1393 2590 1471 2620 ibid.
1502 2593 1550 2620 18.
1585 2589 1656 2619 haec
1681 2599 1733 2621 res

993 2644 1154 2673 magnum
1179 2645 1291 2665 casum
1315 2635 1429 2671 habet,
1446 2633 1539 2663 valde
1564 2633 1690 2673 pendet
1708 2639 1734 2664 'a

991 2678 1137 2708 fortuna.
1164 2679 1243 2708 ibid.
1272 2682 1302 2709 8.
1340 2679 1424 2708 Cum
1452 2678 1486 2707 in
1513 2687 1590 2707 eum
1618 2687 1732 2708 casum

992 2731 1046 2750 me
1060 2722 1198 2751 fortuna
1213 2722 1370 2758 dedisset,
1389 2728 1426 2751 ut
1450 2726 1508 2750 aut
1530 2721 1590 2751 ἃς.
1614 2721 1656 2751 da
1677 2722 1733 2752 ich

991 2765 1024 2794 in
1042 2766 1094 2795 die
1113 2765 1299 2795 Umstftnde
1317 2765 1519 2804 gekommen
1537 2764 1607 2794 bin.

1039 2810 1221 2849 (hludupu.
1256 2814 1445 2839 cataractae.
1478 2808 1591 2837 Somn.
1619 2810 1671 2839 Se.
1700 2811 1732 2840 5.

990 2853 1077 2882 sicut
1103 2853 1159 2882 ubi
1184 2852 1280 2883 Nilus
1304 2853 1344 2882 ad
1367 2852 1437 2888 illa,
1457 2861 1531 2890 quae
1561 2852 1734 2892 (fatadvpa

991 2897 1224 2935 nominantur,
1250 2897 1440 2937 praecipitat
1481 2905 1522 2925 ex
1563 2894 1733 2926 altissimis

1035 2948 1052 2969 r
1071 2942 1090 2971 2
