<?xml version="1.0" encoding="UTF-8"?>
<!DOCTYPE html PUBLIC "-//W3C//DTD XHTML 1.0 Transitional//EN"
    "http://www.w3.org/TR/xhtml1/DTD/xhtml1-transitional.dtd">
<html xmlns="http://www.w3.org/1999/xhtml" xml:lang="en" lang="en">
 <head>
  <title>
</title>
<meta http-equiv="Content-Type" content="text/html;charset=utf-8" />
  <meta name='ocr-system' content='tesseract 3.04.00' />
  <meta name='ocr-capabilities' content='ocr_page ocr_carea ocr_par ocr_line ocrx_word'/>
</head>
<body>
  <div class='ocr_page' id='page_1' title='image "./clavisciceronian00erneuoft_0417.png"; bbox 0 0 1920 3196; ppageno 0'>
   <div class='ocr_carea' id='block_1_1' title="bbox 0 1480 22 3196">
    <p class='ocr_par' dir='ltr' id='par_1_1' title="bbox 0 1480 22 3196">
     <span class='ocr_line' id='line_1_1' title="bbox 0 1480 22 3196; baseline 0 0"><span class='ocrx_word' id='word_1_1' title='bbox 0 1480 22 3196; x_wconf 95' lang='lat' dir='ltr'> </span> 
     </span>
    </p>
   </div>
   <div class='ocr_carea' id='block_1_2' title="bbox 690 102 1167 135">
    <p class='ocr_par' dir='ltr' id='par_1_2' title="bbox 690 102 1167 135">
     <span class='ocr_line' id='line_1_2' title="bbox 690 102 1167 135; baseline 0 0"><span class='ocrx_word' id='word_1_2' title='bbox 690 105 838 135; x_wconf 73' lang='lat' dir='ltr'>JNDlzx</span> <span class='ocrx_word' id='word_1_3' title='bbox 868 102 1005 134; x_wconf 73' lang='lat' dir='ltr'>LATIN</span> <span class='ocrx_word' id='word_1_4' title='bbox 1012 105 1167 135; x_wconf 70' lang='lat' dir='ltr'>1&#39;1’A&#39;1&#39;15.</span> 
     </span>
    </p>
   </div>
   <div class='ocr_carea' id='block_1_3' title="bbox 146 193 895 2946">
    <p class='ocr_par' dir='ltr' id='par_1_3' title="bbox 146 193 895 1637">
     <span class='ocr_line' id='line_1_3' title="bbox 155 193 894 238; baseline -0.007 -9"><span class='ocrx_word' id='word_1_5' title='bbox 155 207 219 238; x_wconf 65' lang='lat' dir='ltr'>qne</span> <span class='ocrx_word' id='word_1_6' title='bbox 236 195 318 229; x_wconf 78' lang='lat' dir='ltr'>adeo</span> <span class='ocrx_word' id='word_1_7' title='bbox 336 204 597 238; x_wconf 79' lang='lat' dir='ltr'>praenumerare‚</span> <span class='ocrx_word' id='word_1_8' title='bbox 615 199 692 226; x_wconf 76' lang='lat' dir='ltr'>ante</span> <span class='ocrx_word' id='word_1_9' title='bbox 716 195 806 226; x_wconf 86' lang='lat' dir='ltr'>diem</span> <span class='ocrx_word' id='word_1_10' title='bbox 829 193 894 224; x_wconf 89' lang='lat' dir='ltr'>sol-</span> 
     </span>
     <span class='ocr_line' id='line_1_4' title="bbox 154 239 894 279; baseline -0.005 -7"><span class='ocrx_word' id='word_1_11' title='bbox 154 252 240 272; x_wconf 81' lang='lat' dir='ltr'>vere.</span> <span class='ocrx_word' id='word_1_12' title='bbox 257 241 327 272; x_wconf 82' lang='lat' dir='ltr'>Att.</span> <span class='ocrx_word' id='word_1_13' title='bbox 344 241 400 271; x_wconf 79' lang='lat' dir='ltr'>xii.</span> <span class='ocrx_word' id='word_1_14' title='bbox 416 242 468 271; x_wconf 86' lang='grc'>25.</span> <span class='ocrx_word' id='word_1_15' title='bbox 492 239 572 270; x_wconf 88' lang='lat' dir='ltr'>dum</span> <span class='ocrx_word' id='word_1_16' title='bbox 589 250 608 269; x_wconf 93' lang='lat' dir='ltr'>a</span> <span class='ocrx_word' id='word_1_17' title='bbox 623 239 758 270; x_wconf 83' lang='lat' dir='ltr'>Faberio</span> <span class='ocrx_word' id='word_1_18' title='bbox 775 248 894 279; x_wconf 60' lang='grc' dir='ltr'><em>γιγνω-</em></span> 
     </span>
     <span class='ocr_line' id='line_1_5' title="bbox 153 283 895 322; baseline -0.007 -5"><span class='ocrx_word' id='word_1_19' title='bbox 153 286 360 317; x_wconf 72' lang='lat' dir='ltr'>emitabimus.</span> <span class='ocrx_word' id='word_1_20' title='bbox 383 284 426 314; x_wconf 90' lang='lat' dir='ltr'>ib.</span> <span class='ocrx_word' id='word_1_21' title='bbox 445 285 497 318; x_wconf 82' lang='grc'>29.</span> <span class='ocrx_word' id='word_1_22' title='bbox 521 284 548 313; x_wconf 91' lang='lat' dir='ltr'>si</span> <span class='ocrx_word' id='word_1_23' title='bbox 566 294 632 322; x_wconf 89' lang='lat' dir='ltr'>qua</span> <span class='ocrx_word' id='word_1_24' title='bbox 645 284 747 313; x_wconf 81' lang='lat' dir='ltr'>etiam</span> <span class='ocrx_word' id='word_1_25' title='bbox 757 283 895 322; x_wconf 83' lang='lat' dir='ltr'>jactura</span> 
     </span>
     <span class='ocr_line' id='line_1_6' title="bbox 153 326 894 367; baseline -0.005 -7"><span class='ocrx_word' id='word_1_26' title='bbox 153 328 307 360; x_wconf 77' lang='lat' dir='ltr'>facienda</span> <span class='ocrx_word' id='word_1_27' title='bbox 322 329 367 358; x_wconf 90' lang='lat' dir='ltr'>sit</span> <span class='ocrx_word' id='word_1_28' title='bbox 382 328 416 357; x_wconf 91' lang='lat' dir='ltr'>in</span> <span class='ocrx_word' id='word_1_29' title='bbox 432 328 702 367; x_wconf 78' lang='lat' dir='ltr'>reproesentamlo.</span> <span class='ocrx_word' id='word_1_30' title='bbox 726 326 769 356; x_wconf 92' lang='lat' dir='ltr'>ib.</span> <span class='ocrx_word' id='word_1_31' title='bbox 786 329 839 357; x_wconf 80' lang='lat'>31.</span> <span class='ocrx_word' id='word_1_32' title='bbox 865 336 894 356; x_wconf 92' lang='lat' dir='ltr'>v.</span> 
     </span>
     <span class='ocr_line' id='line_1_7' title="bbox 153 369 894 411; baseline -0.005 -8"><span class='ocrx_word' id='word_1_33' title='bbox 153 373 257 403; x_wconf 87' lang='lat' dir='ltr'>Gron.</span> <span class='ocrx_word' id='word_1_34' title='bbox 274 373 358 402; x_wconf 87' lang='lat' dir='ltr'>Sest.</span> <span class='ocrx_word' id='word_1_35' title='bbox 376 382 407 411; x_wconf 89' lang='lat' dir='ltr'>p.</span> <span class='ocrx_word' id='word_1_36' title='bbox 423 374 476 401; x_wconf 89' lang='lat'>30.</span> <span class='ocrx_word' id='word_1_37' title='bbox 498 371 517 389; x_wconf 68' lang='lat'>²*</span> <span class='ocrx_word' id='word_1_38' title='bbox 529 371 608 400; x_wconf 88' lang='lat' dir='ltr'>hinc</span> <span class='ocrx_word' id='word_1_39' title='bbox 625 371 749 401; x_wconf 83' lang='lat' dir='ltr'>dicitur</span> <span class='ocrx_word' id='word_1_40' title='bbox 763 380 822 410; x_wconf 90' lang='lat' dir='ltr'>pro</span> <span class='ocrx_word' id='word_1_41' title='bbox 845 369 894 400; x_wconf 84' lang='lat' dir='ltr'>fa-</span> 
     </span>
     <span class='ocr_line' id='line_1_8' title="bbox 154 415 894 455; baseline -0.004 -9"><span class='ocrx_word' id='word_1_42' title='bbox 154 426 229 446; x_wconf 86' lang='lat' dir='ltr'>cere</span> <span class='ocrx_word' id='word_1_43' title='bbox 253 415 379 455; x_wconf 85' lang='lat' dir='ltr'>aliquid</span> <span class='ocrx_word' id='word_1_44' title='bbox 403 418 481 445; x_wconf 89' lang='lat' dir='ltr'>ante</span> <span class='ocrx_word' id='word_1_45' title='bbox 503 419 652 454; x_wconf 83' lang='lat' dir='ltr'>tenipus,</span> <span class='ocrx_word' id='word_1_46' title='bbox 670 415 768 444; x_wconf 86' lang='lat' dir='ltr'>citius</span> <span class='ocrx_word' id='word_1_47' title='bbox 793 423 894 452; x_wconf 86' lang='lat' dir='ltr'>quain</span> 
     </span>
     <span class='ocr_line' id='line_1_9' title="bbox 155 458 894 496; baseline -0.001 -7"><span class='ocrx_word' id='word_1_48' title='bbox 155 459 286 496; x_wconf 81' lang='lat' dir='ltr'>debeas,</span> <span class='ocrx_word' id='word_1_49' title='bbox 311 464 369 489; x_wconf 80' lang='lat' dir='ltr'>aut</span> <span class='ocrx_word' id='word_1_50' title='bbox 397 459 620 488; x_wconf 84' lang='lat' dir='ltr'>constitutum</span> <span class='ocrx_word' id='word_1_51' title='bbox 647 459 702 488; x_wconf 88' lang='lat' dir='ltr'>sit.</span> <span class='ocrx_word' id='word_1_52' title='bbox 732 458 804 488; x_wconf 85' lang='lat' dir='ltr'>Att.</span> <span class='ocrx_word' id='word_1_53' title='bbox 828 458 894 488; x_wconf 80' lang='lat' dir='ltr'>xvi.</span> 
     </span>
     <span class='ocr_line' id='line_1_10' title="bbox 154 501 894 534; baseline -0.004 -1"><span class='ocrx_word' id='word_1_54' title='bbox 154 505 184 534; x_wconf 88' lang='grc'>2.</span> <span class='ocrx_word' id='word_1_55' title='bbox 216 503 298 533; x_wconf 87' lang='lat' dir='ltr'>mihi</span> <span class='ocrx_word' id='word_1_56' title='bbox 325 502 479 532; x_wconf 69' lang='lat' dir='ltr'>xideutur</span> <span class='ocrx_word' id='word_1_57' title='bbox 501 503 604 532; x_wconf 80' lang='lat' dir='ltr'>etiam</span> <span class='ocrx_word' id='word_1_58' title='bbox 625 501 765 532; x_wconf 87' lang='lat' dir='ltr'>istorum</span> <span class='ocrx_word' id='word_1_59' title='bbox 789 501 894 530; x_wconf 85' lang='lat' dir='ltr'>animi</span> 
     </span>
     <span class='ocr_line' id='line_1_11' title="bbox 153 545 895 586; baseline -0.003 -10"><span class='ocrx_word' id='word_1_60' title='bbox 153 547 287 577; x_wconf 87' lang='lat' dir='ltr'>incendi</span> <span class='ocrx_word' id='word_1_61' title='bbox 311 546 350 576; x_wconf 86' lang='lat' dir='ltr'>ad</span> <span class='ocrx_word' id='word_1_62' title='bbox 377 545 672 586; x_wconf 64' lang='lat' dir='ltr'>repressentamlam</span> <span class='ocrx_word' id='word_1_63' title='bbox 699 545 895 585; x_wconf 79' lang='lat' dir='ltr'>improbita-</span> 
     </span>
     <span class='ocr_line' id='line_1_12' title="bbox 150 589 893 626; baseline -0.003 -6"><span class='ocrx_word' id='word_1_64' title='bbox 150 594 222 620; x_wconf 82' lang='lat' dir='ltr'>tem</span> <span class='ocrx_word' id='word_1_65' title='bbox 240 600 334 620; x_wconf 77' lang='lat' dir='ltr'>suani</span> <span class='ocrx_word' id='word_1_66' title='bbox 349 603 354 620; x_wconf 93' lang='lat'>:</span> <span class='ocrx_word' id='word_1_67' title='bbox 382 590 414 619; x_wconf 82' lang='lat' dir='ltr'>h.</span> <span class='ocrx_word' id='word_1_68' title='bbox 427 601 455 620; x_wconf 82' lang='lat' dir='ltr'>e.</span> <span class='ocrx_word' id='word_1_69' title='bbox 474 590 572 619; x_wconf 82' lang='lat' dir='ltr'>citius</span> <span class='ocrx_word' id='word_1_70' title='bbox 585 589 893 626; x_wconf 67' lang='lat' dir='ltr'>demonstrandam,</span> 
     </span>
     <span class='ocr_line' id='line_1_13' title="bbox 153 633 894 673; baseline -0.003 -9"><span class='ocrx_word' id='word_1_71' title='bbox 153 644 254 673; x_wconf 86' lang='lat' dir='ltr'>quam</span> <span class='ocrx_word' id='word_1_72' title='bbox 272 639 349 664; x_wconf 83' lang='lat' dir='ltr'>ante</span> <span class='ocrx_word' id='word_1_73' title='bbox 366 635 621 664; x_wconf 82' lang='lat' dir='ltr'>constituerant.</span> <span class='ocrx_word' id='word_1_74' title='bbox 647 633 689 662; x_wconf 82' lang='lat' dir='ltr'>ad</span> <span class='ocrx_word' id='word_1_75' title='bbox 707 633 781 663; x_wconf 74' lang='lat' dir='ltr'>Div.</span> <span class='ocrx_word' id='word_1_76' title='bbox 800 643 828 662; x_wconf 88' lang='lat' dir='ltr'>v.</span> <span class='ocrx_word' id='word_1_77' title='bbox 844 633 894 662; x_wconf 76' lang='lat'>16.</span> 
     </span>
     <span class='ocr_line' id='line_1_14' title="bbox 153 676 893 718; baseline -0.003 -11"><span class='ocrx_word' id='word_1_78' title='bbox 153 687 261 717; x_wconf 84' lang='lat' dir='ltr'>neque</span> <span class='ocrx_word' id='word_1_79' title='bbox 288 683 464 718; x_wconf 77' lang='lat' dir='ltr'>expectare</span> <span class='ocrx_word' id='word_1_80' title='bbox 492 677 651 717; x_wconf 78' lang='lat' dir='ltr'>temporis</span> <span class='ocrx_word' id='word_1_81' title='bbox 678 676 893 714; x_wconf 73' lang='lat' dir='ltr'>medicinam,</span> 
     </span>
     <span class='ocr_line' id='line_1_15' title="bbox 152 721 892 762; baseline -0.004 -10"><span class='ocrx_word' id='word_1_82' title='bbox 152 731 253 760; x_wconf 84' lang='lat' dir='ltr'>quam</span> <span class='ocrx_word' id='word_1_83' title='bbox 285 726 518 762; x_wconf 68' lang='lat' dir='ltr'>rcpraeseutare</span> <span class='ocrx_word' id='word_1_84' title='bbox 546 721 673 750; x_wconf 83' lang='lat' dir='ltr'>ratione</span> <span class='ocrx_word' id='word_1_85' title='bbox 704 730 892 760; x_wconf 77' lang='lat' dir='ltr'>possumus.</span> 
     </span>
     <span class='ocr_line' id='line_1_16' title="bbox 154 763 894 804; baseline -0.003 -9"><span class='ocrx_word' id='word_1_86' title='bbox 154 764 194 795; x_wconf 93' lang='lat' dir='ltr'>In</span> <span class='ocrx_word' id='word_1_87' title='bbox 211 765 271 794; x_wconf 85' lang='lat' dir='ltr'>hoc</span> <span class='ocrx_word' id='word_1_88' title='bbox 288 765 360 795; x_wconf 84' lang='lat' dir='ltr'>loco</span> <span class='ocrx_word' id='word_1_89' title='bbox 375 766 462 795; x_wconf 87' lang='lat' dir='ltr'>male</span> <span class='ocrx_word' id='word_1_90' title='bbox 479 771 622 804; x_wconf 75' lang='lat' dir='ltr'>negatur</span> <span class='ocrx_word' id='word_1_91' title='bbox 638 766 671 794; x_wconf 90' lang='lat' dir='ltr'>iu</span> <span class='ocrx_word' id='word_1_92' title='bbox 690 764 811 794; x_wconf 77' lang='lat' dir='ltr'>Lexico</span> <span class='ocrx_word' id='word_1_93' title='bbox 836 763 894 793; x_wconf 81' lang='lat' dir='ltr'>Fa-</span> 
     </span>
     <span class='ocr_line' id='line_1_17' title="bbox 152 809 894 849; baseline -0.004 -10"><span class='ocrx_word' id='word_1_94' title='bbox 152 809 202 839; x_wconf 86' lang='lat' dir='ltr'>bri</span> <span class='ocrx_word' id='word_1_95' title='bbox 227 810 273 840; x_wconf 79' lang='lat' dir='ltr'>vis</span> <span class='ocrx_word' id='word_1_96' title='bbox 300 809 506 849; x_wconf 82' lang='lat' dir='ltr'>anticipandi</span> <span class='ocrx_word' id='word_1_97' title='bbox 532 810 651 845; x_wconf 81' lang='lat' dir='ltr'>inesse,</span> <span class='ocrx_word' id='word_1_98' title='bbox 676 818 752 838; x_wconf 86' lang='lat' dir='ltr'>cuin</span> <span class='ocrx_word' id='word_1_99' title='bbox 776 817 894 848; x_wconf 75' lang='lat' dir='ltr'>‘reproe-</span> 
     </span>
     <span class='ocr_line' id='line_1_18' title="bbox 151 852 895 892; baseline -0.003 -10"><span class='ocrx_word' id='word_1_100' title='bbox 151 857 281 884; x_wconf 76' lang='lat' dir='ltr'>semare</span> <span class='ocrx_word' id='word_1_101' title='bbox 297 853 383 883; x_wconf 79' lang='lat' dir='ltr'>idem</span> <span class='ocrx_word' id='word_1_102' title='bbox 400 854 457 890; x_wconf 81' lang='lat' dir='ltr'>sit,</span> <span class='ocrx_word' id='word_1_103' title='bbox 469 853 557 892; x_wconf 85' lang='lat' dir='ltr'>quod</span> <span class='ocrx_word' id='word_1_104' title='bbox 573 857 649 882; x_wconf 86' lang='lat' dir='ltr'>ante</span> <span class='ocrx_word' id='word_1_105' title='bbox 664 852 809 882; x_wconf 78' lang='lat' dir='ltr'>dixerat:</span> <span class='ocrx_word' id='word_1_106' title='bbox 836 861 895 880; x_wconf 86' lang='lat' dir='ltr'>an-</span> 
     </span>
     <span class='ocr_line' id='line_1_19' title="bbox 152 895 893 927; baseline -0.001 0"><span class='ocrx_word' id='word_1_107' title='bbox 152 896 273 927; x_wconf 82' lang='lat' dir='ltr'>teferre</span> <span class='ocrx_word' id='word_1_108' title='bbox 298 897 446 927; x_wconf 88' lang='lat' dir='ltr'>consilio.</span> <span class='ocrx_word' id='word_1_109' title='bbox 485 896 526 926; x_wconf 79' lang='lat' dir='ltr'>ad</span> <span class='ocrx_word' id='word_1_110' title='bbox 549 897 625 927; x_wconf 91' lang='lat' dir='ltr'>Div.</span> <span class='ocrx_word' id='word_1_111' title='bbox 651 897 714 926; x_wconf 79' lang='lat' dir='ltr'>xvi.</span> <span class='ocrx_word' id='word_1_112' title='bbox 743 898 789 926; x_wconf 83' lang='lat'>14.</span> <span class='ocrx_word' id='word_1_113' title='bbox 825 895 893 926; x_wconf 86' lang='lat' dir='ltr'>dies</span> 
     </span>
     <span class='ocr_line' id='line_1_20' title="bbox 154 938 893 980; baseline -0.003 -10"><span class='ocrx_word' id='word_1_114' title='bbox 154 941 392 980; x_wconf 86' lang='lat' dir='ltr'>promissorum</span> <span class='ocrx_word' id='word_1_115' title='bbox 410 940 503 970; x_wconf 83' lang='lat' dir='ltr'>adest</span> <span class='ocrx_word' id='word_1_116' title='bbox 524 940 569 971; x_wconf 66' lang='lat' dir='ltr'>ih.</span> <span class='ocrx_word' id='word_1_117' title='bbox 587 950 616 970; x_wconf 90' lang='lat' dir='ltr'>e.</span> <span class='ocrx_word' id='word_1_118' title='bbox 633 949 698 969; x_wconf 90' lang='lat' dir='ltr'>non</span> <span class='ocrx_word' id='word_1_119' title='bbox 722 938 819 978; x_wconf 80' lang='lat' dir='ltr'>longe</span> <span class='ocrx_word' id='word_1_120' title='bbox 837 939 893 969; x_wconf 88' lang='lat' dir='ltr'>ab·</span> 
     </span>
     <span class='ocr_line' id='line_1_21' title="bbox 153 983 894 1023; baseline -0.003 -10"><span class='ocrx_word' id='word_1_121' title='bbox 153 985 217 1021; x_wconf 83' lang='lat' dir='ltr'>est)</span> <span class='ocrx_word' id='word_1_122' title='bbox 237 994 337 1023; x_wconf 85' lang='lat' dir='ltr'>quem</span> <span class='ocrx_word' id='word_1_123' title='bbox 357 985 459 1014; x_wconf 86' lang='lat' dir='ltr'>etiam</span> <span class='ocrx_word' id='word_1_124' title='bbox 484 984 729 1023; x_wconf 66' lang='lat' dir='ltr'>reproeseutabo,</span> <span class='ocrx_word' id='word_1_125' title='bbox 746 983 773 1013; x_wconf 82' lang='lat' dir='ltr'>si</span> <span class='ocrx_word' id='word_1_126' title='bbox 798 983 894 1012; x_wconf 87' lang='lat' dir='ltr'>adve-</span> 
     </span>
     <span class='ocr_line' id='line_1_22' title="bbox 154 1027 892 1065; baseline -0.001 -8"><span class='ocrx_word' id='word_1_127' title='bbox 154 1027 260 1057; x_wconf 83' lang='lat' dir='ltr'>neris:</span> <span class='ocrx_word' id='word_1_128' title='bbox 286 1028 318 1057; x_wconf 86' lang='lat' dir='ltr'>h.</span> <span class='ocrx_word' id='word_1_129' title='bbox 334 1038 363 1058; x_wconf 86' lang='lat' dir='ltr'>e.</span> <span class='ocrx_word' id='word_1_130' title='bbox 381 1028 484 1057; x_wconf 84' lang='lat' dir='ltr'>etiam</span> <span class='ocrx_word' id='word_1_131' title='bbox 500 1033 578 1057; x_wconf 81' lang='lat' dir='ltr'>ante</span> <span class='ocrx_word' id='word_1_132' title='bbox 594 1027 730 1057; x_wconf 82' lang='lat' dir='ltr'>libertas</span> <span class='ocrx_word' id='word_1_133' title='bbox 747 1027 892 1065; x_wconf 79' lang='lat' dir='ltr'>(labitur,</span> 
     </span>
     <span class='ocr_line' id='line_1_23' title="bbox 153 1070 893 1111; baseline -0.001 -10"><span class='ocrx_word' id='word_1_134' title='bbox 153 1081 254 1110; x_wconf 81' lang='lat' dir='ltr'>quam</span> <span class='ocrx_word' id='word_1_135' title='bbox 284 1072 513 1111; x_wconf 71' lang='lat' dir='ltr'>promiseram.</span> <span class='ocrx_word' id='word_1_136' title='bbox 546 1070 631 1100; x_wconf 86' lang='lat' dir='ltr'>Phil.</span> <span class='ocrx_word' id='word_1_137' title='bbox 657 1071 692 1101; x_wconf 91' lang='lat' dir='ltr'>ii.</span> <span class='ocrx_word' id='word_1_138' title='bbox 724 1071 787 1100; x_wconf 92' lang='lat' dir='ltr'>ult.</span> <span class='ocrx_word' id='word_1_139' title='bbox 812 1071 893 1110; x_wconf 89' lang='lat' dir='ltr'>quin</span> 
     </span>
     <span class='ocr_line' id='line_1_24' title="bbox 152 1114 892 1155; baseline 0 -11"><span class='ocrx_word' id='word_1_140' title='bbox 152 1115 255 1145; x_wconf 86' lang='lat' dir='ltr'>etiam</span> <span class='ocrx_word' id='word_1_141' title='bbox 281 1125 399 1155; x_wconf 87' lang='lat' dir='ltr'>corpus</span> <span class='ocrx_word' id='word_1_142' title='bbox 415 1115 560 1145; x_wconf 80' lang='lat' dir='ltr'>libenter</span> <span class='ocrx_word' id='word_1_143' title='bbox 582 1114 774 1151; x_wconf 81' lang='lat' dir='ltr'>obtulerim,</span> <span class='ocrx_word' id='word_1_144' title='bbox 791 1115 817 1144; x_wconf 86' lang='lat' dir='ltr'>si</span> <span class='ocrx_word' id='word_1_145' title='bbox 841 1125 892 1144; x_wconf 74' lang='lat' dir='ltr'>re-</span> 
     </span>
     <span class='ocr_line' id='line_1_25' title="bbox 146 1159 892 1199; baseline -0.001 -10"><span class='ocrx_word' id='word_1_146' title='bbox 146 1161 343 1199; x_wconf 76' lang='lat' dir='ltr'>proesentari</span> <span class='ocrx_word' id='word_1_147' title='bbox 361 1163 467 1190; x_wconf 84' lang='lat' dir='ltr'>morte</span> <span class='ocrx_word' id='word_1_148' title='bbox 491 1169 566 1189; x_wconf 87' lang='lat' dir='ltr'>mea</span> <span class='ocrx_word' id='word_1_149' title='bbox 589 1159 724 1188; x_wconf 82' lang='lat' dir='ltr'>libertas</span> <span class='ocrx_word' id='word_1_150' title='bbox 749 1159 892 1188; x_wconf 80' lang='lat' dir='ltr'>civitatis</span> 
     </span>
     <span class='ocr_line' id='line_1_26' title="bbox 152 1203 893 1243; baseline 0 -11"><span class='ocrx_word' id='word_1_151' title='bbox 152 1207 281 1243; x_wconf 85' lang='lat' dir='ltr'>potest:</span> <span class='ocrx_word' id='word_1_152' title='bbox 307 1203 339 1232; x_wconf 91' lang='lat' dir='ltr'>h.</span> <span class='ocrx_word' id='word_1_153' title='bbox 358 1214 386 1232; x_wconf 93' lang='lat' dir='ltr'>e.</span> <span class='ocrx_word' id='word_1_154' title='bbox 403 1204 430 1232; x_wconf 85' lang='lat' dir='ltr'>si</span> <span class='ocrx_word' id='word_1_155' title='bbox 455 1212 543 1233; x_wconf 90' lang='lat' dir='ltr'>mors</span> <span class='ocrx_word' id='word_1_156' title='bbox 568 1212 642 1232; x_wconf 89' lang='lat' dir='ltr'>mea</span> <span class='ocrx_word' id='word_1_157' title='bbox 665 1204 794 1232; x_wconf 81' lang='lat' dir='ltr'>efficere</span> <span class='ocrx_word' id='word_1_158' title='bbox 819 1207 893 1242; x_wconf 88' lang='lat' dir='ltr'>pot-</span> 
     </span>
     <span class='ocr_line' id='line_1_27' title="bbox 150 1246 894 1284; baseline 0.001 -9"><span class='ocrx_word' id='word_1_159' title='bbox 150 1251 215 1284; x_wconf 85' lang='lat' dir='ltr'>est,</span> <span class='ocrx_word' id='word_1_160' title='bbox 232 1250 272 1277; x_wconf 87' lang='lat' dir='ltr'>ut</span> <span class='ocrx_word' id='word_1_161' title='bbox 295 1257 334 1276; x_wconf 87' lang='lat' dir='ltr'>eo</span> <span class='ocrx_word' id='word_1_162' title='bbox 354 1247 452 1276; x_wconf 90' lang='lat' dir='ltr'>citius</span> <span class='ocrx_word' id='word_1_163' title='bbox 468 1246 602 1277; x_wconf 88' lang='lat' dir='ltr'>libertas</span> <span class='ocrx_word' id='word_1_164' title='bbox 626 1247 824 1276; x_wconf 80' lang='lat' dir='ltr'>restituatur</span> <span class='ocrx_word' id='word_1_165' title='bbox 847 1247 894 1276; x_wconf 87' lang='lat' dir='ltr'>ci-</span> 
     </span>
     <span class='ocr_line' id='line_1_28' title="bbox 150 1290 892 1330; baseline 0 -10"><span class='ocrx_word' id='word_1_166' title='bbox 150 1290 257 1320; x_wconf 85' lang='lat' dir='ltr'>vitati.</span> <span class='ocrx_word' id='word_1_167' title='bbox 281 1290 399 1320; x_wconf 58' lang='lat' dir='ltr'>*Sexn</span> <span class='ocrx_word' id='word_1_168' title='bbox 420 1293 468 1320; x_wconf 87' lang='grc'>11.</span> <span class='ocrx_word' id='word_1_169' title='bbox 495 1290 584 1329; x_wconf 86' lang='lat' dir='ltr'>quod</span> <span class='ocrx_word' id='word_1_170' title='bbox 599 1291 708 1330; x_wconf 81' lang='lat' dir='ltr'>ipsum</span> <span class='ocrx_word' id='word_1_171' title='bbox 725 1290 892 1329; x_wconf 82' lang='lat' dir='ltr'>templum</span> 
     </span>
     <span class='ocr_line' id='line_1_29' title="bbox 151 1334 892 1374; baseline -0.001 -10"><span class='ocrx_word' id='word_1_172' title='bbox 151 1335 403 1374; x_wconf 80' lang='lat' dir='ltr'>repraesentahat</span> <span class='ocrx_word' id='word_1_173' title='bbox 454 1335 650 1364; x_wconf 84' lang='lat' dir='ltr'>memoriam</span> <span class='ocrx_word' id='word_1_174' title='bbox 698 1334 892 1364; x_wconf 80' lang='lat' dir='ltr'>consulatus</span> 
     </span>
     <span class='ocr_line' id='line_1_30' title="bbox 150 1378 892 1418; baseline -0.001 -10"><span class='ocrx_word' id='word_1_175' title='bbox 150 1378 236 1408; x_wconf 90' lang='lat' dir='ltr'>mei:</span> <span class='ocrx_word' id='word_1_176' title='bbox 261 1378 294 1408; x_wconf 91' lang='lat' dir='ltr'>h.</span> <span class='ocrx_word' id='word_1_177' title='bbox 321 1387 350 1408; x_wconf 92' lang='lat' dir='ltr'>e.</span> <span class='ocrx_word' id='word_1_178' title='bbox 374 1385 574 1418; x_wconf 62' lang='lat' dir='ltr'>praesentem</span> <span class='ocrx_word' id='word_1_179' title='bbox 599 1378 892 1416; x_wconf 78' lang='lat' dir='ltr'>animis&#39;faciehat,</span> 
     </span>
     <span class='ocr_line' id='line_1_31' title="bbox 149 1421 893 1462; baseline 0.001 -11"><span class='ocrx_word' id='word_1_180' title='bbox 149 1421 368 1452; x_wconf 85' lang='lat' dir='ltr'>instaurabat.</span> <span class='ocrx_word' id='word_1_181' title='bbox 393 1421 462 1452; x_wconf 73' lang='lat' dir='ltr'>*ad</span> <span class='ocrx_word' id='word_1_182' title='bbox 477 1422 553 1452; x_wconf 91' lang='lat' dir='ltr'>Div.</span> <span class='ocrx_word' id='word_1_183' title='bbox 565 1422 631 1452; x_wconf 83' lang='lat' dir='ltr'>viii.</span> <span class='ocrx_word' id='word_1_184' title='bbox 648 1424 679 1452; x_wconf 87' lang='grc'>2.</span> <span class='ocrx_word' id='word_1_185' title='bbox 705 1432 758 1451; x_wconf 87' lang='lat' dir='ltr'>me</span> <span class='ocrx_word' id='word_1_186' title='bbox 775 1432 893 1462; x_wconf 60' lang='lat' dir='ltr'>repra?-</span> 
     </span>
     <span class='ocr_line' id='line_1_32' title="bbox 148 1465 891 1504; baseline 0 -9"><span class='ocrx_word' id='word_1_187' title='bbox 148 1469 298 1496; x_wconf 73' lang='lat' dir='ltr'>sentante</span> <span class='ocrx_word' id='word_1_188' title='bbox 322 1469 374 1495; x_wconf 88' lang='lat' dir='ltr'>est</span> <span class='ocrx_word' id='word_1_189' title='bbox 400 1466 584 1496; x_wconf 85' lang='lat' dir='ltr'>absolutus.</span> <span class='ocrx_word' id='word_1_190' title='bbox 631 1465 670 1495; x_wconf 88' lang='lat' dir='ltr'>Id</span> <span class='ocrx_word' id='word_1_191' title='bbox 697 1476 797 1504; x_wconf 84' lang='lat' dir='ltr'>quam</span> <span class='ocrx_word' id='word_1_192' title='bbox 824 1466 891 1495; x_wconf 74' lang='lat' dir='ltr'>vim</span> 
     </span>
     <span class='ocr_line' id='line_1_33' title="bbox 149 1509 891 1550; baseline 0 -11"><span class='ocrx_word' id='word_1_193' title='bbox 149 1509 284 1547; x_wconf 83' lang='lat' dir='ltr'>habeat,</span> <span class='ocrx_word' id='word_1_194' title='bbox 310 1519 421 1547; x_wconf 82' lang='lat' dir='ltr'>nemo,</span> <span class='ocrx_word' id='word_1_195' title='bbox 446 1510 534 1548; x_wconf 91' lang='lat' dir='ltr'>quod</span> <span class='ocrx_word' id='word_1_196' title='bbox 559 1509 676 1546; x_wconf 87' lang='lat' dir='ltr'>sciam,</span> <span class='ocrx_word' id='word_1_197' title='bbox 701 1509 891 1550; x_wconf 82' lang='lat' dir='ltr'>explicavit,</span> 
     </span>
     <span class='ocr_line' id='line_1_34' title="bbox 148 1552 891 1593; baseline 0.003 -11"><span class='ocrx_word' id='word_1_198' title='bbox 148 1562 257 1592; x_wconf 85' lang='lat' dir='ltr'>neque</span> <span class='ocrx_word' id='word_1_199' title='bbox 280 1563 342 1592; x_wconf 84' lang='lat' dir='ltr'>ego</span> <span class='ocrx_word' id='word_1_200' title='bbox 365 1552 612 1593; x_wconf 84' lang='lat' dir='ltr'>explicaverim.</span> <span class='ocrx_word' id='word_1_201' title='bbox 660 1553 704 1583; x_wconf 87' lang='lat' dir='ltr'>Et</span> <span class='ocrx_word' id='word_1_202' title='bbox 733 1557 784 1583; x_wconf 84' lang='lat' dir='ltr'>est</span> <span class='ocrx_word' id='word_1_203' title='bbox 805 1553 891 1584; x_wconf 83' lang='lat' dir='ltr'>forte</span> 
     </span>
     <span class='ocr_line' id='line_1_35' title="bbox 146 1596 431 1637; baseline 0.004 -11"><span class='ocrx_word' id='word_1_204' title='bbox 146 1596 248 1627; x_wconf 87' lang='lat' dir='ltr'>lectio</span> <span class='ocrx_word' id='word_1_205' title='bbox 263 1604 431 1637; x_wconf 87' lang='lat' dir='ltr'>corrupta.</span> 
     </span>
    </p>

    <p class='ocr_par' dir='ltr' id='par_1_4' title="bbox 146 1640 892 1769">
     <span class='ocr_line' id='line_1_36' title="bbox 191 1640 892 1681; baseline 0.001 -11"><span class='ocrx_word' id='word_1_206' title='bbox 191 1640 457 1681; x_wconf 79' lang='lat' dir='ltr'>Repraesentatio,</span> <span class='ocrx_word' id='word_1_207' title='bbox 482 1640 522 1670; x_wconf 90' lang='lat' dir='ltr'>de</span> <span class='ocrx_word' id='word_1_208' title='bbox 552 1651 585 1671; x_wconf 92' lang='lat' dir='ltr'>re</span> <span class='ocrx_word' id='word_1_209' title='bbox 618 1641 820 1681; x_wconf 84' lang='lat' dir='ltr'>pecuniaria.</span> <span class='ocrx_word' id='word_1_210' title='bbox 849 1641 892 1672; x_wconf 86' lang='lat' dir='ltr'>ad</span> 
     </span>
     <span class='ocr_line' id='line_1_37' title="bbox 146 1684 891 1719; baseline 0 -4"><span class='ocrx_word' id='word_1_211' title='bbox 146 1684 223 1715; x_wconf 92' lang='lat' dir='ltr'>Div.</span> <span class='ocrx_word' id='word_1_212' title='bbox 241 1684 302 1715; x_wconf 83' lang='lat' dir='ltr'>xvi.</span> <span class='ocrx_word' id='word_1_213' title='bbox 320 1687 372 1716; x_wconf 74' lang='lat'>⁶24.</span> <span class='ocrx_word' id='word_1_214' title='bbox 397 1685 465 1715; x_wconf 82' lang='lat' dir='ltr'>Att.</span> <span class='ocrx_word' id='word_1_215' title='bbox 482 1685 538 1715; x_wconf 84' lang='lat' dir='ltr'>xii.</span> <span class='ocrx_word' id='word_1_216' title='bbox 554 1688 607 1715; x_wconf 84' lang='lat'>31.</span> <span class='ocrx_word' id='word_1_217' title='bbox 630 1685 699 1715; x_wconf 84' lang='lat' dir='ltr'>xiii.</span> <span class='ocrx_word' id='word_1_218' title='bbox 717 1687 770 1719; x_wconf 85' lang='grc'>29.</span> <span class='ocrx_word' id='word_1_219' title='bbox 794 1696 823 1715; x_wconf 91' lang='lat' dir='ltr'>v.</span> <span class='ocrx_word' id='word_1_220' title='bbox 840 1695 891 1715; x_wconf 89' lang='lat' dir='ltr'>re—</span> 
     </span>
     <span class='ocr_line' id='line_1_38' title="bbox 147 1735 365 1769; baseline 0 -11"><span class='ocrx_word' id='word_1_221' title='bbox 147 1735 365 1769; x_wconf 83' lang='lat' dir='ltr'>praesentare</span> 
     </span>
    </p>

    <p class='ocr_par' dir='ltr' id='par_1_5' title="bbox 147 1771 891 2206">
     <span class='ocr_line' id='line_1_39' title="bbox 192 1771 890 1812; baseline 0.001 -10"><span class='ocrx_word' id='word_1_222' title='bbox 192 1771 366 1812; x_wconf 66' lang='lat' dir='ltr'>Repiimer</span> <span class='ocrx_word' id='word_1_223' title='bbox 367 1783 393 1803; x_wconf 87' lang='lat' dir='ltr'>e.</span> <span class='ocrx_word' id='word_1_224' title='bbox 410 1772 598 1812; x_wconf 81' lang='lat' dir='ltr'>angustius,</span> <span class='ocrx_word' id='word_1_225' title='bbox 608 1772 752 1810; x_wconf 82' lang='lat' dir='ltr'>brevius,</span> <span class='ocrx_word' id='word_1_226' title='bbox 762 1773 890 1803; x_wconf 86' lang='lat' dir='ltr'>tardius</span> 
     </span>
     <span class='ocr_line' id='line_1_40' title="bbox 148 1815 889 1851; baseline 0.003 -6"><span class='ocrx_word' id='word_1_227' title='bbox 148 1815 269 1846; x_wconf 80' lang='lat' dir='ltr'>facere.</span> <span class='ocrx_word' id='word_1_228' title='bbox 306 1817 378 1846; x_wconf 76' lang='lat' dir='ltr'>Art.</span> <span class='ocrx_word' id='word_1_229' title='bbox 402 1827 433 1846; x_wconf 81' lang='lat' dir='ltr'>x.</span> <span class='ocrx_word' id='word_1_230' title='bbox 465 1821 496 1851; x_wconf 86' lang='lat'>9.</span> <span class='ocrx_word' id='word_1_231' title='bbox 533 1816 708 1846; x_wconf 83' lang='lat' dir='ltr'>dubitabat</span> <span class='ocrx_word' id='word_1_232' title='bbox 736 1823 889 1847; x_wconf 84' lang='lat' dir='ltr'>nostrum</span> 
     </span>
     <span class='ocr_line' id='line_1_41' title="bbox 148 1860 891 1901; baseline 0.003 -12"><span class='ocrx_word' id='word_1_233' title='bbox 148 1869 261 1897; x_wconf 92' lang='lat' dir='ltr'>nemo,</span> <span class='ocrx_word' id='word_1_234' title='bbox 301 1860 381 1899; x_wconf 89' lang='lat' dir='ltr'>quin</span> <span class='ocrx_word' id='word_1_235' title='bbox 421 1860 531 1891; x_wconf 86' lang='lat' dir='ltr'>Caesar</span> <span class='ocrx_word' id='word_1_236' title='bbox 567 1860 689 1890; x_wconf 89' lang='lat' dir='ltr'>itinera</span> <span class='ocrx_word' id='word_1_237' title='bbox 725 1863 891 1901; x_wconf 69' lang='lat' dir='ltr'>repressis-</span> 
     </span>
     <span class='ocr_line' id='line_1_42' title="bbox 147 1904 890 1944; baseline 0.001 -10"><span class='ocrx_word' id='word_1_238' title='bbox 147 1908 204 1934; x_wconf 78' lang='lat' dir='ltr'>set.</span> <span class='ocrx_word' id='word_1_239' title='bbox 221 1904 317 1934; x_wconf 84' lang='lat' dir='ltr'>Brut.</span> <span class='ocrx_word' id='word_1_240' title='bbox 331 1907 384 1938; x_wconf 84' lang='grc'>91.</span> <span class='ocrx_word' id='word_1_241' title='bbox 402 1904 494 1934; x_wconf 85' lang='lat' dir='ltr'>dedit</span> <span class='ocrx_word' id='word_1_242' title='bbox 506 1907 703 1944; x_wconf 84' lang='lat' dir='ltr'>operan1,ut</span> <span class='ocrx_word' id='word_1_243' title='bbox 715 1914 774 1935; x_wconf 83' lang='lat' dir='ltr'>nos</span> <span class='ocrx_word' id='word_1_244' title='bbox 791 1905 890 1935; x_wconf 86' lang='lat' dir='ltr'>nimis</span> 
     </span>
     <span class='ocr_line' id='line_1_43' title="bbox 147 1947 890 1988; baseline 0.001 -11"><span class='ocrx_word' id='word_1_245' title='bbox 147 1947 374 1978; x_wconf 85' lang='lat' dir='ltr'>redundantes</span> <span class='ocrx_word' id='word_1_246' title='bbox 403 1952 438 1977; x_wconf 90' lang='lat' dir='ltr'>et</span> <span class='ocrx_word' id='word_1_247' title='bbox 467 1948 711 1988; x_wconf 84' lang='lat' dir='ltr'>superfluentes</span> <span class='ocrx_word' id='word_1_248' title='bbox 744 1949 890 1987; x_wconf 87' lang='lat' dir='ltr'>juvenili</span> 
     </span>
     <span class='ocr_line' id='line_1_44' title="bbox 147 1991 890 2031; baseline 0.003 -10"><span class='ocrx_word' id='word_1_249' title='bbox 147 1991 291 2030; x_wconf 84' lang='lat' dir='ltr'>quadam</span> <span class='ocrx_word' id='word_1_250' title='bbox 308 1991 439 2021; x_wconf 89' lang='lat' dir='ltr'>dicendi</span> <span class='ocrx_word' id='word_1_251' title='bbox 457 1992 659 2031; x_wconf 80' lang='lat' dir='ltr'>impunitate</span> <span class='ocrx_word' id='word_1_252' title='bbox 683 1996 719 2022; x_wconf 86' lang='lat' dir='ltr'>et</span> <span class='ocrx_word' id='word_1_253' title='bbox 741 1992 890 2030; x_wconf 87' lang='lat' dir='ltr'>licentia,</span> 
     </span>
     <span class='ocr_line' id='line_1_45' title="bbox 147 2035 890 2074; baseline 0.004 -10"><span class='ocrx_word' id='word_1_254' title='bbox 147 2036 351 2074; x_wconf 76' lang='lat' dir='ltr'>reprimeret.</span> <span class='ocrx_word' id='word_1_255' title='bbox 384 2035 596 2066; x_wconf 62' lang='lat' dir='ltr'>*abstinere</span> <span class='ocrx_word' id='word_1_256' title='bbox 629 2036 719 2066; x_wconf 83' lang='lat' dir='ltr'>Sext.</span> <span class='ocrx_word' id='word_1_257' title='bbox 741 2039 798 2072; x_wconf 72' lang='grc'>55.</span> <span class='ocrx_word' id='word_1_258' title='bbox 836 2038 890 2067; x_wconf 85' lang='lat' dir='ltr'>vix</span> 
     </span>
     <span class='ocr_line' id='line_1_46' title="bbox 149 2079 889 2119; baseline 0.004 -11"><span class='ocrx_word' id='word_1_259' title='bbox 149 2079 264 2109; x_wconf 86' lang='lat' dir='ltr'>odium</span> <span class='ocrx_word' id='word_1_260' title='bbox 301 2089 401 2109; x_wconf 87' lang='lat' dir='ltr'>suum</span> <span class='ocrx_word' id='word_1_261' title='bbox 439 2089 458 2109; x_wconf 91' lang='lat' dir='ltr'>a</span> <span class='ocrx_word' id='word_1_262' title='bbox 489 2089 624 2119; x_wconf 88' lang='lat' dir='ltr'>corpore</span> <span class='ocrx_word' id='word_1_263' title='bbox 654 2085 889 2119; x_wconf 79' lang='lat' dir='ltr'>represserunt.</span> 
     </span>
     <span class='ocr_line' id='line_1_47' title="bbox 147 2122 890 2164; baseline 0.003 -12"><span class='ocrx_word' id='word_1_264' title='bbox 147 2122 241 2153; x_wconf 89' lang='lat' dir='ltr'>Verr.</span> <span class='ocrx_word' id='word_1_265' title='bbox 259 2132 288 2152; x_wconf 89' lang='lat' dir='ltr'>v.</span> <span class='ocrx_word' id='word_1_266' title='bbox 305 2125 357 2157; x_wconf 76' lang='grc'>29.</span> <span class='ocrx_word' id='word_1_267' title='bbox 384 2133 403 2152; x_wconf 90' lang='lat' dir='ltr'>a</span> <span class='ocrx_word' id='word_1_268' title='bbox 421 2123 579 2163; x_wconf 79' lang='lat' dir='ltr'>praesenti</span> <span class='ocrx_word' id='word_1_269' title='bbox 599 2123 763 2164; x_wconf 90' lang='lat' dir='ltr'>supplicio</span> <span class='ocrx_word' id='word_1_270' title='bbox 779 2130 839 2154; x_wconf 90' lang='lat' dir='ltr'>tuo</span> <span class='ocrx_word' id='word_1_271' title='bbox 855 2134 890 2154; x_wconf 84' lang='lat' dir='ltr'>se</span> 
     </span>
     <span class='ocr_line' id='line_1_48' title="bbox 147 2166 515 2206; baseline 0.003 -10"><span class='ocrx_word' id='word_1_272' title='bbox 147 2167 298 2206; x_wconf 65' lang='lat' dir='ltr'>repressit</span> <span class='ocrx_word' id='word_1_273' title='bbox 315 2166 457 2206; x_wconf 87' lang='lat' dir='ltr'>populus</span> <span class='ocrx_word' id='word_1_274' title='bbox 473 2167 515 2197; x_wconf 83' lang='lat' dir='ltr'>R.</span> 
     </span>
    </p>

    <p class='ocr_par' dir='ltr' id='par_1_6' title="bbox 149 2210 890 2294">
     <span class='ocr_line' id='line_1_49' title="bbox 191 2210 890 2250; baseline 0.001 -9"><span class='ocrx_word' id='word_1_275' title='bbox 191 2210 417 2250; x_wconf 80' lang='lat' dir='ltr'>Repromissio.</span> <span class='ocrx_word' id='word_1_276' title='bbox 446 2211 544 2241; x_wconf 86' lang='lat' dir='ltr'>Rosc.</span> <span class='ocrx_word' id='word_1_277' title='bbox 563 2211 657 2242; x_wconf 89' lang='lat' dir='ltr'>Com.</span> <span class='ocrx_word' id='word_1_278' title='bbox 682 2214 732 2242; x_wconf 92' lang='lat'>13</span> <span class='ocrx_word' id='word_1_279' title='bbox 765 2216 817 2242; x_wconf 83' lang='lat' dir='ltr'>est</span> <span class='ocrx_word' id='word_1_280' title='bbox 841 2222 890 2242; x_wconf 88' lang='lat' dir='ltr'>re-</span> 
     </span>
     <span class='ocr_line' id='line_1_50' title="bbox 149 2254 580 2294; baseline 0.005 -11"><span class='ocrx_word' id='word_1_281' title='bbox 149 2254 336 2294; x_wconf 77' lang='lat' dir='ltr'>stipulatio,</span> <span class='ocrx_word' id='word_1_282' title='bbox 353 2254 392 2284; x_wconf 88' lang='lat' dir='ltr'>de</span> <span class='ocrx_word' id='word_1_283' title='bbox 409 2264 474 2293; x_wconf 87' lang='lat' dir='ltr'>qua</span> <span class='ocrx_word' id='word_1_284' title='bbox 490 2265 580 2285; x_wconf 77' lang='lat' dir='ltr'>mOX.</span> 
     </span>
    </p>

    <p class='ocr_par' dir='ltr' id='par_1_7' title="bbox 148 2298 891 2428">
     <span class='ocr_line' id='line_1_51' title="bbox 191 2298 891 2339; baseline 0.003 -11"><span class='ocrx_word' id='word_1_285' title='bbox 191 2298 438 2337; x_wconf 78' lang='lat' dir='ltr'>Repromictere.</span> <span class='ocrx_word' id='word_1_286' title='bbox 467 2298 562 2329; x_wconf 83' lang='lat' dir='ltr'>Brut.</span> <span class='ocrx_word' id='word_1_287' title='bbox 580 2302 610 2329; x_wconf 84' lang='lat'>5.</span> <span class='ocrx_word' id='word_1_288' title='bbox 640 2308 707 2329; x_wconf 91' lang='lat' dir='ltr'>non</span> <span class='ocrx_word' id='word_1_289' title='bbox 720 2301 891 2339; x_wconf 74' lang='lat' dir='ltr'>‘reprom-it-</span> 
     </span>
     <span class='ocr_line' id='line_1_52' title="bbox 148 2342 890 2375; baseline 0.003 -3"><span class='ocrx_word' id='word_1_290' title='bbox 148 2347 216 2373; x_wconf 80' lang='lat' dir='ltr'>tere</span> <span class='ocrx_word' id='word_1_291' title='bbox 232 2342 322 2373; x_wconf 85' lang='lat' dir='ltr'>istud</span> <span class='ocrx_word' id='word_1_292' title='bbox 337 2352 438 2372; x_wconf 87' lang='lat' dir='ltr'>ausus</span> <span class='ocrx_word' id='word_1_293' title='bbox 454 2343 529 2372; x_wconf 85' lang='lat' dir='ltr'>sim.</span> <span class='ocrx_word' id='word_1_294' title='bbox 554 2342 596 2373; x_wconf 84' lang='lat' dir='ltr'>cf.</span> <span class='ocrx_word' id='word_1_295' title='bbox 608 2343 707 2373; x_wconf 83' lang='lat' dir='ltr'>Rose.</span> <span class='ocrx_word' id='word_1_296' title='bbox 724 2343 818 2374; x_wconf 85' lang='lat' dir='ltr'>Com.</span> <span class='ocrx_word' id='word_1_297' title='bbox 842 2347 890 2375; x_wconf 85' lang='lat'>13.</span> 
     </span>
     <span class='ocr_line' id='line_1_53' title="bbox 148 2385 879 2428; baseline 0.003 -13"><span class='ocrx_word' id='word_1_298' title='bbox 148 2385 187 2416; x_wconf 89' lang='lat' dir='ltr'>de</span> <span class='ocrx_word' id='word_1_299' title='bbox 205 2385 461 2426; x_wconf 78' lang='lat' dir='ltr'>restipulatione</span> <span class='ocrx_word' id='word_1_300' title='bbox 477 2387 610 2417; x_wconf 88' lang='lat' dir='ltr'>dicitur.</span> <span class='ocrx_word' id='word_1_301' title='bbox 633 2397 663 2417; x_wconf 88' lang='lat' dir='ltr'>v.</span> <span class='ocrx_word' id='word_1_302' title='bbox 676 2387 879 2428; x_wconf 86' lang='lat' dir='ltr'>restipulari.</span> 
     </span>
    </p>

    <p class='ocr_par' dir='ltr' id='par_1_8' title="bbox 146 2429 892 2601">
     <span class='ocr_line' id='line_1_54' title="bbox 191 2429 892 2471; baseline 0.001 -12"><span class='ocrx_word' id='word_1_303' title='bbox 191 2429 393 2469; x_wconf 70' lang='lat' dir='ltr'>Repudiare,</span> <span class='ocrx_word' id='word_1_304' title='bbox 422 2430 552 2460; x_wconf 84' lang='lat' dir='ltr'>tollere.</span> <span class='ocrx_word' id='word_1_305' title='bbox 582 2431 640 2461; x_wconf 90' lang='lat' dir='ltr'>Or.</span> <span class='ocrx_word' id='word_1_306' title='bbox 663 2431 710 2461; x_wconf 94' lang='lat' dir='ltr'>iii.</span> <span class='ocrx_word' id='word_1_307' title='bbox 739 2434 765 2462; x_wconf 93' lang='grc'>1.</span> <span class='ocrx_word' id='word_1_308' title='bbox 795 2441 892 2471; x_wconf 76' lang='lat' dir='ltr'>repu-</span> 
     </span>
     <span class='ocr_line' id='line_1_55' title="bbox 146 2473 891 2513; baseline 0.003 -10"><span class='ocrx_word' id='word_1_309' title='bbox 146 2474 240 2503; x_wconf 79' lang='lat' dir='ltr'>diare</span> <span class='ocrx_word' id='word_1_310' title='bbox 251 2483 271 2503; x_wconf 89' lang='lat' dir='ltr'>a</span> <span class='ocrx_word' id='word_1_311' title='bbox 283 2473 408 2513; x_wconf 85' lang='lat' dir='ltr'>republ.</span> <span class='ocrx_word' id='word_1_312' title='bbox 419 2474 595 2504; x_wconf 87' lang='lat' dir='ltr'>consilium</span> <span class='ocrx_word' id='word_1_313' title='bbox 608 2479 755 2505; x_wconf 85' lang='lat' dir='ltr'>senatus.</span> <span class='ocrx_word' id='word_1_314' title='bbox 770 2474 789 2493; x_wconf 68' lang='lat'>²*</span> <span class='ocrx_word' id='word_1_315' title='bbox 798 2475 891 2505; x_wconf 87' lang='lat' dir='ltr'>Verr.</span> 
     </span>
     <span class='ocr_line' id='line_1_56' title="bbox 147 2517 892 2558; baseline 0.003 -11"><span class='ocrx_word' id='word_1_316' title='bbox 147 2518 194 2547; x_wconf 90' lang='lat' dir='ltr'>iii.</span> <span class='ocrx_word' id='word_1_317' title='bbox 211 2520 264 2551; x_wconf 77' lang='lat'>74.</span> <span class='ocrx_word' id='word_1_318' title='bbox 287 2517 460 2557; x_wconf 68' lang='lat' dir='ltr'>repudiari</span> <span class='ocrx_word' id='word_1_319' title='bbox 475 2518 646 2556; x_wconf 88' lang='lat' dir='ltr'>dicuntur,</span> <span class='ocrx_word' id='word_1_320' title='bbox 663 2528 804 2558; x_wconf 85' lang='lat' dir='ltr'>quorum</span> <span class='ocrx_word' id='word_1_321' title='bbox 822 2519 892 2549; x_wconf 90' lang='lat' dir='ltr'>fru-</span> 
     </span>
     <span class='ocr_line' id='line_1_57' title="bbox 149 2561 537 2601; baseline 0.003 -11"><span class='ocrx_word' id='word_1_322' title='bbox 149 2566 302 2591; x_wconf 83' lang='lat' dir='ltr'>mentum</span> <span class='ocrx_word' id='word_1_323' title='bbox 318 2561 537 2601; x_wconf 86' lang='lat' dir='ltr'>improbatur.</span> 
     </span>
    </p>

    <p class='ocr_par' dir='ltr' id='par_1_9' title="bbox 147 2604 894 2946">
     <span class='ocr_line' id='line_1_58' title="bbox 193 2604 890 2646; baseline 0.006 -12"><span class='ocrx_word' id='word_1_324' title='bbox 193 2604 382 2644; x_wconf 76' lang='lat' dir='ltr'>Requirere,</span> <span class='ocrx_word' id='word_1_325' title='bbox 416 2605 670 2646; x_wconf 80' lang='lat' dir='ltr'>reprehendere.</span> <span class='ocrx_word' id='word_1_326' title='bbox 715 2605 806 2636; x_wconf 89' lang='lat' dir='ltr'>Mur.</span> <span class='ocrx_word' id='word_1_327' title='bbox 837 2608 890 2641; x_wconf 85' lang='grc'>29.</span> 
     </span>
     <span class='ocr_line' id='line_1_59' title="bbox 147 2651 893 2689; baseline 0.004 -12"><span class='ocrx_word' id='word_1_328' title='bbox 147 2658 222 2687; x_wconf 84' lang='lat' dir='ltr'>quae</span> <span class='ocrx_word' id='word_1_329' title='bbox 245 2657 488 2688; x_wconf 88' lang='lat' dir='ltr'>nonnunquam</span> <span class='ocrx_word' id='word_1_330' title='bbox 511 2651 723 2689; x_wconf 79' lang='lat' dir='ltr'>requirimus,</span> <span class='ocrx_word' id='word_1_331' title='bbox 747 2660 787 2679; x_wconf 81' lang='lat' dir='ltr'>ea</span> <span class='ocrx_word' id='word_1_332' title='bbox 813 2654 893 2681; x_wconf 92' lang='lat' dir='ltr'>sunt</span> 
     </span>
     <span class='ocr_line' id='line_1_60' title="bbox 149 2693 890 2733; baseline 0.005 -12"><span class='ocrx_word' id='word_1_333' title='bbox 149 2693 264 2722; x_wconf 85' lang='lat' dir='ltr'>onmia</span> <span class='ocrx_word' id='word_1_334' title='bbox 293 2702 359 2722; x_wconf 89' lang='lat' dir='ltr'>non</span> <span class='ocrx_word' id='word_1_335' title='bbox 387 2702 407 2723; x_wconf 89' lang='lat' dir='ltr'>a</span> <span class='ocrx_word' id='word_1_336' title='bbox 432 2703 567 2730; x_wconf 87' lang='lat' dir='ltr'>natura,</span> <span class='ocrx_word' id='word_1_337' title='bbox 589 2693 649 2723; x_wconf 88' lang='lat' dir='ltr'>sed</span> <span class='ocrx_word' id='word_1_338' title='bbox 674 2703 694 2723; x_wconf 89' lang='lat' dir='ltr'>a</span> <span class='ocrx_word' id='word_1_339' title='bbox 719 2694 890 2733; x_wconf 85' lang='lat' dir='ltr'>magistro.</span> 
     </span>
     <span class='ocr_line' id='line_1_61' title="bbox 149 2735 891 2770; baseline 0.005 -5"><span class='ocrx_word' id='word_1_340' title='bbox 149 2735 367 2766; x_wconf 65' lang='lat' dir='ltr'>*desiderare</span> <span class='ocrx_word' id='word_1_341' title='bbox 398 2746 468 2767; x_wconf 88' lang='lat' dir='ltr'>rem</span> <span class='ocrx_word' id='word_1_342' title='bbox 499 2737 669 2767; x_wconf 84' lang='lat' dir='ltr'>amissam.</span> <span class='ocrx_word' id='word_1_343' title='bbox 711 2737 750 2767; x_wconf 88' lang='lat' dir='ltr'>L.</span> <span class='ocrx_word' id='word_1_344' title='bbox 773 2737 891 2770; x_wconf 88' lang='lat' dir='ltr'>Manil.</span> 
     </span>
     <span class='ocr_line' id='line_1_62' title="bbox 150 2779 893 2820; baseline 0.001 -9"><span class='ocrx_word' id='word_1_345' title='bbox 150 2781 180 2811; x_wconf 86' lang='grc'>2.</span> <span class='ocrx_word' id='word_1_346' title='bbox 211 2780 331 2820; x_wconf 88' lang='lat' dir='ltr'>quibus</span> <span class='ocrx_word' id='word_1_347' title='bbox 358 2781 485 2811; x_wconf 89' lang='lat' dir='ltr'>amissis</span> <span class='ocrx_word' id='word_1_348' title='bbox 515 2788 551 2810; x_wconf 87' lang='lat' dir='ltr'>et</span> <span class='ocrx_word' id='word_1_349' title='bbox 576 2780 666 2820; x_wconf 82' lang='lat' dir='ltr'>pacis</span> <span class='ocrx_word' id='word_1_350' title='bbox 693 2779 893 2813; x_wconf 82' lang='lat' dir='ltr'>ornamenta</span> 
     </span>
     <span class='ocr_line' id='line_1_63' title="bbox 149 2823 894 2864; baseline -0.001 -10"><span class='ocrx_word' id='word_1_351' title='bbox 149 2828 184 2854; x_wconf 84' lang='lat' dir='ltr'>et</span> <span class='ocrx_word' id='word_1_352' title='bbox 203 2823 351 2855; x_wconf 87' lang='lat' dir='ltr'>subsidia</span> <span class='ocrx_word' id='word_1_353' title='bbox 365 2823 444 2854; x_wconf 90' lang='lat' dir='ltr'>belli</span> <span class='ocrx_word' id='word_1_354' title='bbox 468 2825 650 2864; x_wconf 76' lang='lat' dir='ltr'>requiretis.</span> <span class='ocrx_word' id='word_1_355' title='bbox 681 2823 768 2854; x_wconf 89' lang='lat' dir='ltr'>hanc</span> <span class='ocrx_word' id='word_1_356' title='bbox 785 2827 894 2856; x_wconf 82' lang='lat' dir='ltr'>notio.</span> 
     </span>
     <span class='ocr_line' id='line_1_64' title="bbox 150 2866 892 2908; baseline 0.007 -11"><span class='ocrx_word' id='word_1_357' title='bbox 150 2877 227 2898; x_wconf 87' lang='lat' dir='ltr'>nem</span> <span class='ocrx_word' id='word_1_358' title='bbox 251 2867 402 2899; x_wconf 29' lang='lat' dir='ltr'>illustrat*</span> <span class='ocrx_word' id='word_1_359' title='bbox 420 2867 606 2900; x_wconf 85' lang='lat' dir='ltr'>Burmann.</span> <span class='ocrx_word' id='word_1_360' title='bbox 623 2866 665 2899; x_wconf 88' lang='lat' dir='ltr'>ad</span> <span class='ocrx_word' id='word_1_361' title='bbox 679 2867 798 2908; x_wconf 76' lang='lat' dir='ltr'>Vix-gil.</span> <span class='ocrx_word' id='word_1_362' title='bbox 815 2870 892 2902; x_wconf 85' lang='lat' dir='ltr'>AEn.</span> 
     </span>
     <span class='ocr_line' id='line_1_65' title="bbox 149 2911 265 2946; baseline 0.009 -4"><span class='ocrx_word' id='word_1_363' title='bbox 149 2911 172 2942; x_wconf 83' lang='lat' dir='ltr'>i.</span> <span class='ocrx_word' id='word_1_364' title='bbox 189 2914 265 2946; x_wconf 74' lang='lat'>217.</span> 
     </span>
    </p>
   </div>
   <div class='ocr_carea' id='block_1_4' title="bbox 924 1770 1424 1813">
    <p class='ocr_par' dir='ltr' id='par_1_10' title="bbox 924 1770 1424 1813">
     <span class='ocr_line' id='line_1_66' title="bbox 924 1770 1424 1813; baseline 0.002 -10"><span class='ocrx_word' id='word_1_365' title='bbox 924 1770 968 1803; x_wconf 67' lang='lat' dir='ltr'>&#39;se</span> <span class='ocrx_word' id='word_1_366' title='bbox 991 1775 1159 1813; x_wconf 76' lang='lat' dir='ltr'>rescriptos</span> <span class='ocrx_word' id='word_1_367' title='bbox 1181 1784 1299 1804; x_wconf 83' lang='lat' dir='ltr'>vocum</span> <span class='ocrx_word' id='word_1_368' title='bbox 1323 1775 1424 1804; x_wconf 87' lang='lat' dir='ltr'>sonis.</span> 
     </span>
    </p>
   </div>
   <div class='ocr_carea' id='block_1_5' title="bbox 1598 99 1679 138">
    <p class='ocr_par' dir='ltr' id='par_1_11' title="bbox 1598 99 1679 138">
     <span class='ocr_line' id='line_1_67' title="bbox 1598 99 1679 138; baseline 0 0"><span class='ocrx_word' id='word_1_369' title='bbox 1598 99 1679 138; x_wconf 81' lang='lat'>411</span> 
     </span>
    </p>
   </div>
   <div class='ocr_carea' id='block_1_6' title="bbox 931 194 1708 2902">
    <p class='ocr_par' dir='ltr' id='par_1_12' title="bbox 931 194 1685 1319">
     <span class='ocr_line' id='line_1_68' title="bbox 982 194 1684 237; baseline 0.006 -12"><span class='ocrx_word' id='word_1_370' title='bbox 982 194 1060 233; x_wconf 79' lang='lat' dir='ltr'>Res,</span> <span class='ocrx_word' id='word_1_371' title='bbox 1078 194 1118 225; x_wconf 88' lang='lat' dir='ltr'>de</span> <span class='ocrx_word' id='word_1_372' title='bbox 1135 205 1169 226; x_wconf 88' lang='lat' dir='ltr'>re</span> <span class='ocrx_word' id='word_1_373' title='bbox 1192 194 1364 234; x_wconf 78' lang='lat' dir='ltr'>familiari,</span> <span class='ocrx_word' id='word_1_374' title='bbox 1381 196 1588 237; x_wconf 84' lang='lat' dir='ltr'>pecuniaria.</span> <span class='ocrx_word' id='word_1_375' title='bbox 1618 197 1684 229; x_wconf 87' lang='lat' dir='ltr'>off.</span> 
     </span>
     <span class='ocr_line' id='line_1_69' title="bbox 938 238 1684 279; baseline 0.007 -11"><span class='ocrx_word' id='word_1_376' title='bbox 938 238 970 268; x_wconf 88' lang='lat' dir='ltr'>ii.</span> <span class='ocrx_word' id='word_1_377' title='bbox 995 242 1044 269; x_wconf 90' lang='grc'>11.</span> <span class='ocrx_word' id='word_1_378' title='bbox 1076 240 1115 270; x_wconf 85' lang='lat' dir='ltr'>iis</span> <span class='ocrx_word' id='word_1_379' title='bbox 1131 239 1248 276; x_wconf 88' lang='lat' dir='ltr'>etiam,</span> <span class='ocrx_word' id='word_1_380' title='bbox 1265 241 1321 278; x_wconf 87' lang='lat' dir='ltr'>qui</span> <span class='ocrx_word' id='word_1_381' title='bbox 1339 245 1471 279; x_wconf 90' lang='lat' dir='ltr'>emunt,</span> <span class='ocrx_word' id='word_1_382' title='bbox 1487 241 1684 273; x_wconf 87' lang='lat' dir='ltr'>vendunt-</span> 
     </span>
     <span class='ocr_line' id='line_1_70' title="bbox 931 283 1685 323; baseline 0.008 -12"><span class='ocrx_word' id='word_1_383' title='bbox 931 283 1069 321; x_wconf 77' lang='lat' dir='ltr'>justitia</span> <span class='ocrx_word' id='word_1_384' title='bbox 1097 283 1139 313; x_wconf 89' lang='lat' dir='ltr'>ad</span> <span class='ocrx_word' id='word_1_385' title='bbox 1174 293 1246 313; x_wconf 76' lang='lat' dir='ltr'>rem</span> <span class='ocrx_word' id='word_1_386' title='bbox 1277 284 1459 323; x_wconf 86' lang='lat' dir='ltr'>gerendam</span> <span class='ocrx_word' id='word_1_387' title='bbox 1497 287 1685 317; x_wconf 80' lang='lat' dir='ltr'>necessaria.</span> 
     </span>
     <span class='ocr_line' id='line_1_71' title="bbox 937 326 1683 368; baseline 0.005 -13"><span class='ocrx_word' id='word_1_388' title='bbox 937 331 1000 356; x_wconf 89' lang='lat' dir='ltr'>est.</span> <span class='ocrx_word' id='word_1_389' title='bbox 1031 326 1114 356; x_wconf 86' lang='lat' dir='ltr'>Cato</span> <span class='ocrx_word' id='word_1_390' title='bbox 1131 330 1162 360; x_wconf 86' lang='lat'>7.</span> <span class='ocrx_word' id='word_1_391' title='bbox 1192 337 1263 356; x_wconf 76' lang='lat' dir='ltr'>rem</span> <span class='ocrx_word' id='word_1_392' title='bbox 1282 327 1368 357; x_wconf 87' lang='lat' dir='ltr'>male</span> <span class='ocrx_word' id='word_1_393' title='bbox 1385 331 1538 367; x_wconf 83' lang='lat' dir='ltr'>gerentes</span> <span class='ocrx_word' id='word_1_394' title='bbox 1555 334 1683 368; x_wconf 82' lang='lat' dir='ltr'>patres-</span> 
     </span>
     <span class='ocr_line' id='line_1_72' title="bbox 937 369 1682 413; baseline 0.007 -15"><span class='ocrx_word' id='word_1_395' title='bbox 937 369 1017 400; x_wconf 80' lang='lat' dir='ltr'>sam.</span> <span class='ocrx_word' id='word_1_396' title='bbox 1047 370 1160 400; x_wconf 85' lang='lat' dir='ltr'>Rabir.</span> <span class='ocrx_word' id='word_1_397' title='bbox 1189 371 1278 401; x_wconf 88' lang='lat' dir='ltr'>Post.</span> <span class='ocrx_word' id='word_1_398' title='bbox 1305 374 1335 402; x_wconf 85' lang='grc'>2.</span> <span class='ocrx_word' id='word_1_399' title='bbox 1364 372 1398 401; x_wconf 92' lang='lat' dir='ltr'>in</span> <span class='ocrx_word' id='word_1_400' title='bbox 1427 372 1576 411; x_wconf 88' lang='lat' dir='ltr'>pluribus</span> <span class='ocrx_word' id='word_1_401' title='bbox 1607 383 1682 413; x_wconf 92' lang='lat' dir='ltr'>pro-</span> 
     </span>
     <span class='ocr_line' id='line_1_73' title="bbox 938 413 1681 454; baseline 0.008 -13"><span class='ocrx_word' id='word_1_402' title='bbox 938 413 1054 443; x_wconf 81' lang='lat' dir='ltr'>vinciis</span> <span class='ocrx_word' id='word_1_403' title='bbox 1078 414 1149 452; x_wconf 85' lang='lat' dir='ltr'>ejus</span> <span class='ocrx_word' id='word_1_404' title='bbox 1172 421 1304 444; x_wconf 84' lang='lat' dir='ltr'>versata</span> <span class='ocrx_word' id='word_1_405' title='bbox 1326 425 1377 445; x_wconf 70' lang='grc' dir='ltr'>πε</span> <span class='ocrx_word' id='word_1_406' title='bbox 1400 423 1461 446; x_wconf 85' lang='lat' dir='ltr'>est.</span> <span class='ocrx_word' id='word_1_407' title='bbox 1492 415 1610 454; x_wconf 71' lang='lat' dir='ltr'>Quint.</span> <span class='ocrx_word' id='word_1_408' title='bbox 1630 420 1681 448; x_wconf 88' lang='lat' dir='ltr'>ll.</span> 
     </span>
     <span class='ocr_line' id='line_1_74' title="bbox 937 458 1681 499; baseline 0.007 -13"><span class='ocrx_word' id='word_1_409' title='bbox 937 467 1014 486; x_wconf 83' lang='lat' dir='ltr'>cum</span> <span class='ocrx_word' id='word_1_410' title='bbox 1046 468 1097 487; x_wconf 73' lang='lat' dir='ltr'>res</span> <span class='ocrx_word' id='word_1_411' title='bbox 1128 458 1169 487; x_wconf 88' lang='lat' dir='ltr'>ab</span> <span class='ocrx_word' id='word_1_412' title='bbox 1199 468 1251 495; x_wconf 85' lang='lat' dir='ltr'>eo,</span> <span class='ocrx_word' id='word_1_413' title='bbox 1279 459 1416 497; x_wconf 84' lang='lat' dir='ltr'>quicum</span> <span class='ocrx_word' id='word_1_414' title='bbox 1448 461 1681 499; x_wconf 72' lang='lat' dir='ltr'>contraxisset,</span> 
     </span>
     <span class='ocr_line' id='line_1_75' title="bbox 938 501 1682 539; baseline 0.008 -10"><span class='ocrx_word' id='word_1_415' title='bbox 938 501 1136 531; x_wconf 73' lang='lat' dir='ltr'>recessisset.</span> <span class='ocrx_word' id='word_1_416' title='bbox 1171 503 1313 539; x_wconf 60' lang='lat' dir='ltr'>*causa,</span> <span class='ocrx_word' id='word_1_417' title='bbox 1337 502 1563 533; x_wconf 86' lang='lat' dir='ltr'>commodum.</span> <span class='ocrx_word' id='word_1_418' title='bbox 1595 504 1682 535; x_wconf 90' lang='lat' dir='ltr'>Phil.</span> 
     </span>
     <span class='ocr_line' id='line_1_76' title="bbox 937 544 1682 587; baseline 0.007 -14"><span class='ocrx_word' id='word_1_419' title='bbox 937 544 971 574; x_wconf 91' lang='lat' dir='ltr'>ii.</span> <span class='ocrx_word' id='word_1_420' title='bbox 986 546 1016 575; x_wconf 88' lang='grc'>2.</span> <span class='ocrx_word' id='word_1_421' title='bbox 1041 550 1158 574; x_wconf 86' lang='lat' dir='ltr'>contra</span> <span class='ocrx_word' id='word_1_422' title='bbox 1169 555 1239 574; x_wconf 76' lang='lat' dir='ltr'>rem</span> <span class='ocrx_word' id='word_1_423' title='bbox 1257 545 1397 586; x_wconf 80' lang='lat' dir='ltr'>alicujus</span> <span class='ocrx_word' id='word_1_424' title='bbox 1414 547 1545 577; x_wconf 88' lang='lat' dir='ltr'>venire:</span> <span class='ocrx_word' id='word_1_425' title='bbox 1571 547 1611 577; x_wconf 94' lang='lat' dir='ltr'>de</span> <span class='ocrx_word' id='word_1_426' title='bbox 1629 558 1682 587; x_wconf 83' lang='lat' dir='ltr'>eo,</span> 
     </span>
     <span class='ocr_line' id='line_1_77' title="bbox 937 588 1681 630; baseline 0.007 -13"><span class='ocrx_word' id='word_1_427' title='bbox 937 588 993 625; x_wconf 86' lang='lat' dir='ltr'>qui</span> <span class='ocrx_word' id='word_1_428' title='bbox 1019 588 1200 627; x_wconf 80' lang='lat' dir='ltr'>injudicio</span> <span class='ocrx_word' id='word_1_429' title='bbox 1224 588 1369 628; x_wconf 65' lang='lat' dir='ltr'>aliquem</span> <span class='ocrx_word' id='word_1_430' title='bbox 1395 600 1605 630; x_wconf 87' lang='lat' dir='ltr'>quacumque</span> <span class='ocrx_word' id='word_1_431' title='bbox 1629 602 1681 623; x_wconf 86' lang='lat' dir='ltr'>ra-</span> 
     </span>
     <span class='ocr_line' id='line_1_78' title="bbox 936 633 1683 673; baseline 0.009 -13"><span class='ocrx_word' id='word_1_432' title='bbox 936 633 1028 661; x_wconf 82' lang='lat' dir='ltr'>tione</span> <span class='ocrx_word' id='word_1_433' title='bbox 1055 638 1242 672; x_wconf 75' lang='lat' dir='ltr'>oppugnat.</span> <span class='ocrx_word' id='word_1_434' title='bbox 1279 634 1389 663; x_wconf 62' lang='lat' dir='ltr'>*Sem</span> <span class='ocrx_word' id='word_1_435' title='bbox 1418 644 1448 673; x_wconf 89' lang='lat' dir='ltr'>p.</span> <span class='ocrx_word' id='word_1_436' title='bbox 1476 634 1516 664; x_wconf 84' lang='lat' dir='ltr'>R.</span> <span class='ocrx_word' id='word_1_437' title='bbox 1546 637 1594 665; x_wconf 88' lang='grc'>11.</span> <span class='ocrx_word' id='word_1_438' title='bbox 1630 647 1683 668; x_wconf 72' lang='lat' dir='ltr'>‘res</span> 
     </span>
     <span class='ocr_line' id='line_1_79' title="bbox 938 676 1681 717; baseline 0.007 -13"><span class='ocrx_word' id='word_1_439' title='bbox 938 676 1044 705; x_wconf 82' lang='lat' dir='ltr'>redire</span> <span class='ocrx_word' id='word_1_440' title='bbox 1057 676 1316 714; x_wconf 46' lang='lat' dir='ltr'>dicunturstum</span> <span class='ocrx_word' id='word_1_441' title='bbox 1331 687 1438 707; x_wconf 78' lang='lat' dir='ltr'>causae</span> <span class='ocrx_word' id='word_1_442' title='bbox 1456 678 1489 707; x_wconf 88' lang='lat' dir='ltr'>in</span> <span class='ocrx_word' id='word_1_443' title='bbox 1507 678 1589 717; x_wconf 82' lang='lat' dir='ltr'>soro,</span> <span class='ocrx_word' id='word_1_444' title='bbox 1601 679 1681 710; x_wconf 87' lang='lat' dir='ltr'>alia-</span> 
     </span>
     <span class='ocr_line' id='line_1_80' title="bbox 937 720 1683 761; baseline 0.008 -13"><span class='ocrx_word' id='word_1_445' title='bbox 937 729 1000 758; x_wconf 74' lang='lat' dir='ltr'>qu(</span> <span class='ocrx_word' id='word_1_446' title='bbox 1017 720 1150 759; x_wconf 82' lang='lat' dir='ltr'>publica</span> <span class='ocrx_word' id='word_1_447' title='bbox 1162 721 1510 759; x_wconf 68' lang='lat' dir='ltr'>negotiaintermissa,</span> <span class='ocrx_word' id='word_1_448' title='bbox 1526 723 1614 761; x_wconf 89' lang='lat' dir='ltr'>quod</span> <span class='ocrx_word' id='word_1_449' title='bbox 1630 735 1683 754; x_wconf 70' lang='lat' dir='ltr'>res</span> 
     </span>
     <span class='ocr_line' id='line_1_81' title="bbox 936 763 1681 809; baseline 0.008 -17"><span class='ocrx_word' id='word_1_450' title='bbox 936 763 1253 805; x_wconf 68' lang='lat' dir='ltr'>prolataS,dicunt,[</span> <span class='ocrx_word' id='word_1_451' title='bbox 1256 775 1285 795; x_wconf 78' lang='lat' dir='ltr'>v,</span> <span class='ocrx_word' id='word_1_452' title='bbox 1295 764 1456 805; x_wconf 82' lang='lat' dir='ltr'>prolatus)</span> <span class='ocrx_word' id='word_1_453' title='bbox 1471 770 1681 809; x_wconf 87' lang='lat' dir='ltr'>repetuntur.</span> 
     </span>
     <span class='ocr_line' id='line_1_82' title="bbox 936 807 1681 842; baseline 0.01 -7"><span class='ocrx_word' id='word_1_454' title='bbox 936 817 966 836; x_wconf 91' lang='lat' dir='ltr'>v.</span> <span class='ocrx_word' id='word_1_455' title='bbox 981 807 1137 838; x_wconf 86' lang='lat' dir='ltr'>Lambin.</span> <span class='ocrx_word' id='word_1_456' title='bbox 1161 808 1203 837; x_wconf 86' lang='lat' dir='ltr'>ad</span> <span class='ocrx_word' id='word_1_457' title='bbox 1220 808 1250 837; x_wconf 91' lang='lat' dir='ltr'>h.</span> <span class='ocrx_word' id='word_1_458' title='bbox 1269 808 1289 838; x_wconf 92' lang='lat' dir='ltr'>l.</span> <span class='ocrx_word' id='word_1_459' title='bbox 1315 809 1355 839; x_wconf 79' lang='lat' dir='ltr'>cf</span> <span class='ocrx_word' id='word_1_460' title='bbox 1372 810 1463 839; x_wconf 74' lang='lat' dir='ltr'>Sext.</span> <span class='ocrx_word' id='word_1_461' title='bbox 1478 810 1531 840; x_wconf 88' lang='grc'>62.</span> <span class='ocrx_word' id='word_1_462' title='bbox 1546 810 1632 841; x_wconf 64' lang='lat' dir='ltr'>*On</span> <span class='ocrx_word' id='word_1_463' title='bbox 1645 812 1681 842; x_wconf 86' lang='lat' dir='ltr'>ii.</span> 
     </span>
     <span class='ocr_line' id='line_1_83' title="bbox 940 853 1680 886; baseline 0.007 -6"><span class='ocrx_word' id='word_1_464' title='bbox 940 853 988 881; x_wconf 89' lang='lat'>11.</span> <span class='ocrx_word' id='word_1_465' title='bbox 1019 861 1177 882; x_wconf 81' lang='lat' dir='ltr'>messem</span> <span class='ocrx_word' id='word_1_466' title='bbox 1210 853 1336 882; x_wconf 86' lang='lat' dir='ltr'>ratione</span> <span class='ocrx_word' id='word_1_467' title='bbox 1359 863 1483 883; x_wconf 65' lang='lat' dir='ltr'>vetum.</span> <span class='ocrx_word' id='word_1_468' title='bbox 1513 854 1570 885; x_wconf 90' lang='lat' dir='ltr'>Or</span> <span class='ocrx_word' id='word_1_469' title='bbox 1589 855 1610 885; x_wconf 93' lang='lat' dir='ltr'>i.</span> <span class='ocrx_word' id='word_1_470' title='bbox 1627 857 1680 886; x_wconf 93' lang='grc'>21.</span> 
     </span>
     <span class='ocr_line' id='line_1_84' title="bbox 937 895 1680 935; baseline 0.007 -11"><span class='ocrx_word' id='word_1_471' title='bbox 937 895 1082 934; x_wconf 78' lang='lat' dir='ltr'>positum</span> <span class='ocrx_word' id='word_1_472' title='bbox 1100 905 1170 925; x_wconf 85' lang='lat' dir='ltr'>esse</span> <span class='ocrx_word' id='word_1_473' title='bbox 1187 896 1221 925; x_wconf 84' lang='lat' dir='ltr'>in</span> <span class='ocrx_word' id='word_1_474' title='bbox 1237 906 1274 925; x_wconf 73' lang='lat' dir='ltr'>re</span> <span class='ocrx_word' id='word_1_475' title='bbox 1290 902 1390 935; x_wconf 87' lang='lat' dir='ltr'>atque</span> <span class='ocrx_word' id='word_1_476' title='bbox 1417 903 1557 927; x_wconf 82' lang='lat' dir='ltr'>natura:</span> <span class='ocrx_word' id='word_1_477' title='bbox 1583 898 1622 928; x_wconf 88' lang='lat' dir='ltr'>de</span> <span class='ocrx_word' id='word_1_478' title='bbox 1640 900 1680 930; x_wconf 81' lang='lat' dir='ltr'>iis</span> 
     </span>
     <span class='ocr_line' id='line_1_85' title="bbox 936 939 1680 981; baseline 0.007 -13"><span class='ocrx_word' id='word_1_479' title='bbox 936 939 1047 976; x_wconf 82' lang='lat' dir='ltr'>rebus,</span> <span class='ocrx_word' id='word_1_480' title='bbox 1066 948 1139 978; x_wconf 83' lang='lat' dir='ltr'>quae</span> <span class='ocrx_word' id='word_1_481' title='bbox 1163 945 1255 976; x_wconf 86' lang='lat' dir='ltr'>sunt,</span> <span class='ocrx_word' id='word_1_482' title='bbox 1278 950 1345 969; x_wconf 86' lang='lat' dir='ltr'>non</span> <span class='ocrx_word' id='word_1_483' title='bbox 1369 941 1467 970; x_wconf 83' lang='lat' dir='ltr'>modo</span> <span class='ocrx_word' id='word_1_484' title='bbox 1491 941 1680 981; x_wconf 81' lang='lat' dir='ltr'>finguntur.</span> 
     </span>
     <span class='ocr_line' id='line_1_86' title="bbox 935 982 1681 1026; baseline 0.007 -14"><span class='ocrx_word' id='word_1_485' title='bbox 935 982 1057 1013; x_wconf 62' lang='grc' dir='ltr'>*νει-Γ.</span> <span class='ocrx_word' id='word_1_486' title='bbox 1079 983 1102 1012; x_wconf 91' lang='lat' dir='ltr'>i.</span> <span class='ocrx_word' id='word_1_487' title='bbox 1131 985 1179 1013; x_wconf 83' lang='lat'>14.</span> <span class='ocrx_word' id='word_1_488' title='bbox 1211 994 1262 1014; x_wconf 74' lang='lat' dir='ltr'>res</span> <span class='ocrx_word' id='word_1_489' title='bbox 1288 984 1476 1014; x_wconf 85' lang='lat' dir='ltr'>rationum:</span> <span class='ocrx_word' id='word_1_490' title='bbox 1512 995 1570 1025; x_wconf 83' lang='lat' dir='ltr'>per</span> <span class='ocrx_word' id='word_1_491' title='bbox 1594 988 1681 1026; x_wconf 89' lang='lat' dir='ltr'>peri-</span> 
     </span>
     <span class='ocr_line' id='line_1_87' title="bbox 936 1026 1680 1066; baseline 0.008 -11"><span class='ocrx_word' id='word_1_492' title='bbox 936 1026 1071 1066; x_wconf 82' lang='lat' dir='ltr'>phrasin</span> <span class='ocrx_word' id='word_1_493' title='bbox 1087 1036 1144 1066; x_wconf 89' lang='lat' dir='ltr'>pro</span> <span class='ocrx_word' id='word_1_494' title='bbox 1161 1028 1318 1058; x_wconf 89' lang='lat' dir='ltr'>rationes.</span> <span class='ocrx_word' id='word_1_495' title='bbox 1348 1028 1366 1046; x_wconf 69' lang='lat'>‘¹‘</span> <span class='ocrx_word' id='word_1_496' title='bbox 1378 1027 1470 1058; x_wconf 82' lang='lat' dir='ltr'>Vei-r.</span> <span class='ocrx_word' id='word_1_497' title='bbox 1487 1029 1534 1059; x_wconf 88' lang='lat' dir='ltr'>iii.</span> <span class='ocrx_word' id='word_1_498' title='bbox 1551 1034 1603 1061; x_wconf 69' lang='lat'>35.</span> <span class='ocrx_word' id='word_1_499' title='bbox 1627 1041 1680 1061; x_wconf 74' lang='lat' dir='ltr'>res</span> 
     </span>
     <span class='ocr_line' id='line_1_88' title="bbox 936 1070 1679 1110; baseline 0.007 -11"><span class='ocrx_word' id='word_1_500' title='bbox 936 1075 1155 1110; x_wconf 62' lang='lat' dir='ltr'>gestae„sunt</span> <span class='ocrx_word' id='word_1_501' title='bbox 1178 1070 1267 1110; x_wconf 82' lang='lat' dir='ltr'>leges</span> <span class='ocrx_word' id='word_1_502' title='bbox 1292 1071 1403 1102; x_wconf 83' lang='lat' dir='ltr'>Sullae.</span> <span class='ocrx_word' id='word_1_503' title='bbox 1436 1072 1477 1102; x_wconf 91' lang='lat' dir='ltr'>ad</span> <span class='ocrx_word' id='word_1_504' title='bbox 1499 1073 1576 1103; x_wconf 85' lang='lat' dir='ltr'>Div.</span> <span class='ocrx_word' id='word_1_505' title='bbox 1601 1075 1622 1104; x_wconf 91' lang='lat' dir='ltr'>i.</span> <span class='ocrx_word' id='word_1_506' title='bbox 1647 1079 1679 1106; x_wconf 90' lang='grc'>5.</span> 
     </span>
     <span class='ocr_line' id='line_1_89' title="bbox 935 1114 1677 1156; baseline 0.007 -13"><span class='ocrx_word' id='word_1_507' title='bbox 935 1125 986 1144; x_wconf 82' lang='lat' dir='ltr'>res</span> <span class='ocrx_word' id='word_1_508' title='bbox 1013 1119 1116 1153; x_wconf 78' lang='lat' dir='ltr'>gestae</span> <span class='ocrx_word' id='word_1_509' title='bbox 1145 1114 1297 1152; x_wconf 83' lang='lat' dir='ltr'>Lentuli,</span> <span class='ocrx_word' id='word_1_510' title='bbox 1324 1116 1475 1155; x_wconf 87' lang='lat' dir='ltr'>inprimis</span> <span class='ocrx_word' id='word_1_511' title='bbox 1506 1118 1677 1156; x_wconf 72' lang='lat' dir='ltr'>capiendae</span> 
     </span>
     <span class='ocr_line' id='line_1_90' title="bbox 936 1158 1679 1199; baseline 0.007 -12"><span class='ocrx_word' id='word_1_512' title='bbox 936 1158 975 1187; x_wconf 74' lang='lat' dir='ltr'>tle</span> <span class='ocrx_word' id='word_1_513' title='bbox 1002 1159 1212 1188; x_wconf 82' lang='lat' dir='ltr'>revocatione</span> <span class='ocrx_word' id='word_1_514' title='bbox 1246 1159 1414 1189; x_wconf 87' lang='lat' dir='ltr'>Ciceronis</span> <span class='ocrx_word' id='word_1_515' title='bbox 1441 1161 1480 1190; x_wconf 91' lang='lat' dir='ltr'>ab</span> <span class='ocrx_word' id='word_1_516' title='bbox 1504 1161 1617 1199; x_wconf 82' lang='lat' dir='ltr'>exilio,</span> <span class='ocrx_word' id='word_1_517' title='bbox 1644 1170 1679 1193; x_wconf 82' lang='lat' dir='ltr'>et</span> 
     </span>
     <span class='ocr_line' id='line_1_91' title="bbox 935 1202 1678 1241; baseline 0.008 -11"><span class='ocrx_word' id='word_1_518' title='bbox 935 1202 1009 1241; x_wconf 82' lang='lat' dir='ltr'>lege</span> <span class='ocrx_word' id='word_1_519' title='bbox 1040 1203 1242 1239; x_wconf 75' lang='lat' dir='ltr'>centuriata,</span> <span class='ocrx_word' id='word_1_520' title='bbox 1266 1202 1337 1241; x_wconf 82' lang='lat' dir='ltr'>ejus</span> <span class='ocrx_word' id='word_1_521' title='bbox 1367 1204 1413 1233; x_wconf 89' lang='lat' dir='ltr'>rei</span> <span class='ocrx_word' id='word_1_522' title='bbox 1443 1214 1544 1234; x_wconf 86' lang='lat' dir='ltr'>causa</span> <span class='ocrx_word' id='word_1_523' title='bbox 1573 1205 1613 1235; x_wconf 89' lang='lat' dir='ltr'>ab</span> <span class='ocrx_word' id='word_1_524' title='bbox 1638 1217 1678 1236; x_wconf 89' lang='lat' dir='ltr'>eo</span> 
     </span>
     <span class='ocr_line' id='line_1_92' title="bbox 936 1245 1679 1287; baseline 0.007 -12"><span class='ocrx_word' id='word_1_525' title='bbox 936 1245 1005 1275; x_wconf 84' lang='lat' dir='ltr'>lata</span> <span class='ocrx_word' id='word_1_526' title='bbox 1021 1245 1062 1275; x_wconf 84' lang='lat' dir='ltr'>ad</span> <span class='ocrx_word' id='word_1_527' title='bbox 1079 1246 1252 1285; x_wconf 84' lang='lat' dir='ltr'>populum.</span> <span class='ocrx_word' id='word_1_528' title='bbox 1280 1248 1360 1277; x_wconf 60' lang='lat' dir='ltr'>*res</span> <span class='ocrx_word' id='word_1_529' title='bbox 1369 1249 1516 1287; x_wconf 77' lang='lat' dir='ltr'>publica.</span> <span class='ocrx_word' id='word_1_530' title='bbox 1546 1258 1576 1279; x_wconf 92' lang='lat' dir='ltr'>v.</span> <span class='ocrx_word' id='word_1_531' title='bbox 1591 1250 1679 1281; x_wconf 84' lang='lat' dir='ltr'>infra.</span> 
     </span>
     <span class='ocr_line' id='line_1_93' title="bbox 937 1289 1156 1320; baseline -0.005 -1"><span class='ocrx_word' id='word_1_532' title='bbox 937 1290 970 1319; x_wconf 90' lang='lat' dir='ltr'>in</span> <span class='ocrx_word' id='word_1_533' title='bbox 988 1289 1049 1319; x_wconf 86' lang='lat' dir='ltr'>hac</span> <span class='ocrx_word' id='word_1_534' title='bbox 1065 1299 1156 1320; x_wconf 87' lang='lat' dir='ltr'>voce.</span> 
     </span>
    </p>

    <p class='ocr_par' dir='ltr' id='par_1_13' title="bbox 936 1333 1678 1409">
     <span class='ocr_line' id='line_1_94' title="bbox 980 1333 1678 1378; baseline 0.007 -15"><span class='ocrx_word' id='word_1_535' title='bbox 980 1334 1173 1364; x_wconf 76' lang='lat' dir='ltr'>Rescindere</span> <span class='ocrx_word' id='word_1_536' title='bbox 1187 1333 1312 1372; x_wconf 87' lang='lat' dir='ltr'>locum,</span> <span class='ocrx_word' id='word_1_537' title='bbox 1328 1335 1407 1374; x_wconf 84' lang='lat' dir='ltr'>Agr.</span> <span class='ocrx_word' id='word_1_538' title='bbox 1425 1336 1459 1366; x_wconf 87' lang='lat' dir='ltr'>ii.</span> <span class='ocrx_word' id='word_1_539' title='bbox 1478 1339 1506 1366; x_wconf 89' lang='lat' dir='ltr'>l.</span> <span class='ocrx_word' id='word_1_540' title='bbox 1532 1340 1584 1367; x_wconf 84' lang='lat' dir='ltr'>est</span> <span class='ocrx_word' id='word_1_541' title='bbox 1599 1347 1678 1378; x_wconf 87' lang='lat' dir='ltr'>ape-</span> 
     </span>
     <span class='ocr_line' id='line_1_95' title="bbox 936 1377 1546 1413; baseline 0.002 -5"><span class='ocrx_word' id='word_1_542' title='bbox 936 1377 1012 1413; x_wconf 88' lang='lat' dir='ltr'>rire,</span> <span class='ocrx_word' id='word_1_543' title='bbox 1029 1388 1107 1407; x_wconf 88' lang='lat' dir='ltr'>cum</span> <span class='ocrx_word' id='word_1_544' title='bbox 1124 1378 1316 1409; x_wconf 86' lang='lat' dir='ltr'>obstructus</span> <span class='ocrx_word' id='word_1_545' title='bbox 1332 1384 1419 1409; x_wconf 84' lang='lat' dir='ltr'>esset</span> <span class='ocrx_word' id='word_1_546' title='bbox 1435 1386 1546 1410; x_wconf 85' lang='lat' dir='ltr'>antea.</span> 
     </span>
    </p>

    <p class='ocr_par' dir='ltr' id='par_1_14' title="bbox 934 1421 1680 1715">
     <span class='ocr_line' id='line_1_96' title="bbox 980 1421 1680 1462; baseline 0.006 -11"><span class='ocrx_word' id='word_1_547' title='bbox 980 1421 1178 1452; x_wconf 58' lang='lat' dir='ltr'>Res-emere.</span> <span class='ocrx_word' id='word_1_548' title='bbox 1220 1423 1255 1452; x_wconf 90' lang='lat' dir='ltr'>in</span> <span class='ocrx_word' id='word_1_549' title='bbox 1294 1433 1328 1452; x_wconf 89' lang='lat' dir='ltr'>re</span> <span class='ocrx_word' id='word_1_550' title='bbox 1366 1424 1569 1462; x_wconf 83' lang='lat' dir='ltr'>pecuniaiia.</span> <span class='ocrx_word' id='word_1_551' title='bbox 1606 1424 1680 1456; x_wconf 84' lang='lat' dir='ltr'>Att.</span> 
     </span>
     <span class='ocr_line' id='line_1_97' title="bbox 935 1466 1679 1505; baseline 0.007 -11"><span class='ocrx_word' id='word_1_552' title='bbox 935 1466 998 1495; x_wconf 87' lang='lat' dir='ltr'>xvi.</span> <span class='ocrx_word' id='word_1_553' title='bbox 1028 1468 1058 1497; x_wconf 78' lang='grc'>,2.</span> <span class='ocrx_word' id='word_1_554' title='bbox 1099 1466 1228 1505; x_wconf 83' lang='lat' dir='ltr'>reliqua</span> <span class='ocrx_word' id='word_1_555' title='bbox 1258 1468 1493 1497; x_wconf 73' lang='lat' dir='ltr'>rescribamus.-</span> <span class='ocrx_word' id='word_1_556' title='bbox 1528 1467 1550 1497; x_wconf 91' lang='lat' dir='ltr'>i.</span> <span class='ocrx_word' id='word_1_557' title='bbox 1580 1478 1609 1499; x_wconf 89' lang='lat' dir='ltr'>e.</span> <span class='ocrx_word' id='word_1_558' title='bbox 1637 1473 1679 1500; x_wconf 85' lang='lat' dir='ltr'>ut</span> 
     </span>
     <span class='ocr_line' id='line_1_98' title="bbox 935 1510 1678 1549; baseline 0.004 -10"><span class='ocrx_word' id='word_1_559' title='bbox 935 1510 1065 1549; x_wconf 88' lang='lat' dir='ltr'>opinor,</span> <span class='ocrx_word' id='word_1_560' title='bbox 1082 1520 1195 1540; x_wconf 81' lang='lat' dir='ltr'>rursus</span> <span class='ocrx_word' id='word_1_561' title='bbox 1219 1511 1254 1540; x_wconf 89' lang='lat' dir='ltr'>in</span> <span class='ocrx_word' id='word_1_562' title='bbox 1278 1511 1404 1549; x_wconf 75' lang='lat' dir='ltr'>literas,</span> <span class='ocrx_word' id='word_1_563' title='bbox 1427 1511 1571 1549; x_wconf 84' lang='lat' dir='ltr'>tabulas,</span> <span class='ocrx_word' id='word_1_564' title='bbox 1592 1513 1678 1542; x_wconf 86' lang='lat' dir='ltr'>refe-</span> 
     </span>
     <span class='ocr_line' id='line_1_99' title="bbox 935 1553 1679 1594; baseline 0.007 -12"><span class='ocrx_word' id='word_1_565' title='bbox 935 1563 1060 1590; x_wconf 85' lang='lat' dir='ltr'>ramus,</span> <span class='ocrx_word' id='word_1_566' title='bbox 1077 1553 1140 1591; x_wconf 87' lang='lat' dir='ltr'>vel,</span> <span class='ocrx_word' id='word_1_567' title='bbox 1157 1554 1378 1594; x_wconf 84' lang='lat' dir='ltr'>syngrapham</span> <span class='ocrx_word' id='word_1_568' title='bbox 1404 1555 1534 1592; x_wconf 83' lang='lat' dir='ltr'>demus,</span> <span class='ocrx_word' id='word_1_569' title='bbox 1550 1560 1590 1586; x_wconf 85' lang='lat' dir='ltr'>nt</span> <span class='ocrx_word' id='word_1_570' title='bbox 1612 1556 1679 1587; x_wconf 91' lang='lat' dir='ltr'>alio</span> 
     </span>
     <span class='ocr_line' id='line_1_100' title="bbox 934 1597 1678 1638; baseline 0.007 -12"><span class='ocrx_word' id='word_1_571' title='bbox 934 1603 1086 1637; x_wconf 84' lang='lat' dir='ltr'>tempore</span> <span class='ocrx_word' id='word_1_572' title='bbox 1102 1597 1282 1629; x_wconf 84' lang='lat' dir='ltr'>solvamus.</span> <span class='ocrx_word' id='word_1_573' title='bbox 1313 1599 1448 1638; x_wconf 88' lang='lat' dir='ltr'>quidam</span> <span class='ocrx_word' id='word_1_574' title='bbox 1470 1599 1544 1629; x_wconf 89' lang='lat' dir='ltr'>libri</span> <span class='ocrx_word' id='word_1_575' title='bbox 1561 1607 1678 1631; x_wconf 87' lang='lat' dir='ltr'>autem</span> 
     </span>
     <span class='ocr_line' id='line_1_101' title="bbox 934 1641 1680 1682; baseline 0.007 -12"><span class='ocrx_word' id='word_1_576' title='bbox 934 1641 1060 1671; x_wconf 81' lang='lat' dir='ltr'>habent</span> <span class='ocrx_word' id='word_1_577' title='bbox 1081 1643 1338 1682; x_wconf 86' lang='lat' dir='ltr'>perscribamus,</span> <span class='ocrx_word' id='word_1_578' title='bbox 1363 1643 1481 1673; x_wconf 86' lang='lat' dir='ltr'>eodem</span> <span class='ocrx_word' id='word_1_579' title='bbox 1508 1643 1577 1674; x_wconf 87' lang='lat' dir='ltr'>fere</span> <span class='ocrx_word' id='word_1_580' title='bbox 1600 1654 1680 1676; x_wconf 87' lang='lat' dir='ltr'>sen-</span> 
     </span>
     <span class='ocr_line' id='line_1_102' title="bbox 934 1695 985 1715; baseline 0 0"><span class='ocrx_word' id='word_1_581' title='bbox 934 1695 985 1715; x_wconf 87' lang='lat' dir='ltr'>su.</span> 
     </span>
    </p>

    <p class='ocr_par' dir='ltr' id='par_1_15' title="bbox 933 1729 1680 2077">
     <span class='ocr_line' id='line_1_103' title="bbox 979 1729 1679 1769; baseline 0.004 -10"><span class='ocrx_word' id='word_1_582' title='bbox 979 1729 1177 1769; x_wconf 69' lang='lat' dir='ltr'>Rescriptus.</span> <span class='ocrx_word' id='word_1_583' title='bbox 1201 1729 1340 1760; x_wconf 88' lang='lat' dir='ltr'>Tuscul.</span> <span class='ocrx_word' id='word_1_584' title='bbox 1352 1730 1394 1760; x_wconf 92' lang='lat' dir='ltr'>iv.</span> <span class='ocrx_word' id='word_1_585' title='bbox 1408 1731 1438 1761; x_wconf 91' lang='grc'>2.</span> <span class='ocrx_word' id='word_1_586' title='bbox 1463 1734 1581 1761; x_wconf 87' lang='lat' dir='ltr'>cantus</span> <span class='ocrx_word' id='word_1_587' title='bbox 1596 1731 1679 1763; x_wconf 87' lang='lat' dir='ltr'>fuis-</span> 
     </span>
     <span class='ocr_line' id='line_1_104' title="bbox 1470 1775 1680 1807; baseline 0.014 -3"><span class='ocrx_word' id='word_1_588' title='bbox 1470 1775 1504 1805; x_wconf 90' lang='lat' dir='ltr'>Si</span> <span class='ocrx_word' id='word_1_589' title='bbox 1528 1785 1609 1806; x_wconf 83' lang='lat' dir='ltr'>sana</span> <span class='ocrx_word' id='word_1_590' title='bbox 1632 1776 1680 1807; x_wconf 80' lang='lat' dir='ltr'>le-</span> 
     </span>
     <span class='ocr_line' id='line_1_105' title="bbox 934 1818 1676 1858; baseline 0.007 -12"><span class='ocrx_word' id='word_1_591' title='bbox 934 1818 1002 1847; x_wconf 85' lang='lat' dir='ltr'>ctio</span> <span class='ocrx_word' id='word_1_592' title='bbox 1027 1822 1090 1856; x_wconf 84' lang='lat' dir='ltr'>est,</span> <span class='ocrx_word' id='word_1_593' title='bbox 1108 1818 1148 1847; x_wconf 92' lang='lat' dir='ltr'>de</span> <span class='ocrx_word' id='word_1_594' title='bbox 1172 1828 1237 1857; x_wconf 90' lang='lat' dir='ltr'>quo</span> <span class='ocrx_word' id='word_1_595' title='bbox 1262 1818 1419 1848; x_wconf 80' lang='lat' dir='ltr'>dubitant</span> <span class='ocrx_word' id='word_1_596' title='bbox 1440 1819 1501 1849; x_wconf 84' lang='lat' dir='ltr'>viri</span> <span class='ocrx_word' id='word_1_597' title='bbox 1524 1819 1628 1858; x_wconf 86' lang='lat' dir='ltr'>docti,</span> <span class='ocrx_word' id='word_1_598' title='bbox 1644 1831 1676 1852; x_wconf 79' lang='lat' dir='ltr'>v,</span> 
     </span>
     <span class='ocr_line' id='line_1_106' title="bbox 933 1861 1675 1895; baseline 0.005 -4"><span class='ocrx_word' id='word_1_599' title='bbox 933 1861 1056 1892; x_wconf 83' lang='lat' dir='ltr'>Bulier.</span> <span class='ocrx_word' id='word_1_600' title='bbox 1073 1861 1115 1892; x_wconf 87' lang='lat' dir='ltr'>ad</span> <span class='ocrx_word' id='word_1_601' title='bbox 1130 1861 1163 1892; x_wconf 91' lang='lat' dir='ltr'>h.</span> <span class='ocrx_word' id='word_1_602' title='bbox 1176 1861 1198 1892; x_wconf 89' lang='lat' dir='ltr'>l.</span> <span class='ocrx_word' id='word_1_603' title='bbox 1215 1871 1331 1892; x_wconf 85' lang='lat' dir='ltr'>sensus</span> <span class='ocrx_word' id='word_1_604' title='bbox 1347 1862 1400 1892; x_wconf 90' lang='lat' dir='ltr'>hic</span> <span class='ocrx_word' id='word_1_605' title='bbox 1417 1867 1467 1892; x_wconf 84' lang='lat' dir='ltr'>est</span> <span class='ocrx_word' id='word_1_606' title='bbox 1481 1876 1487 1892; x_wconf 89' lang='lat'>:</span> <span class='ocrx_word' id='word_1_607' title='bbox 1512 1867 1675 1895; x_wconf 87' lang='lat' dir='ltr'>cantuum</span> 
     </span>
     <span class='ocr_line' id='line_1_107' title="bbox 934 1905 1678 1946; baseline 0.005 -12"><span class='ocrx_word' id='word_1_608' title='bbox 934 1905 1069 1935; x_wconf 85' lang='lat' dir='ltr'>illorum</span> <span class='ocrx_word' id='word_1_609' title='bbox 1086 1911 1196 1936; x_wconf 86' lang='lat' dir='ltr'>certos</span> <span class='ocrx_word' id='word_1_610' title='bbox 1214 1906 1327 1936; x_wconf 86' lang='lat' dir='ltr'>modos</span> <span class='ocrx_word' id='word_1_611' title='bbox 1343 1906 1448 1936; x_wconf 83' lang='lat' dir='ltr'>factos</span> <span class='ocrx_word' id='word_1_612' title='bbox 1461 1916 1545 1944; x_wconf 87' lang='lat' dir='ltr'>esse,</span> <span class='ocrx_word' id='word_1_613' title='bbox 1558 1908 1678 1946; x_wconf 86' lang='lat' dir='ltr'>signis-</span> 
     </span>
     <span class='ocr_line' id='line_1_108' title="bbox 934 1950 1678 1990; baseline 0.005 -12"><span class='ocrx_word' id='word_1_614' title='bbox 934 1959 998 1988; x_wconf 87' lang='lat' dir='ltr'>que</span> <span class='ocrx_word' id='word_1_615' title='bbox 1015 1959 1200 1990; x_wconf 80' lang='lat' dir='ltr'>expressos,</span> <span class='ocrx_word' id='word_1_616' title='bbox 1217 1950 1305 1989; x_wconf 90' lang='lat' dir='ltr'>quod</span> <span class='ocrx_word' id='word_1_617' title='bbox 1328 1960 1386 1980; x_wconf 86' lang='lat' dir='ltr'>nos</span> <span class='ocrx_word' id='word_1_618' title='bbox 1411 1960 1568 1981; x_wconf 71' lang='lat' dir='ltr'>vocamus</span> <span class='ocrx_word' id='word_1_619' title='bbox 1586 1962 1678 1982; x_wconf 87' lang='lat' dir='ltr'>com-</span> 
     </span>
     <span class='ocr_line' id='line_1_109' title="bbox 933 1993 1677 2032; baseline 0.005 -10"><span class='ocrx_word' id='word_1_620' title='bbox 933 1993 1085 2032; x_wconf 89' lang='lat' dir='ltr'>poniren.</span> <span class='ocrx_word' id='word_1_621' title='bbox 1113 1993 1146 2024; x_wconf 74' lang='lat' dir='ltr'>J.</span> <span class='ocrx_word' id='word_1_622' title='bbox 1165 1994 1216 2024; x_wconf 90' lang='lat' dir='ltr'>Fr.</span> <span class='ocrx_word' id='word_1_623' title='bbox 1241 1993 1427 2024; x_wconf 85' lang='lat' dir='ltr'>Gronovius</span> <span class='ocrx_word' id='word_1_624' title='bbox 1450 2004 1534 2025; x_wconf 87' lang='lat' dir='ltr'>corr.</span> <span class='ocrx_word' id='word_1_625' title='bbox 1553 1995 1677 2026; x_wconf 85' lang='lat' dir='ltr'>descri-</span> 
     </span>
     <span class='ocr_line' id='line_1_110' title="bbox 933 2037 1436 2077; baseline 0.002 -11"><span class='ocrx_word' id='word_1_626' title='bbox 933 2044 1028 2077; x_wconf 84' lang='lat' dir='ltr'>ptos:</span> <span class='ocrx_word' id='word_1_627' title='bbox 1054 2037 1138 2067; x_wconf 83' lang='lat' dir='ltr'>alius</span> <span class='ocrx_word' id='word_1_628' title='bbox 1156 2038 1243 2068; x_wconf 81' lang='lat' dir='ltr'>notis</span> <span class='ocrx_word' id='word_1_629' title='bbox 1261 2048 1320 2077; x_wconf 89' lang='lat' dir='ltr'>pro</span> <span class='ocrx_word' id='word_1_630' title='bbox 1334 2038 1436 2068; x_wconf 89' lang='lat' dir='ltr'>sonis.</span> 
     </span>
    </p>

    <p class='ocr_par' dir='ltr' id='par_1_16' title="bbox 934 2081 1678 2166">
     <span class='ocr_line' id='line_1_111' title="bbox 979 2081 1678 2121; baseline 0.004 -10"><span class='ocrx_word' id='word_1_631' title='bbox 979 2081 1146 2111; x_wconf 59' lang='lat' dir='ltr'>[resecare.</span> <span class='ocrx_word' id='word_1_632' title='bbox 1159 2081 1189 2111; x_wconf 87' lang='lat' dir='ltr'><strong>T</strong></span> <span class='ocrx_word' id='word_1_633' title='bbox 1191 2091 1259 2112; x_wconf 82' lang='lat' dir='ltr'>use.</span> <span class='ocrx_word' id='word_1_634' title='bbox 1270 2082 1311 2111; x_wconf 85' lang='lat' dir='ltr'>iv.</span> <span class='ocrx_word' id='word_1_635' title='bbox 1325 2084 1378 2113; x_wconf 87' lang='grc'>21.</span> <span class='ocrx_word' id='word_1_636' title='bbox 1402 2082 1579 2113; x_wconf 76' lang='lat' dir='ltr'>resecanda</span> <span class='ocrx_word' id='word_1_637' title='bbox 1591 2092 1678 2121; x_wconf 82' lang='lat' dir='ltr'>esse,</span> 
     </span>
     <span class='ocr_line' id='line_1_112' title="bbox 934 2124 1390 2166; baseline 0.002 -12"><span class='ocrx_word' id='word_1_638' title='bbox 934 2124 1030 2154; x_wconf 75' lang='lat' dir='ltr'>evelli</span> <span class='ocrx_word' id='word_1_639' title='bbox 1047 2126 1182 2164; x_wconf 90' lang='lat' dir='ltr'>penitus</span> <span class='ocrx_word' id='word_1_640' title='bbox 1198 2135 1266 2155; x_wconf 86' lang='lat' dir='ltr'>non</span> <span class='ocrx_word' id='word_1_641' title='bbox 1283 2136 1390 2166; x_wconf 84' lang='lat' dir='ltr'>posse.</span> 
     </span>
    </p>

    <p class='ocr_par' dir='ltr' id='par_1_17' title="bbox 932 2168 1678 2550">
     <span class='ocr_line' id='line_1_113' title="bbox 978 2168 1677 2207; baseline 0.006 -9"><span class='ocrx_word' id='word_1_642' title='bbox 978 2168 1170 2207; x_wconf 60' lang='lat' dir='ltr'>Reswvare,</span> <span class='ocrx_word' id='word_1_643' title='bbox 1187 2179 1330 2207; x_wconf 83' lang='lat' dir='ltr'>servare,</span> <span class='ocrx_word' id='word_1_644' title='bbox 1352 2169 1508 2200; x_wconf 87' lang='lat' dir='ltr'>retinere.</span> <span class='ocrx_word' id='word_1_645' title='bbox 1541 2169 1677 2202; x_wconf 88' lang='lat' dir='ltr'>Cluent.</span> 
     </span>
     <span class='ocr_line' id='line_1_114' title="bbox 934 2212 1678 2246; baseline 0.004 -4.016"><span class='ocrx_word' id='word_1_646' title='bbox 934 2216 986 2246; x_wconf 90' lang='lat'>70.</span> <span class='ocrx_word' id='word_1_647' title='bbox 1018 2212 1101 2242; x_wconf 88' lang='lat' dir='ltr'>nihil</span> <span class='ocrx_word' id='word_1_648' title='bbox 1117 2213 1158 2243; x_wconf 90' lang='lat' dir='ltr'>ad</span> <span class='ocrx_word' id='word_1_649' title='bbox 1181 2213 1439 2244; x_wconf 87' lang='lat' dir='ltr'>similitudinem</span> <span class='ocrx_word' id='word_1_650' title='bbox 1463 2213 1608 2244; x_wconf 88' lang='lat' dir='ltr'>hominis</span> <span class='ocrx_word' id='word_1_651' title='bbox 1624 2226 1678 2246; x_wconf 77' lang='lat' dir='ltr'>re-</span> 
     </span>
     <span class='ocr_line' id='line_1_115' title="bbox 932 2257 1678 2295; baseline 0.004 -8"><span class='ocrx_word' id='word_1_652' title='bbox 932 2258 1084 2287; x_wconf 73' lang='lat' dir='ltr'>servarit.</span> <span class='ocrx_word' id='word_1_653' title='bbox 1115 2257 1156 2287; x_wconf 92' lang='lat' dir='ltr'>ad</span> <span class='ocrx_word' id='word_1_654' title='bbox 1182 2257 1258 2287; x_wconf 89' lang='lat' dir='ltr'>Div.</span> <span class='ocrx_word' id='word_1_655' title='bbox 1285 2268 1315 2288; x_wconf 89' lang='lat' dir='ltr'>v.</span> <span class='ocrx_word' id='word_1_656' title='bbox 1339 2261 1370 2288; x_wconf 88' lang='lat'>4.</span> <span class='ocrx_word' id='word_1_657' title='bbox 1409 2267 1464 2295; x_wconf 88' lang='lat' dir='ltr'>ne,</span> <span class='ocrx_word' id='word_1_658' title='bbox 1489 2267 1566 2288; x_wconf 86' lang='lat' dir='ltr'>cuni</span> <span class='ocrx_word' id='word_1_659' title='bbox 1596 2259 1678 2290; x_wconf 75' lang='lat' dir='ltr'>velis</span> 
     </span>
     <span class='ocr_line' id='line_1_116' title="bbox 933 2302 1678 2340; baseline 0.004 -10"><span class='ocrx_word' id='word_1_660' title='bbox 933 2310 1086 2331; x_wconf 90' lang='lat' dir='ltr'>revocare</span> <span class='ocrx_word' id='word_1_661' title='bbox 1112 2306 1248 2340; x_wconf 85' lang='lat' dir='ltr'>tempus</span> <span class='ocrx_word' id='word_1_662' title='bbox 1279 2302 1432 2331; x_wconf 89' lang='lat' dir='ltr'>omnium</span> <span class='ocrx_word' id='word_1_663' title='bbox 1469 2303 1678 2333; x_wconf 76' lang='lat' dir='ltr'>reservando-</span> 
     </span>
     <span class='ocr_line' id='line_1_117' title="bbox 933 2346 1676 2383; baseline 0.004 -9"><span class='ocrx_word' id='word_1_664' title='bbox 933 2355 1023 2381; x_wconf 74' lang='lat' dir='ltr'>ram,</span> <span class='ocrx_word' id='word_1_665' title='bbox 1045 2355 1135 2381; x_wconf 88' lang='lat' dir='ltr'>cum,</span> <span class='ocrx_word' id='word_1_666' title='bbox 1153 2346 1210 2383; x_wconf 88' lang='lat' dir='ltr'>qui</span> <span class='ocrx_word' id='word_1_667' title='bbox 1233 2350 1397 2382; x_wconf 83' lang='lat' dir='ltr'>servetur,</span> <span class='ocrx_word' id='word_1_668' title='bbox 1415 2355 1482 2375; x_wconf 90' lang='lat' dir='ltr'>non</span> <span class='ocrx_word' id='word_1_669' title='bbox 1506 2347 1583 2383; x_wconf 90' lang='lat' dir='ltr'>erit,</span> <span class='ocrx_word' id='word_1_670' title='bbox 1608 2356 1676 2377; x_wconf 89' lang='lat' dir='ltr'>non</span> 
     </span>
     <span class='ocr_line' id='line_1_118' title="bbox 932 2388 1678 2428; baseline 0.005 -11"><span class='ocrx_word' id='word_1_671' title='bbox 932 2390 1087 2428; x_wconf 86' lang='lat' dir='ltr'>possis.v.</span> <span class='ocrx_word' id='word_1_672' title='bbox 1102 2395 1172 2418; x_wconf 88' lang='lat' dir='ltr'>not.</span> <span class='ocrx_word' id='word_1_673' title='bbox 1190 2390 1208 2407; x_wconf 60' lang='lat' dir='ltr'>&gt;se</span> <span class='ocrx_word' id='word_1_674' title='bbox 1219 2388 1260 2428; x_wconf 72' lang='lat' dir='ltr'>Q.</span> <span class='ocrx_word' id='word_1_675' title='bbox 1272 2389 1324 2419; x_wconf 93' lang='lat' dir='ltr'>Fr.</span> <span class='ocrx_word' id='word_1_676' title='bbox 1337 2390 1382 2419; x_wconf 91' lang='lat' dir='ltr'>iii.</span> <span class='ocrx_word' id='word_1_677' title='bbox 1400 2392 1426 2419; x_wconf 92' lang='lat' dir='ltr'>l.</span> <span class='ocrx_word' id='word_1_678' title='bbox 1439 2400 1466 2419; x_wconf 89' lang='lat' dir='ltr'>c.</span> <span class='ocrx_word' id='word_1_679' title='bbox 1479 2390 1510 2420; x_wconf 86' lang='lat'>6.</span> <span class='ocrx_word' id='word_1_680' title='bbox 1525 2389 1678 2421; x_wconf 90' lang='lat' dir='ltr'>Minucio</span> 
     </span>
     <span class='ocr_line' id='line_1_119' title="bbox 934 2433 1676 2473; baseline 0.005 -12"><span class='ocrx_word' id='word_1_681' title='bbox 934 2433 1261 2462; x_wconf 72' lang='lat' dir='ltr'>nie—-o‘eservabams</span> <span class='ocrx_word' id='word_1_682' title='bbox 1301 2433 1334 2463; x_wconf 92' lang='lat' dir='ltr'>h.</span> <span class='ocrx_word' id='word_1_683' title='bbox 1372 2443 1402 2463; x_wconf 88' lang='lat' dir='ltr'>e.</span> <span class='ocrx_word' id='word_1_684' title='bbox 1440 2435 1676 2473; x_wconf 84' lang='lat' dir='ltr'>exspectabam</span> 
     </span>
     <span class='ocr_line' id='line_1_120' title="bbox 935 2477 1676 2517; baseline 0.005 -12"><span class='ocrx_word' id='word_1_685' title='bbox 935 2477 1208 2506; x_wconf 86' lang='lat' dir='ltr'>Minucium—ut</span> <span class='ocrx_word' id='word_1_686' title='bbox 1223 2486 1283 2516; x_wconf 86' lang='lat' dir='ltr'>per</span> <span class='ocrx_word' id='word_1_687' title='bbox 1298 2487 1376 2507; x_wconf 86' lang='lat' dir='ltr'>eum</span> <span class='ocrx_word' id='word_1_688' title='bbox 1392 2477 1586 2516; x_wconf 85' lang='lat' dir='ltr'>scriberem,</span> <span class='ocrx_word' id='word_1_689' title='bbox 1599 2488 1676 2517; x_wconf 82' lang='lat' dir='ltr'>quae</span> 
     </span>
     <span class='ocr_line' id='line_1_121' title="bbox 934 2520 1218 2550; baseline 0 0"><span class='ocrx_word' id='word_1_690' title='bbox 934 2521 1018 2550; x_wconf 83' lang='lat' dir='ltr'>scire</span> <span class='ocrx_word' id='word_1_691' title='bbox 1035 2524 1069 2550; x_wconf 89' lang='lat' dir='ltr'>te</span> <span class='ocrx_word' id='word_1_692' title='bbox 1086 2520 1218 2550; x_wconf 83' lang='lat' dir='ltr'>vellem.</span> 
     </span>
    </p>

    <p class='ocr_par' dir='ltr' id='par_1_18' title="bbox 934 2563 1708 2902">
     <span class='ocr_line' id='line_1_122' title="bbox 978 2563 1679 2605; baseline 0.004 -12"><span class='ocrx_word' id='word_1_693' title='bbox 978 2563 1150 2594; x_wconf 76' lang='lat' dir='ltr'>Residuus.</span> <span class='ocrx_word' id='word_1_694' title='bbox 1175 2564 1305 2594; x_wconf 90' lang='lat' dir='ltr'>Verrin.</span> <span class='ocrx_word' id='word_1_695' title='bbox 1321 2564 1368 2594; x_wconf 91' lang='lat' dir='ltr'>iii.</span> <span class='ocrx_word' id='word_1_696' title='bbox 1384 2567 1437 2598; x_wconf 83' lang='lat'>97.</span> <span class='ocrx_word' id='word_1_697' title='bbox 1467 2565 1546 2604; x_wconf 87' lang='lat' dir='ltr'>quid</span> <span class='ocrx_word' id='word_1_698' title='bbox 1565 2569 1679 2605; x_wconf 82' lang='lat' dir='ltr'>potest</span> 
     </span>
     <span class='ocr_line' id='line_1_123' title="bbox 934 2607 1679 2648; baseline 0.004 -11"><span class='ocrx_word' id='word_1_699' title='bbox 934 2617 1004 2638; x_wconf 82' lang='lat' dir='ltr'>esse</span> <span class='ocrx_word' id='word_1_700' title='bbox 1020 2608 1055 2637; x_wconf 90' lang='lat' dir='ltr'>in</span> <span class='ocrx_word' id='word_1_701' title='bbox 1072 2607 1264 2638; x_wconf 87' lang='lat' dir='ltr'>calamitate</span> <span class='ocrx_word' id='word_1_702' title='bbox 1280 2609 1402 2638; x_wconf 72' lang='lat' dir='ltr'>residui</span> <span class='ocrx_word' id='word_1_703' title='bbox 1413 2621 1422 2637; x_wconf 93' lang='grc'>.·</span> <span class='ocrx_word' id='word_1_704' title='bbox 1443 2608 1475 2638; x_wconf 91' lang='lat' dir='ltr'>h.</span> <span class='ocrx_word' id='word_1_705' title='bbox 1489 2619 1518 2638; x_wconf 88' lang='lat' dir='ltr'>e.</span> <span class='ocrx_word' id='word_1_706' title='bbox 1532 2619 1606 2648; x_wconf 84' lang='lat' dir='ltr'>quae</span> <span class='ocrx_word' id='word_1_707' title='bbox 1623 2620 1679 2640; x_wconf 92' lang='lat' dir='ltr'>ca-</span> 
     </span>
     <span class='ocr_line' id='line_1_124' title="bbox 935 2651 1678 2693; baseline 0.004 -12"><span class='ocrx_word' id='word_1_708' title='bbox 935 2651 1068 2682; x_wconf 84' lang='lat' dir='ltr'>lamitas</span> <span class='ocrx_word' id='word_1_709' title='bbox 1083 2655 1134 2681; x_wconf 86' lang='lat' dir='ltr'>est</span> <span class='ocrx_word' id='word_1_710' title='bbox 1157 2651 1295 2691; x_wconf 85' lang='lat' dir='ltr'>reliqua.</span> <span class='ocrx_word' id='word_1_711' title='bbox 1327 2652 1463 2682; x_wconf 82' lang='lat' dir='ltr'>Cluent.</span> <span class='ocrx_word' id='word_1_712' title='bbox 1479 2655 1532 2683; x_wconf 84' lang='lat'>34.</span> <span class='ocrx_word' id='word_1_713' title='bbox 1562 2653 1602 2683; x_wconf 86' lang='lat' dir='ltr'>de</span> <span class='ocrx_word' id='word_1_714' title='bbox 1619 2663 1678 2693; x_wconf 88' lang='lat' dir='ltr'>pe-</span> 
     </span>
     <span class='ocr_line' id='line_1_125' title="bbox 935 2695 1676 2736; baseline 0.005 -12"><span class='ocrx_word' id='word_1_715' title='bbox 935 2695 1042 2725; x_wconf 90' lang='lat' dir='ltr'>cuniis</span> <span class='ocrx_word' id='word_1_716' title='bbox 1057 2696 1195 2725; x_wconf 74' lang='lat' dir='ltr'>residuis</span> <span class='ocrx_word' id='word_1_717' title='bbox 1214 2705 1302 2725; x_wconf 87' lang='lat' dir='ltr'>reus.</span> <span class='ocrx_word' id='word_1_718' title='bbox 1349 2695 1500 2726; x_wconf 78' lang='lat' dir='ltr'>Residuoe</span> <span class='ocrx_word' id='word_1_719' title='bbox 1522 2698 1676 2736; x_wconf 81' lang='lat' dir='ltr'>pecuniae</span> 
     </span>
     <span class='ocr_line' id='line_1_126' title="bbox 934 2739 1699 2778; baseline 0.005 -10"><span class='ocrx_word' id='word_1_720' title='bbox 934 2743 1015 2769; x_wconf 86' lang='lat' dir='ltr'>sunt</span> <span class='ocrx_word' id='word_1_721' title='bbox 1037 2748 1098 2776; x_wconf 89' lang='lat' dir='ltr'>eae,</span> <span class='ocrx_word' id='word_1_722' title='bbox 1123 2749 1196 2778; x_wconf 90' lang='lat' dir='ltr'>quae</span> <span class='ocrx_word' id='word_1_723' title='bbox 1220 2739 1470 2778; x_wconf 85' lang='lat' dir='ltr'>magistratibus</span> <span class='ocrx_word' id='word_1_724' title='bbox 1495 2749 1534 2770; x_wconf 88' lang='lat' dir='ltr'>ex</span> <span class='ocrx_word' id='word_1_725' title='bbox 1558 2741 1676 2772; x_wconf 84' lang='lat' dir='ltr'>aerario</span> <span class='ocrx_word' id='word_1_726' title='bbox 1692 2753 1699 2757; x_wconf 71' lang='grc'><strong>-</strong></span> 
     </span>
     <span class='ocr_line' id='line_1_127' title="bbox 934 2783 1677 2823; baseline 0.004 -11"><span class='ocrx_word' id='word_1_727' title='bbox 934 2783 1021 2813; x_wconf 87' lang='lat' dir='ltr'>datae</span> <span class='ocrx_word' id='word_1_728' title='bbox 1045 2786 1139 2820; x_wconf 89' lang='lat' dir='ltr'>sunt,</span> <span class='ocrx_word' id='word_1_729' title='bbox 1162 2788 1202 2813; x_wconf 82' lang='lat' dir='ltr'>ut</span> <span class='ocrx_word' id='word_1_730' title='bbox 1227 2783 1262 2812; x_wconf 90' lang='lat' dir='ltr'>in</span> <span class='ocrx_word' id='word_1_731' title='bbox 1285 2793 1320 2813; x_wconf 89' lang='lat' dir='ltr'>re</span> <span class='ocrx_word' id='word_1_732' title='bbox 1345 2783 1478 2823; x_wconf 87' lang='lat' dir='ltr'>publica</span> <span class='ocrx_word' id='word_1_733' title='bbox 1499 2793 1677 2815; x_wconf 88' lang='lat' dir='ltr'>consume-</span> 
     </span>
     <span class='ocr_line' id='line_1_128' title="bbox 935 2826 1708 2868; baseline 0.005 -12"><span class='ocrx_word' id='word_1_734' title='bbox 935 2830 1066 2863; x_wconf 86' lang='lat' dir='ltr'>rentur,</span> <span class='ocrx_word' id='word_1_735' title='bbox 1095 2826 1136 2857; x_wconf 91' lang='lat' dir='ltr'>ab</span> <span class='ocrx_word' id='word_1_736' title='bbox 1163 2826 1202 2857; x_wconf 86' lang='lat' dir='ltr'>iis</span> <span class='ocrx_word' id='word_1_737' title='bbox 1228 2829 1341 2856; x_wconf 88' lang='lat' dir='ltr'>autem</span> <span class='ocrx_word' id='word_1_738' title='bbox 1369 2836 1549 2868; x_wconf 82' lang='lat' dir='ltr'>oppressae,</span> <span class='ocrx_word' id='word_1_739' title='bbox 1575 2833 1611 2859; x_wconf 86' lang='lat' dir='ltr'>et</span> <span class='ocrx_word' id='word_1_740' title='bbox 1639 2829 1676 2860; x_wconf 91' lang='lat' dir='ltr'>in</span> <span class='ocrx_word' id='word_1_741' title='bbox 1703 2846 1708 2853; x_wconf 89' lang='lat'>·</span> 
     </span>
     <span class='ocr_line' id='line_1_129' title="bbox 935 2875 1408 2902; baseline -0.002 0"><span class='ocrx_word' id='word_1_742' title='bbox 935 2880 1006 2902; x_wconf 83' lang='lat' dir='ltr'>rem</span> <span class='ocrx_word' id='word_1_743' title='bbox 1021 2879 1117 2900; x_wconf 88' lang='lat' dir='ltr'>suam</span> <span class='ocrx_word' id='word_1_744' title='bbox 1134 2880 1300 2901; x_wconf 85' lang='lat' dir='ltr'>eonversae</span> <span class='ocrx_word' id='word_1_745' title='bbox 1316 2875 1408 2901; x_wconf 86' lang='lat' dir='ltr'>sunt.</span> 
     </span>
    </p>
   </div>
   <div class='ocr_carea' id='block_1_7' title="bbox 980 2913 1676 2954">
    <p class='ocr_par' dir='ltr' id='par_1_19' title="bbox 980 2913 1676 2954">
     <span class='ocr_line' id='line_1_130' title="bbox 980 2913 1676 2954; baseline 0.003 -8"><span class='ocrx_word' id='word_1_746' title='bbox 980 2913 1173 2954; x_wconf 64' lang='lat' dir='ltr'>Resignare.</span> <span class='ocrx_word' id='word_1_747' title='bbox 1197 2914 1297 2946; x_wconf 86' lang='lat' dir='ltr'>Arch.</span> <span class='ocrx_word' id='word_1_748' title='bbox 1310 2917 1342 2947; x_wconf 88' lang='lat'>5.</span> <span class='ocrx_word' id='word_1_749' title='bbox 1364 2914 1467 2947; x_wconf 84' lang='lat' dir='ltr'>fidem</span> <span class='ocrx_word' id='word_1_750' title='bbox 1481 2915 1676 2948; x_wconf 74' lang='lat' dir='ltr'>tabularu-</span> 
     </span>
    </p>
   </div>
  </div>
 </body>
</html>
