<?xml version="1.0" encoding="UTF-8"?>
<!DOCTYPE html PUBLIC "-//W3C//DTD XHTML 1.0 Transitional//EN"
    "http://www.w3.org/TR/xhtml1/DTD/xhtml1-transitional.dtd">
<html xmlns="http://www.w3.org/1999/xhtml" xml:lang="en" lang="en">
 <head>
  <title>
</title>
<meta http-equiv="Content-Type" content="text/html;charset=utf-8" />
  <meta name='ocr-system' content='tesseract 3.04.00' />
  <meta name='ocr-capabilities' content='ocr_page ocr_carea ocr_par ocr_line ocrx_word'/>
</head>
<body>
  <div class='ocr_page' id='page_1' title='image "./clavisciceronian00erneuoft/clavisciceronian00erneuoft_0521.png"; bbox 0 0 1920 3196; ppageno 0'>
   <div class='ocr_carea' id='block_1_1' title="bbox 0 0 53 3196">
    <p class='ocr_par' dir='ltr' id='par_1_1' title="bbox 0 0 53 3196">
     <span class='ocr_line' id='line_1_1' title="bbox 0 0 53 3196; baseline 0 0"><span class='ocrx_word' id='word_1_1' title='bbox 0 0 53 3196; x_wconf 95' lang='lat' dir='ltr'> </span> 
     </span>
    </p>
   </div>
   <div class='ocr_carea' id='block_1_2' title="bbox 643 100 1277 132">
    <p class='ocr_par' dir='ltr' id='par_1_2' title="bbox 643 100 1277 132">
     <span class='ocr_line' id='line_1_2' title="bbox 643 100 1277 132; baseline 0.003 -2"><span class='ocrx_word' id='word_1_2' title='bbox 643 101 805 131; x_wconf 76' lang='lat' dir='ltr'><strong>INDEX</strong></span> <span class='ocrx_word' id='word_1_3' title='bbox 841 100 1277 132; x_wconf 70' lang='lat' dir='ltr'>GRAEco-LA&#39;HNUS.</span> 
     </span>
    </p>
   </div>
   <div class='ocr_carea' id='block_1_3' title="bbox 194 183 937 2901">
    <p class='ocr_par' dir='ltr' id='par_1_3' title="bbox 211 183 937 300">
     <span class='ocr_line' id='line_1_3' title="bbox 215 183 936 228; baseline 0.006 -13"><span class='ocrx_word' id='word_1_4' title='bbox 215 184 330 224; x_wconf 77' lang='lat' dir='ltr'>ignota</span> <span class='ocrx_word' id='word_1_5' title='bbox 343 183 383 215; x_wconf 85' lang='lat' dir='ltr'>iis</span> <span class='ocrx_word' id='word_1_6' title='bbox 397 194 459 216; x_wconf 86' lang='lat' dir='ltr'>vox</span> <span class='ocrx_word' id='word_1_7' title='bbox 473 184 625 223; x_wconf 65' lang='grc' dir='ltr'><strong><em>σι’λλυξος,</em></strong></span> <span class='ocrx_word' id='word_1_8' title='bbox 638 192 675 217; x_wconf 90' lang='lat' dir='ltr'>ut</span> <span class='ocrx_word' id='word_1_9' title='bbox 689 191 879 228; x_wconf 81' lang='lat' dir='ltr'>cormptam</span> <span class='ocrx_word' id='word_1_10' title='bbox 889 189 936 219; x_wconf 92' lang='lat' dir='ltr'>le—</span> 
     </span>
     <span class='ocr_line' id='line_1_4' title="bbox 213 228 937 264; baseline 0.008 -8"><span class='ocrx_word' id='word_1_11' title='bbox 213 228 373 264; x_wconf 76' lang='lat' dir='ltr'>ctionem,</span> <span class='ocrx_word' id='word_1_12' title='bbox 389 228 468 258; x_wconf 83' lang='lat' dir='ltr'>etin</span> <span class='ocrx_word' id='word_1_13' title='bbox 483 230 636 263; x_wconf 60' lang='grc' dir='ltr'>συλλέξας</span> <span class='ocrx_word' id='word_1_14' title='bbox 652 230 844 260; x_wconf 81' lang='lat' dir='ltr'>mutandam</span> <span class='ocrx_word' id='word_1_15' title='bbox 861 240 937 262; x_wconf 88' lang='lat' dir='ltr'>cen-</span> 
     </span>
     <span class='ocr_line' id='line_1_5' title="bbox 211 275 334 300; baseline -0.016 0"><span class='ocrx_word' id='word_1_16' title='bbox 211 275 334 300; x_wconf 71' lang='lat' dir='ltr'>serent.</span> 
     </span>
    </p>

    <p class='ocr_par' dir='ltr' id='par_1_4' title="bbox 253 311 906 352">
     <span class='ocr_line' id='line_1_6' title="bbox 253 311 906 352; baseline 0.008 -12"><span class='ocrx_word' id='word_1_17' title='bbox 253 311 413 351; x_wconf 75' lang='grc' dir='ltr'><strong><em>σύλλογος,</em></strong></span> <span class='ocrx_word' id='word_1_18' title='bbox 428 320 614 352; x_wconf 82' lang='lat' dir='ltr'>conventus,</span> <span class='ocrx_word' id='word_1_19' title='bbox 630 314 670 345; x_wconf 83' lang='lat' dir='ltr'>ad</span> <span class='ocrx_word' id='word_1_20' title='bbox 683 314 754 344; x_wconf 83' lang='lat' dir='ltr'>Att.</span> <span class='ocrx_word' id='word_1_21' title='bbox 770 314 839 345; x_wconf 87' lang='lat' dir='ltr'>xiii.</span> <span class='ocrx_word' id='word_1_22' title='bbox 854 316 906 344; x_wconf 84' lang='lat'><strong>32.</strong></span> 
     </span>
    </p>

    <p class='ocr_par' dir='ltr' id='par_1_5' title="bbox 252 354 902 394">
     <span class='ocr_line' id='line_1_7' title="bbox 252 354 902 394; baseline 0.005 -11"><span class='ocrx_word' id='word_1_23' title='bbox 252 354 418 392; x_wconf 65' lang='lat' dir='ltr'>copel-ms,</span> <span class='ocrx_word' id='word_1_24' title='bbox 432 358 606 394; x_wconf 60' lang='lat' dir='ltr'>convictus,</span> <span class='ocrx_word' id='word_1_25' title='bbox 623 358 662 387; x_wconf 83' lang='lat' dir='ltr'>ad</span> <span class='ocrx_word' id='word_1_26' title='bbox 678 358 748 387; x_wconf 87' lang='lat' dir='ltr'>Att.</span> <span class='ocrx_word' id='word_1_27' title='bbox 767 357 834 386; x_wconf 81' lang='lat' dir='ltr'>xiii.</span> <span class='ocrx_word' id='word_1_28' title='bbox 851 359 902 387; x_wconf 81' lang='lat'><strong>23.</strong></span> 
     </span>
    </p>

    <p class='ocr_par' dir='ltr' id='par_1_6' title="bbox 210 397 934 469">
     <span class='ocr_line' id='line_1_8' title="bbox 252 397 934 437; baseline -0.001 -9"><span class='ocrx_word' id='word_1_29' title='bbox 252 397 430 436; x_wconf 69' lang='grc' dir='ltr'><strong><em>σνμέιώτης,</em></strong></span> <span class='ocrx_word' id='word_1_30' title='bbox 442 402 616 437; x_wconf 54' lang='lat' dir='ltr'>conwoion</span> <span class='ocrx_word' id='word_1_31' title='bbox 631 400 778 435; x_wconf 75' lang='lat' dir='ltr'>conviva,</span> <span class='ocrx_word' id='word_1_32' title='bbox 795 399 835 429; x_wconf 86' lang='lat' dir='ltr'>ad</span> <span class='ocrx_word' id='word_1_33' title='bbox 859 398 934 429; x_wconf 81' lang='lat' dir='ltr'>Div.</span> 
     </span>
     <span class='ocr_line' id='line_1_9' title="bbox 210 439 325 469; baseline 0 0"><span class='ocrx_word' id='word_1_34' title='bbox 210 439 254 469; x_wconf 87' lang='lat' dir='ltr'>ix.</span> <span class='ocrx_word' id='word_1_35' title='bbox 277 442 325 469; x_wconf 92' lang='grc'>10.</span> 
     </span>
    </p>

    <p class='ocr_par' dir='ltr' id='par_1_7' title="bbox 251 480 658 525">
     <span class='ocr_line' id='line_1_10' title="bbox 251 480 658 525; baseline 0.007 -14"><span class='ocrx_word' id='word_1_36' title='bbox 251 480 406 519; x_wconf 62' lang='grc' dir='ltr'><strong><em>σύμβολον,</em></strong></span> <span class='ocrx_word' id='word_1_37' title='bbox 422 487 512 520; x_wconf 79' lang='lat' dir='ltr'>noea,</span> <span class='ocrx_word' id='word_1_38' title='bbox 528 484 612 525; x_wconf 94' lang='lat' dir='ltr'>Top.</span> <span class='ocrx_word' id='word_1_39' title='bbox 629 487 658 514; x_wconf 74' lang='lat'><strong>8.</strong></span> 
     </span>
    </p>

    <p class='ocr_par' dir='ltr' id='par_1_8' title="bbox 210 525 934 608">
     <span class='ocr_line' id='line_1_11' title="bbox 250 525 934 566; baseline 0.001 -12"><span class='ocrx_word' id='word_1_40' title='bbox 250 525 487 563; x_wconf 64' lang='grc' dir='ltr'><strong><em>σκιαξυλευινικόν,</em></strong></span> <span class='ocrx_word' id='word_1_41' title='bbox 506 528 629 557; x_wconf 54' lang='lat' dir='ltr'>consilii</span> <span class='ocrx_word' id='word_1_42' title='bbox 646 528 795 566; x_wconf 71' lang='lat' dir='ltr'>plenum,</span> <span class='ocrx_word' id='word_1_43' title='bbox 816 526 861 556; x_wconf 81' lang='lat' dir='ltr'>ad</span> <span class='ocrx_word' id='word_1_44' title='bbox 882 526 934 555; x_wconf 82' lang='lat' dir='ltr'>de-</span> 
     </span>
     <span class='ocr_line' id='line_1_12' title="bbox 210 567 843 608; baseline 0.005 -13"><span class='ocrx_word' id='word_1_45' title='bbox 210 567 431 598; x_wconf 69' lang='lat' dir='ltr'>liberationem</span> <span class='ocrx_word' id='word_1_46' title='bbox 445 574 571 608; x_wconf 79' lang='lat' dir='ltr'>aptum.</span> <span class='ocrx_word' id='word_1_47' title='bbox 585 570 626 600; x_wconf 88' lang='lat' dir='ltr'>ad</span> <span class='ocrx_word' id='word_1_48' title='bbox 639 570 709 599; x_wconf 78' lang='lat' dir='ltr'>Att.</span> <span class='ocrx_word' id='word_1_49' title='bbox 721 570 776 598; x_wconf 80' lang='lat' dir='ltr'>xii.</span> <span class='ocrx_word' id='word_1_50' title='bbox 792 572 843 599; x_wconf 76' lang='lat'><strong>40.</strong></span> 
     </span>
    </p>

    <p class='ocr_par' dir='ltr' id='par_1_9' title="bbox 207 610 934 769">
     <span class='ocr_line' id='line_1_13' title="bbox 249 610 934 648; baseline 0.001 -9"><span class='ocrx_word' id='word_1_51' title='bbox 249 610 438 648; x_wconf 56' lang='grc' dir='ltr'><strong><em>συμπάθεια,</em></strong></span> <span class='ocrx_word' id='word_1_52' title='bbox 465 622 633 642; x_wconf 77' lang='lat' dir='ltr'>consensus</span> <span class='ocrx_word' id='word_1_53' title='bbox 659 616 801 648; x_wconf 66' lang='lat' dir='ltr'>naturae,</span> <span class='ocrx_word' id='word_1_54' title='bbox 824 620 934 641; x_wconf 70' lang='lat' dir='ltr'>comve-</span> 
     </span>
     <span class='ocr_line' id='line_1_14' title="bbox 207 652 932 696; baseline 0.004 -15"><span class='ocrx_word' id='word_1_55' title='bbox 207 652 336 682; x_wconf 64' lang='lat' dir='ltr'>aientia</span> <span class='ocrx_word' id='word_1_56' title='bbox 350 659 381 684; x_wconf 83' lang='lat' dir='ltr'>et</span> <span class='ocrx_word' id='word_1_57' title='bbox 392 653 577 696; x_wconf 77' lang='lat' dir='ltr'>conjunctio</span> <span class='ocrx_word' id='word_1_58' title='bbox 591 659 734 691; x_wconf 64' lang='grc' dir='ltr'><strong><em>παίειν-α’,</em></strong></span> <span class='ocrx_word' id='word_1_59' title='bbox 749 654 788 684; x_wconf 80' lang='lat' dir='ltr'>ad</span> <span class='ocrx_word' id='word_1_60' title='bbox 803 655 874 685; x_wconf 76' lang='lat' dir='ltr'>Att.</span> <span class='ocrx_word' id='word_1_61' title='bbox 890 654 932 684; x_wconf 90' lang='lat' dir='ltr'>iv.</span> 
     </span>
     <span class='ocr_line' id='line_1_15' title="bbox 214 695 932 735; baseline 0.006 -12"><span class='ocrx_word' id='word_1_62' title='bbox 214 697 261 728; x_wconf 81' lang='grc'>17.</span> <span class='ocrx_word' id='word_1_63' title='bbox 305 695 354 725; x_wconf 87' lang='lat' dir='ltr'>Ea</span> <span class='ocrx_word' id='word_1_64' title='bbox 379 697 485 735; x_wconf 89' lang='lat' dir='ltr'>qualis</span> <span class='ocrx_word' id='word_1_65' title='bbox 512 697 568 735; x_wconf 83' lang='lat' dir='ltr'>sit,</span> <span class='ocrx_word' id='word_1_66' title='bbox 590 696 727 727; x_wconf 84' lang='lat' dir='ltr'>docetur</span> <span class='ocrx_word' id='word_1_67' title='bbox 751 696 790 727; x_wconf 84' lang='lat' dir='ltr'>de</span> <span class='ocrx_word' id='word_1_68' title='bbox 819 697 932 729; x_wconf 89' lang='lat' dir='ltr'>Divin.</span> 
     </span>
     <span class='ocr_line' id='line_1_16' title="bbox 211 737 334 769; baseline 0.024 -3"><span class='ocrx_word' id='word_1_69' title='bbox 211 737 234 767; x_wconf 88' lang='lat'><strong>1.</strong></span> <span class='ocrx_word' id='word_1_70' title='bbox 250 738 284 767; x_wconf 86' lang='lat' dir='ltr'>ii.</span> <span class='ocrx_word' id='word_1_71' title='bbox 302 739 334 769; x_wconf 82' lang='lat'><strong>6.</strong></span> 
     </span>
    </p>

    <p class='ocr_par' dir='ltr' id='par_1_10' title="bbox 206 782 932 939">
     <span class='ocr_line' id='line_1_17' title="bbox 250 782 932 819; baseline 0.001 -9"><span class='ocrx_word' id='word_1_72' title='bbox 250 782 438 819; x_wconf 62' lang='grc' dir='ltr'><strong><em>συμτοίθειιι,</em></strong></span> <span class='ocrx_word' id='word_1_73' title='bbox 461 783 566 813; x_wconf 78' lang='lat' dir='ltr'>animi</span> <span class='ocrx_word' id='word_1_74' title='bbox 587 783 754 813; x_wconf 77' lang='lat' dir='ltr'><em>commotio</em></span> <span class='ocrx_word' id='word_1_75' title='bbox 782 791 822 812; x_wconf 69' lang='lat' dir='ltr'>ez·</span> <span class='ocrx_word' id='word_1_76' title='bbox 846 791 932 811; x_wconf 84' lang='lat' dir='ltr'>com—</span> 
     </span>
     <span class='ocr_line' id='line_1_18' title="bbox 208 824 932 862; baseline 0.003 -10"><span class='ocrx_word' id='word_1_77' title='bbox 208 824 428 862; x_wconf 77' lang='lat' dir='ltr'>miseratione,</span> <span class='ocrx_word' id='word_1_78' title='bbox 454 826 572 856; x_wconf 81' lang='lat' dir='ltr'>doloris</span> <span class='ocrx_word' id='word_1_79' title='bbox 594 833 773 855; x_wconf 77' lang='lat' dir='ltr'>cousensus.</span> <span class='ocrx_word' id='word_1_80' title='bbox 798 825 839 855; x_wconf 85' lang='lat' dir='ltr'>ad</span> <span class='ocrx_word' id='word_1_81' title='bbox 861 825 932 854; x_wconf 75' lang='lat' dir='ltr'>Att.</span> 
     </span>
     <span class='ocr_line' id='line_1_19' title="bbox 206 865 932 900; baseline 0.004 -6"><span class='ocrx_word' id='word_1_82' title='bbox 206 865 251 896; x_wconf 89' lang='lat' dir='ltr'>iv.</span> <span class='ocrx_word' id='word_1_83' title='bbox 272 869 320 897; x_wconf 87' lang='lat'>15.</span> <span class='ocrx_word' id='word_1_84' title='bbox 335 877 366 897; x_wconf 81' lang='lat' dir='ltr'><strong>v.</strong></span> <span class='ocrx_word' id='word_1_85' title='bbox 386 869 434 898; x_wconf 85' lang='grc'>18.</span> <span class='ocrx_word' id='word_1_86' title='bbox 457 878 488 899; x_wconf 89' lang='lat' dir='ltr'>x.</span> <span class='ocrx_word' id='word_1_87' title='bbox 506 871 536 899; x_wconf 81' lang='lat'><strong>8.</strong></span> <span class='ocrx_word' id='word_1_88' title='bbox 564 867 643 899; x_wconf 88' lang='lat' dir='ltr'>Nat.</span> <span class='ocrx_word' id='word_1_89' title='bbox 658 866 702 897; x_wconf 91' lang='lat' dir='ltr'>D.</span> <span class='ocrx_word' id='word_1_90' title='bbox 718 868 766 900; x_wconf 88' lang='lat' dir='ltr'>iii.</span> <span class='ocrx_word' id='word_1_91' title='bbox 787 870 834 898; x_wconf 94' lang='grc'>11.</span> <span class='ocrx_word' id='word_1_92' title='bbox 856 868 932 898; x_wconf 91' lang='lat' dir='ltr'>Div.</span> 
     </span>
     <span class='ocr_line' id='line_1_20' title="bbox 209 907 311 939; baseline 0.02 -3"><span class='ocrx_word' id='word_1_93' title='bbox 209 907 245 938; x_wconf 88' lang='lat' dir='ltr'>ii.</span> <span class='ocrx_word' id='word_1_94' title='bbox 261 909 311 939; x_wconf 91' lang='grc'>60.</span> 
     </span>
    </p>

    <p class='ocr_par' dir='ltr' id='par_1_11' title="bbox 196 952 932 1034">
     <span class='ocr_line' id='line_1_21' title="bbox 250 952 932 991; baseline 0.004 -10"><span class='ocrx_word' id='word_1_95' title='bbox 250 952 431 991; x_wconf 58' lang='grc' dir='ltr'><strong><em>συμπαθῶς,</em></strong></span> <span class='ocrx_word' id='word_1_96' title='bbox 446 963 522 984; x_wconf 86' lang='lat' dir='ltr'>cum</span> <span class='ocrx_word' id='word_1_97' title='bbox 541 954 648 984; x_wconf 80' lang='lat' dir='ltr'>animi</span> <span class='ocrx_word' id='word_1_98' title='bbox 667 954 816 984; x_wconf 74' lang='lat' dir='ltr'>commoti</span> <span class='ocrx_word' id='word_1_99' title='bbox 831 954 932 991; x_wconf 77' lang='lat' dir='ltr'>signi-</span> 
     </span>
     <span class='ocr_line' id='line_1_22' title="bbox 196 993 764 1034; baseline 0.007 -11"><span class='ocrx_word' id='word_1_100' title='bbox 196 993 371 1034; x_wconf 81' lang='lat' dir='ltr'>ficatione.</span> <span class='ocrx_word' id='word_1_101' title='bbox 389 995 429 1025; x_wconf 90' lang='lat' dir='ltr'>ad</span> <span class='ocrx_word' id='word_1_102' title='bbox 443 996 515 1027; x_wconf 81' lang='lat' dir='ltr'>Att.</span> <span class='ocrx_word' id='word_1_103' title='bbox 531 1006 561 1027; x_wconf 91' lang='lat' dir='ltr'><strong>v.</strong></span> <span class='ocrx_word' id='word_1_104' title='bbox 581 999 628 1026; x_wconf 92' lang='grc'>11.</span> <span class='ocrx_word' id='word_1_105' title='bbox 644 997 698 1028; x_wconf 83' lang='lat' dir='ltr'>xii.</span> <span class='ocrx_word' id='word_1_106' title='bbox 712 998 764 1027; x_wconf 83' lang='lat'><strong>44.</strong></span> 
     </span>
    </p>

    <p class='ocr_par' dir='ltr' id='par_1_12' title="bbox 249 1038 931 1081">
     <span class='ocr_line' id='line_1_23' title="bbox 249 1038 931 1081; baseline 0.003 -15"><span class='ocrx_word' id='word_1_107' title='bbox 249 1038 437 1078; x_wconf 64' lang='grc' dir='ltr'><strong><em>σνμτοίσχω,</em></strong></span> <span class='ocrx_word' id='word_1_108' title='bbox 459 1048 530 1069; x_wconf 79' lang='lat' dir='ltr'>una</span> <span class='ocrx_word' id='word_1_109' title='bbox 552 1038 692 1081; x_wconf 81' lang='lat' dir='ltr'>afficior,</span> <span class='ocrx_word' id='word_1_110' title='bbox 717 1038 758 1070; x_wconf 89' lang='lat' dir='ltr'>ad</span> <span class='ocrx_word' id='word_1_111' title='bbox 777 1039 850 1069; x_wconf 83' lang='lat' dir='ltr'>Att.</span> <span class='ocrx_word' id='word_1_112' title='bbox 876 1038 931 1069; x_wconf 80' lang='lat' dir='ltr'>xii.</span> 
     </span>
    </p>

    <p class='ocr_par' dir='ltr' id='par_1_13' title="bbox 206 1122 931 1196">
     <span class='ocr_line' id='line_1_24' title="bbox 248 1122 931 1162; baseline 0.003 -11"><span class='ocrx_word' id='word_1_113' title='bbox 248 1122 409 1160; x_wconf 66' lang='grc' dir='ltr'><strong><em>συμπὸσιοι,</em></strong></span> <span class='ocrx_word' id='word_1_114' title='bbox 433 1124 691 1162; x_wconf 76' lang='lat' dir='ltr'>compotationes.</span> <span class='ocrx_word' id='word_1_115' title='bbox 720 1123 761 1154; x_wconf 89' lang='lat' dir='ltr'>ad</span> <span class='ocrx_word' id='word_1_116' title='bbox 787 1123 864 1154; x_wconf 89' lang='lat' dir='ltr'>Div.</span> <span class='ocrx_word' id='word_1_117' title='bbox 889 1123 931 1153; x_wconf 83' lang='lat' dir='ltr'>ix.</span> 
     </span>
     <span class='ocr_line' id='line_1_25' title="bbox 206 1164 523 1196; baseline 0.003 -1"><span class='ocrx_word' id='word_1_118' title='bbox 206 1166 260 1196; x_wconf 70' lang='lat'><strong>24.</strong></span> <span class='ocrx_word' id='word_1_119' title='bbox 278 1164 319 1195; x_wconf 87' lang='lat' dir='ltr'>ad</span> <span class='ocrx_word' id='word_1_120' title='bbox 333 1165 404 1195; x_wconf 80' lang='lat' dir='ltr'>Atr.</span> <span class='ocrx_word' id='word_1_121' title='bbox 421 1166 454 1196; x_wconf 77' lang='grc' dir='ltr'><strong>ὶ-ὶ.</strong></span> <span class='ocrx_word' id='word_1_122' title='bbox 476 1167 523 1196; x_wconf 79' lang='lat'><strong>152.</strong></span> 
     </span>
    </p>

    <p class='ocr_par' dir='ltr' id='par_1_14' title="bbox 205 1206 931 1286">
     <span class='ocr_line' id='line_1_26' title="bbox 247 1206 931 1248; baseline 0.003 -12"><span class='ocrx_word' id='word_1_123' title='bbox 247 1206 493 1247; x_wconf 73' lang='grc' dir='ltr'><strong><em>συμφιλοδοξὲσιν,</em></strong></span> <span class='ocrx_word' id='word_1_124' title='bbox 510 1209 613 1240; x_wconf 79' lang='lat' dir='ltr'>simul</span> <span class='ocrx_word' id='word_1_125' title='bbox 630 1209 745 1248; x_wconf 76' lang='lat' dir='ltr'>glorioe</span> <span class='ocrx_word' id='word_1_126' title='bbox 767 1217 845 1239; x_wconf 81' lang='lat' dir='ltr'>meoe</span> <span class='ocrx_word' id='word_1_127' title='bbox 865 1217 931 1238; x_wconf 84' lang='lat' dir='ltr'>ser-</span> 
     </span>
     <span class='ocr_line' id='line_1_27' title="bbox 205 1250 569 1286; baseline 0.005 -7"><span class='ocrx_word' id='word_1_128' title='bbox 205 1250 313 1286; x_wconf 70' lang='lat' dir='ltr'>viunt,</span> <span class='ocrx_word' id='word_1_129' title='bbox 330 1251 371 1280; x_wconf 92' lang='lat' dir='ltr'>ad</span> <span class='ocrx_word' id='word_1_130' title='bbox 384 1251 455 1281; x_wconf 70' lang='lat' dir='ltr'>Act.</span> <span class='ocrx_word' id='word_1_131' title='bbox 472 1261 502 1281; x_wconf 90' lang='lat' dir='ltr'><strong>v.</strong></span> <span class='ocrx_word' id='word_1_132' title='bbox 521 1254 569 1285; x_wconf 88' lang='grc'>17.</span> 
     </span>
    </p>

    <p class='ocr_par' dir='ltr' id='par_1_15' title="bbox 207 1291 932 1376">
     <span class='ocr_line' id='line_1_28' title="bbox 248 1291 932 1335; baseline -0.001 -13"><span class='ocrx_word' id='word_1_133' title='bbox 248 1296 486 1333; x_wconf 64' lang='grc' dir='ltr'><strong><em>σομφιλολοιγεῖν,</em></strong></span> <span class='ocrx_word' id='word_1_134' title='bbox 505 1294 545 1324; x_wconf 83' lang='lat' dir='ltr'>de</span> <span class='ocrx_word' id='word_1_135' title='bbox 567 1294 670 1324; x_wconf 77' lang='lat' dir='ltr'>literis</span> <span class='ocrx_word' id='word_1_136' title='bbox 691 1295 868 1335; x_wconf 73' lang='lat' dir='ltr'>disputare.</span> <span class='ocrx_word' id='word_1_137' title='bbox 891 1291 932 1322; x_wconf 88' lang='lat' dir='ltr'>ad</span> 
     </span>
     <span class='ocr_line' id='line_1_29' title="bbox 207 1335 676 1376; baseline 0.002 -10"><span class='ocrx_word' id='word_1_138' title='bbox 207 1335 284 1366; x_wconf 85' lang='lat' dir='ltr'>Div.</span> <span class='ocrx_word' id='word_1_139' title='bbox 300 1337 365 1366; x_wconf 79' lang='lat' dir='ltr'>xvi.</span> <span class='ocrx_word' id='word_1_140' title='bbox 382 1338 434 1367; x_wconf 75' lang='lat'><strong>⁶21.</strong></span> <span class='ocrx_word' id='word_1_141' title='bbox 451 1347 481 1366; x_wconf 90' lang='grc' dir='ltr'>ν.</span> <span class='ocrx_word' id='word_1_142' title='bbox 497 1338 676 1376; x_wconf 75' lang='grc' dir='ltr'>φιλολογεῖν.</span> 
     </span>
    </p>

    <p class='ocr_par' dir='ltr' id='par_1_16' title="bbox 206 1377 930 1452">
     <span class='ocr_line' id='line_1_30' title="bbox 247 1377 930 1418; baseline 0 -10"><span class='ocrx_word' id='word_1_143' title='bbox 247 1379 417 1418; x_wconf 69' lang='grc' dir='ltr'><strong><em>συναγωγὴ,</em></strong></span> <span class='ocrx_word' id='word_1_144' title='bbox 443 1380 596 1416; x_wconf 79' lang='lat' dir='ltr'><em>collectio,</em></span> <span class='ocrx_word' id='word_1_145' title='bbox 617 1381 780 1416; x_wconf 79' lang='lat' dir='ltr'>volumen,</span> <span class='ocrx_word' id='word_1_146' title='bbox 797 1377 839 1409; x_wconf 86' lang='lat' dir='ltr'>ad</span> <span class='ocrx_word' id='word_1_147' title='bbox 859 1377 930 1408; x_wconf 87' lang='lat' dir='ltr'>Att.</span> 
     </span>
     <span class='ocr_line' id='line_1_31' title="bbox 206 1421 446 1452; baseline 0.008 -2"><span class='ocrx_word' id='word_1_148' title='bbox 206 1421 252 1450; x_wconf 77' lang='lat' dir='ltr'>ix.</span> <span class='ocrx_word' id='word_1_149' title='bbox 270 1424 319 1452; x_wconf 87' lang='lat'><strong>13.</strong></span> <span class='ocrx_word' id='word_1_150' title='bbox 335 1423 399 1451; x_wconf 87' lang='lat' dir='ltr'>xvi.</span> <span class='ocrx_word' id='word_1_151' title='bbox 415 1424 446 1452; x_wconf 85' lang='lat'><strong>5.</strong></span> 
     </span>
    </p>

    <p class='ocr_par' dir='ltr' id='par_1_17' title="bbox 245 1462 930 1502">
     <span class='ocr_line' id='line_1_32' title="bbox 245 1462 930 1502; baseline 0 -8"><span class='ocrx_word' id='word_1_152' title='bbox 245 1463 405 1502; x_wconf 59' lang='grc' dir='ltr'><strong><em>σύνδειπνοι,</em></strong></span> <span class='ocrx_word' id='word_1_153' title='bbox 433 1463 694 1502; x_wconf 77' lang='lat' dir='ltr'>concoenationes,</span> <span class='ocrx_word' id='word_1_154' title='bbox 717 1462 758 1494; x_wconf 92' lang='lat' dir='ltr'>ad</span> <span class='ocrx_word' id='word_1_155' title='bbox 781 1463 858 1494; x_wconf 86' lang='lat' dir='ltr'>Div.</span> <span class='ocrx_word' id='word_1_156' title='bbox 886 1464 930 1494; x_wconf 84' lang='lat' dir='ltr'>ix.</span> 
     </span>
    </p>

    <p class='ocr_par' dir='ltr' id='par_1_18' title="bbox 194 1547 930 2901">
     <span class='ocr_line' id='line_1_33' title="bbox 247 1547 928 1588; baseline -0.001 -8"><span class='ocrx_word' id='word_1_157' title='bbox 247 1547 408 1585; x_wconf 60' lang='grc' dir='ltr'><strong><em>σύνδειπνοι,</em></strong></span> <span class='ocrx_word' id='word_1_158' title='bbox 431 1549 593 1586; x_wconf 57' lang='lat' dir='ltr'>neumis,</span> <span class='ocrx_word' id='word_1_159' title='bbox 615 1548 656 1579; x_wconf 86' lang='lat' dir='ltr'>ad</span> <span class='ocrx_word' id='word_1_160' title='bbox 677 1547 718 1588; x_wconf 75' lang='lat' dir='ltr'><strong>Q.</strong></span> <span class='ocrx_word' id='word_1_161' title='bbox 742 1547 794 1579; x_wconf 88' lang='lat' dir='ltr'>Fr.</span> <span class='ocrx_word' id='word_1_162' title='bbox 817 1549 852 1580; x_wconf 88' lang='lat' dir='ltr'>ii.</span> <span class='ocrx_word' id='word_1_163' title='bbox 880 1548 928 1580; x_wconf 84' lang='lat'><strong>16.</strong></span> 
     </span>
     <span class='ocr_line' id='line_1_34' title="bbox 203 1590 929 1631; baseline 0.001 -10"><span class='ocrx_word' id='word_1_164' title='bbox 203 1591 354 1623; x_wconf 66' lang='grc' dir='ltr'><strong><em>σύνδειπνοι</em></strong></span> <span class='ocrx_word' id='word_1_165' title='bbox 390 1592 554 1631; x_wconf 69' lang='grc' dir='ltr'><strong><em>σοφοκλιῖς,</em></strong></span> <span class='ocrx_word' id='word_1_166' title='bbox 582 1591 637 1630; x_wconf 85' lang='lat' dir='ltr'>qui</span> <span class='ocrx_word' id='word_1_167' title='bbox 666 1590 831 1629; x_wconf 80' lang='lat' dir='ltr'>dicantur,</span> <span class='ocrx_word' id='word_1_168' title='bbox 862 1601 929 1622; x_wconf 86' lang='lat' dir='ltr'>non</span> 
     </span>
     <span class='ocr_line' id='line_1_35' title="bbox 203 1633 930 1673; baseline 0 -9"><span class='ocrx_word' id='word_1_169' title='bbox 203 1636 359 1666; x_wconf 82' lang='lat' dir='ltr'>convenit</span> <span class='ocrx_word' id='word_1_170' title='bbox 380 1635 468 1664; x_wconf 82' lang='lat' dir='ltr'>inter</span> <span class='ocrx_word' id='word_1_171' title='bbox 490 1634 699 1673; x_wconf 73' lang='lat' dir='ltr'><strong>interpretes,</strong></span> <span class='ocrx_word' id='word_1_172' title='bbox 742 1633 807 1663; x_wconf 90' lang='lat' dir='ltr'>Alii</span> <span class='ocrx_word' id='word_1_173' title='bbox 837 1634 930 1664; x_wconf 77' lang='lat' dir='ltr'>fabu-</span> 
     </span>
     <span class='ocr_line' id='line_1_36' title="bbox 203 1674 928 1718; baseline 0 -11"><span class='ocrx_word' id='word_1_174' title='bbox 203 1677 271 1707; x_wconf 82' lang='lat' dir='ltr'>lam</span> <span class='ocrx_word' id='word_1_175' title='bbox 294 1676 464 1718; x_wconf 82' lang='lat' dir='ltr'>Sophoclis</span> <span class='ocrx_word' id='word_1_176' title='bbox 485 1674 644 1708; x_wconf 61' lang='grc' dir='ltr'>συνδεῖς-νας</span> <span class='ocrx_word' id='word_1_177' title='bbox 666 1675 788 1706; x_wconf 85' lang='lat' dir='ltr'>dictam</span> <span class='ocrx_word' id='word_1_178' title='bbox 804 1675 928 1707; x_wconf 84' lang='lat' dir='ltr'>intelli-</span> 
     </span>
     <span class='ocr_line' id='line_1_37' title="bbox 202 1718 928 1759; baseline 0 -10"><span class='ocrx_word' id='word_1_179' title='bbox 202 1726 300 1758; x_wconf 77' lang='lat' dir='ltr'>gunt,</span> <span class='ocrx_word' id='word_1_180' title='bbox 324 1731 343 1750; x_wconf 84' lang='lat' dir='ltr'>a</span> <span class='ocrx_word' id='word_1_181' title='bbox 365 1719 492 1759; x_wconf 70' lang='lat' dir='ltr'>Quinto</span> <span class='ocrx_word' id='word_1_182' title='bbox 514 1727 703 1748; x_wconf 84' lang='lat' dir='ltr'>conversam</span> <span class='ocrx_word' id='word_1_183' title='bbox 726 1718 842 1756; x_wconf 84' lang='lat' dir='ltr'>latine,</span> <span class='ocrx_word' id='word_1_184' title='bbox 866 1719 928 1749; x_wconf 90' lang='lat' dir='ltr'>im·-</span> 
     </span>
     <span class='ocr_line' id='line_1_38' title="bbox 202 1761 930 1802; baseline 0 -10"><span class='ocrx_word' id='word_1_185' title='bbox 202 1763 364 1802; x_wconf 85' lang='lat' dir='ltr'>probante</span> <span class='ocrx_word' id='word_1_186' title='bbox 389 1761 555 1798; x_wconf 80' lang='lat' dir='ltr'>Manutio,</span> <span class='ocrx_word' id='word_1_187' title='bbox 578 1761 634 1800; x_wconf 86' lang='lat' dir='ltr'>qui</span> <span class='ocrx_word' id='word_1_188' title='bbox 657 1765 758 1800; x_wconf 80' lang='lat' dir='ltr'>negat</span> <span class='ocrx_word' id='word_1_189' title='bbox 778 1771 851 1791; x_wconf 82' lang='lat' dir='ltr'>earn</span> <span class='ocrx_word' id='word_1_190' title='bbox 874 1762 930 1792; x_wconf 87' lang='lat' dir='ltr'>Ci-</span> 
     </span>
     <span class='ocr_line' id='line_1_39' title="bbox 202 1803 928 1843; baseline 0.001 -10"><span class='ocrx_word' id='word_1_191' title='bbox 202 1814 354 1835; x_wconf 85' lang='lat' dir='ltr'>ceronem</span> <span class='ocrx_word' id='word_1_192' title='bbox 391 1808 462 1834; x_wconf 89' lang='lat' dir='ltr'>tam</span> <span class='ocrx_word' id='word_1_193' title='bbox 499 1803 620 1834; x_wconf 76' lang='lat' dir='ltr'>rustice</span> <span class='ocrx_word' id='word_1_194' title='bbox 663 1803 928 1843; x_wconf 82' lang='lat' dir='ltr'>improbaturum</span> 
     </span>
     <span class='ocr_line' id='line_1_40' title="bbox 201 1845 927 1885; baseline -0.001 -9"><span class='ocrx_word' id='word_1_195' title='bbox 201 1846 312 1877; x_wconf 76' lang='lat' dir='ltr'>fuisse.</span> <span class='ocrx_word' id='word_1_196' title='bbox 356 1846 418 1877; x_wconf 86' lang='lat' dir='ltr'>Sed</span> <span class='ocrx_word' id='word_1_197' title='bbox 441 1845 592 1885; x_wconf 79' lang='lat' dir='ltr'>inprimis</span> <span class='ocrx_word' id='word_1_198' title='bbox 616 1851 778 1885; x_wconf 77' lang='lat' dir='ltr'><strong>repugnat</strong></span> <span class='ocrx_word' id='word_1_199' title='bbox 792 1846 927 1876; x_wconf 86' lang='lat' dir='ltr'>verbum</span> 
     </span>
     <span class='ocr_line' id='line_1_41' title="bbox 202 1887 927 1928; baseline 0.003 -10"><span class='ocrx_word' id='word_1_200' title='bbox 202 1892 337 1919; x_wconf 82' lang='lat' dir='ltr'>actam.-</span> <span class='ocrx_word' id='word_1_201' title='bbox 359 1887 445 1928; x_wconf 85' lang='lat' dir='ltr'>quod</span> <span class='ocrx_word' id='word_1_202' title='bbox 471 1887 608 1925; x_wconf 85' lang='lat' dir='ltr'>indicat,</span> <span class='ocrx_word' id='word_1_203' title='bbox 634 1887 711 1918; x_wconf 81' lang='lat' dir='ltr'>huie</span> <span class='ocrx_word' id='word_1_204' title='bbox 737 1888 868 1924; x_wconf 83' lang='lat' dir='ltr'>fabulae,</span> <span class='ocrx_word' id='word_1_205' title='bbox 888 1888 927 1920; x_wconf 88' lang='lat' dir='ltr'>de</span> 
     </span>
     <span class='ocr_line' id='line_1_42' title="bbox 201 1930 927 1969; baseline 0 -8"><span class='ocrx_word' id='word_1_206' title='bbox 201 1941 267 1969; x_wconf 88' lang='lat' dir='ltr'>qua</span> <span class='ocrx_word' id='word_1_207' title='bbox 281 1930 413 1968; x_wconf 84' lang='lat' dir='ltr'>dicitur,</span> <span class='ocrx_word' id='word_1_208' title='bbox 430 1930 593 1969; x_wconf 64' lang='lat' dir='ltr'>Quintum</span> <span class='ocrx_word' id='word_1_209' title='bbox 615 1930 813 1961; x_wconf 79' lang='lat' dir='ltr'>interfuisse.</span> <span class='ocrx_word' id='word_1_210' title='bbox 858 1931 927 1962; x_wconf 83' lang='lat' dir='ltr'>lta-</span> 
     </span>
     <span class='ocr_line' id='line_1_43' title="bbox 201 1973 927 2013; baseline 0.003 -11"><span class='ocrx_word' id='word_1_211' title='bbox 201 1983 266 2012; x_wconf 85' lang='lat' dir='ltr'>que</span> <span class='ocrx_word' id='word_1_212' title='bbox 298 1973 472 2004; x_wconf 87' lang='lat' dir='ltr'>Manutius</span> <span class='ocrx_word' id='word_1_213' title='bbox 501 1976 611 2012; x_wconf 82' lang='lat' dir='ltr'>putat,</span> <span class='ocrx_word' id='word_1_214' title='bbox 641 1973 801 2013; x_wconf 83' lang='lat' dir='ltr'>capienda</span> <span class='ocrx_word' id='word_1_215' title='bbox 829 1973 927 2004; x_wconf 89' lang='lat' dir='ltr'>verba</span> 
     </span>
     <span class='ocr_line' id='line_1_44' title="bbox 201 2015 927 2055; baseline 0.001 -10"><span class='ocrx_word' id='word_1_216' title='bbox 201 2025 270 2045; x_wconf 82' lang='lat' dir='ltr'>esse</span> <span class='ocrx_word' id='word_1_217' title='bbox 285 2016 324 2046; x_wconf 88' lang='lat' dir='ltr'>de</span> <span class='ocrx_word' id='word_1_218' title='bbox 337 2015 500 2051; x_wconf 83' lang='lat' dir='ltr'>convivio,</span> <span class='ocrx_word' id='word_1_219' title='bbox 515 2024 673 2055; x_wconf 83' lang='lat' dir='ltr'>perquam</span> <span class='ocrx_word' id='word_1_220' title='bbox 693 2015 792 2045; x_wconf 84' lang='lat' dir='ltr'>simili</span> <span class='ocrx_word' id='word_1_221' title='bbox 816 2015 927 2046; x_wconf 89' lang='lat' dir='ltr'>convi-</span> 
     </span>
     <span class='ocr_line' id='line_1_45' title="bbox 201 2056 925 2097; baseline 0 -9"><span class='ocrx_word' id='word_1_222' title='bbox 201 2058 253 2088; x_wconf 85' lang='lat' dir='ltr'>vio</span> <span class='ocrx_word' id='word_1_223' title='bbox 268 2058 301 2088; x_wconf 88' lang='lat' dir='ltr'>in</span> <span class='ocrx_word' id='word_1_224' title='bbox 317 2058 429 2088; x_wconf 77' lang='lat' dir='ltr'>fabula</span> <span class='ocrx_word' id='word_1_225' title='bbox 442 2057 550 2096; x_wconf 91' lang='lat' dir='ltr'>aliqua</span> <span class='ocrx_word' id='word_1_226' title='bbox 562 2056 744 2097; x_wconf 78' lang='lat' dir='ltr'>Sophoclis,</span> <span class='ocrx_word' id='word_1_227' title='bbox 756 2058 807 2088; x_wconf 87' lang='lat' dir='ltr'>cui</span> <span class='ocrx_word' id='word_1_228' title='bbox 823 2058 925 2089; x_wconf 85' lang='lat' dir='ltr'>inter-</span> 
     </span>
     <span class='ocr_line' id='line_1_46' title="bbox 200 2100 926 2140; baseline 0.004 -12"><span class='ocrx_word' id='word_1_229' title='bbox 200 2100 300 2131; x_wconf 75' lang='lat' dir='ltr'>fuerit</span> <span class='ocrx_word' id='word_1_230' title='bbox 315 2101 473 2140; x_wconf 71' lang='lat' dir='ltr'>Quintus,</span> <span class='ocrx_word' id='word_1_231' title='bbox 490 2104 524 2130; x_wconf 84' lang='lat' dir='ltr'>et</span> <span class='ocrx_word' id='word_1_232' title='bbox 539 2100 574 2129; x_wconf 92' lang='lat' dir='ltr'>in</span> <span class='ocrx_word' id='word_1_233' title='bbox 588 2109 652 2138; x_wconf 91' lang='lat' dir='ltr'>quo</span> <span class='ocrx_word' id='word_1_234' title='bbox 674 2100 752 2139; x_wconf 87' lang='lat' dir='ltr'>quid</span> <span class='ocrx_word' id='word_1_235' title='bbox 767 2100 828 2130; x_wconf 82' lang='lat' dir='ltr'>sibi</span> <span class='ocrx_word' id='word_1_236' title='bbox 842 2102 926 2131; x_wconf 88' lang='lat' dir='ltr'>acci-</span> 
     </span>
     <span class='ocr_line' id='line_1_47' title="bbox 198 2142 926 2183; baseline -0.001 -12"><span class='ocrx_word' id='word_1_237' title='bbox 198 2142 298 2179; x_wconf 86' lang='lat' dir='ltr'>derit,</span> <span class='ocrx_word' id='word_1_238' title='bbox 312 2142 581 2173; x_wconf 84' lang='lat' dir='ltr'>commemorarit</span> <span class='ocrx_word' id='word_1_239' title='bbox 593 2142 699 2172; x_wconf 83' lang='lat' dir='ltr'>fratri.</span> <span class='ocrx_word' id='word_1_240' title='bbox 733 2143 796 2173; x_wconf 85' lang='lat' dir='ltr'>Sed</span> <span class='ocrx_word' id='word_1_241' title='bbox 810 2142 866 2183; x_wconf 89' lang='lat' dir='ltr'>huj</span> <span class='ocrx_word' id='word_1_242' title='bbox 873 2153 926 2173; x_wconf 87' lang='lat' dir='ltr'>us.</span> 
     </span>
     <span class='ocr_line' id='line_1_48' title="bbox 199 2183 925 2224; baseline 0.003 -10"><span class='ocrx_word' id='word_1_243' title='bbox 199 2183 286 2214; x_wconf 88' lang='lat' dir='ltr'>modi</span> <span class='ocrx_word' id='word_1_244' title='bbox 300 2186 486 2215; x_wconf 84' lang='lat' dir='ltr'>convivium</span> <span class='ocrx_word' id='word_1_245' title='bbox 504 2193 572 2214; x_wconf 91' lang='lat' dir='ltr'>non</span> <span class='ocrx_word' id='word_1_246' title='bbox 591 2190 708 2224; x_wconf 90' lang='lat' dir='ltr'>aptum</span> <span class='ocrx_word' id='word_1_247' title='bbox 724 2185 852 2215; x_wconf 77' lang='lat' dir='ltr'>videtur</span> <span class='ocrx_word' id='word_1_248' title='bbox 866 2186 925 2216; x_wconf 92' lang='lat' dir='ltr'>So-</span> 
     </span>
     <span class='ocr_line' id='line_1_49' title="bbox 199 2225 923 2266; baseline 0.003 -10"><span class='ocrx_word' id='word_1_249' title='bbox 199 2226 347 2266; x_wconf 85' lang='lat' dir='ltr'>phocleae</span> <span class='ocrx_word' id='word_1_250' title='bbox 377 2225 554 2266; x_wconf 81' lang='lat' dir='ltr'>tragoediae.</span> <span class='ocrx_word' id='word_1_251' title='bbox 599 2226 685 2257; x_wconf 89' lang='lat' dir='ltr'>Mihi</span> <span class='ocrx_word' id='word_1_252' title='bbox 714 2227 748 2257; x_wconf 87' lang='lat' dir='ltr'>in</span> <span class='ocrx_word' id='word_1_253' title='bbox 777 2234 923 2258; x_wconf 85' lang='lat' dir='ltr'>mentem</span> 
     </span>
     <span class='ocr_line' id='line_1_50' title="bbox 198 2269 924 2310; baseline 0.006 -12"><span class='ocrx_word' id='word_1_254' title='bbox 198 2275 361 2300; x_wconf 85' lang='lat' dir='ltr'>venerunt</span> <span class='ocrx_word' id='word_1_255' title='bbox 382 2271 534 2310; x_wconf 72' lang='grc' dir='ltr'><strong><em>σοφοκλιῖς</em></strong></span> <span class='ocrx_word' id='word_1_256' title='bbox 557 2269 700 2301; x_wconf 82' lang='lat' dir='ltr'>Pliniani</span> <span class='ocrx_word' id='word_1_257' title='bbox 725 2270 788 2309; x_wconf 91' lang='lat' dir='ltr'>Ep.</span> <span class='ocrx_word' id='word_1_258' title='bbox 814 2270 848 2301; x_wconf 89' lang='lat' dir='ltr'>ii.</span> <span class='ocrx_word' id='word_1_259' title='bbox 877 2271 924 2302; x_wconf 85' lang='grc'>16.</span> 
     </span>
     <span class='ocr_line' id='line_1_51' title="bbox 198 2311 922 2353; baseline 0.004 -12"><span class='ocrx_word' id='word_1_260' title='bbox 198 2312 385 2350; x_wconf 64' lang='lat' dir='ltr'>laodic-(eni,</span> <span class='ocrx_word' id='word_1_261' title='bbox 407 2312 557 2353; x_wconf 83' lang='lat' dir='ltr'>parasiti,</span> <span class='ocrx_word' id='word_1_262' title='bbox 573 2312 628 2351; x_wconf 91' lang='lat' dir='ltr'>qui</span> <span class='ocrx_word' id='word_1_263' title='bbox 651 2311 791 2343; x_wconf 80' lang='lat' dir='ltr'>coenulae</span> <span class='ocrx_word' id='word_1_264' title='bbox 813 2322 922 2351; x_wconf 79' lang='lat' dir='ltr'>causa,</span> 
     </span>
     <span class='ocr_line' id='line_1_52' title="bbox 196 2353 924 2395; baseline 0.003 -11"><span class='ocrx_word' id='word_1_265' title='bbox 196 2355 344 2392; x_wconf 85' lang='lat' dir='ltr'>quamvis</span> <span class='ocrx_word' id='word_1_266' title='bbox 361 2354 512 2395; x_wconf 87' lang='lat' dir='ltr'>indignos</span> <span class='ocrx_word' id='word_1_267' title='bbox 527 2353 676 2391; x_wconf 85' lang='lat' dir='ltr'>laudant,</span> <span class='ocrx_word' id='word_1_268' title='bbox 691 2360 726 2385; x_wconf 89' lang='lat' dir='ltr'>et</span> <span class='ocrx_word' id='word_1_269' title='bbox 740 2354 780 2384; x_wconf 89' lang='lat' dir='ltr'>ab</span> <span class='ocrx_word' id='word_1_270' title='bbox 795 2355 834 2385; x_wconf 89' lang='lat' dir='ltr'>iis</span> <span class='ocrx_word' id='word_1_271' title='bbox 848 2360 924 2387; x_wconf 86' lang='lat' dir='ltr'>acta</span> 
     </span>
     <span class='ocr_line' id='line_1_53' title="bbox 197 2396 923 2436; baseline 0.004 -11"><span class='ocrx_word' id='word_1_272' title='bbox 197 2400 231 2425; x_wconf 85' lang='lat' dir='ltr'>et</span> <span class='ocrx_word' id='word_1_273' title='bbox 246 2396 335 2427; x_wconf 84' lang='lat' dir='ltr'>dicta</span> <span class='ocrx_word' id='word_1_274' title='bbox 347 2397 461 2428; x_wconf 85' lang='lat' dir='ltr'>omnia</span> <span class='ocrx_word' id='word_1_275' title='bbox 483 2396 574 2436; x_wconf 63' lang='grc' dir='ltr'><strong><em>σοφοῖς</em></strong></span> <span class='ocrx_word' id='word_1_276' title='bbox 591 2397 681 2427; x_wconf 79' lang='lat' dir='ltr'>dicta</span> <span class='ocrx_word' id='word_1_277' title='bbox 703 2402 737 2427; x_wconf 87' lang='lat' dir='ltr'>et</span> <span class='ocrx_word' id='word_1_278' title='bbox 759 2401 834 2427; x_wconf 85' lang='lat' dir='ltr'>acta</span> <span class='ocrx_word' id='word_1_279' title='bbox 856 2397 923 2428; x_wconf 86' lang='lat' dir='ltr'>cla-</span> 
     </span>
     <span class='ocr_line' id='line_1_54' title="bbox 197 2438 923 2470; baseline 0.004 -3"><span class='ocrx_word' id='word_1_280' title='bbox 197 2443 302 2469; x_wconf 87' lang='lat' dir='ltr'>mant.</span> <span class='ocrx_word' id='word_1_281' title='bbox 319 2449 348 2470; x_wconf 83' lang='lat' dir='ltr'><strong>v.</strong></span> <span class='ocrx_word' id='word_1_282' title='bbox 367 2444 516 2470; x_wconf 86' lang='lat' dir='ltr'>auctores</span> <span class='ocrx_word' id='word_1_283' title='bbox 535 2439 687 2470; x_wconf 83' lang='lat' dir='ltr'>laudatos</span> <span class='ocrx_word' id='word_1_284' title='bbox 703 2438 786 2469; x_wconf 86' lang='lat' dir='ltr'>Intt.</span> <span class='ocrx_word' id='word_1_285' title='bbox 803 2439 843 2470; x_wconf 89' lang='lat' dir='ltr'>ad</span> <span class='ocrx_word' id='word_1_286' title='bbox 857 2440 923 2470; x_wconf 92' lang='lat' dir='ltr'>Pli-</span> 
     </span>
     <span class='ocr_line' id='line_1_55' title="bbox 197 2480 921 2522; baseline 0.006 -14"><span class='ocrx_word' id='word_1_287' title='bbox 197 2480 302 2511; x_wconf 82' lang='lat' dir='ltr'>nium.</span> <span class='ocrx_word' id='word_1_288' title='bbox 348 2482 457 2512; x_wconf 84' lang='lat' dir='ltr'>Fuisse</span> <span class='ocrx_word' id='word_1_289' title='bbox 471 2492 550 2522; x_wconf 84' lang='lat' dir='ltr'>ergo</span> <span class='ocrx_word' id='word_1_290' title='bbox 567 2480 695 2512; x_wconf 89' lang='lat' dir='ltr'>videtur</span> <span class='ocrx_word' id='word_1_291' title='bbox 710 2482 745 2512; x_wconf 89' lang='lat' dir='ltr'>in</span> <span class='ocrx_word' id='word_1_292' title='bbox 760 2482 921 2520; x_wconf 88' lang='lat' dir='ltr'>convivio,</span> 
     </span>
     <span class='ocr_line' id='line_1_56' title="bbox 197 2521 921 2564; baseline 0.006 -13"><span class='ocrx_word' id='word_1_293' title='bbox 197 2521 233 2551; x_wconf 87' lang='lat' dir='ltr'>in</span> <span class='ocrx_word' id='word_1_294' title='bbox 257 2533 360 2563; x_wconf 86' lang='lat' dir='ltr'>eoque</span> <span class='ocrx_word' id='word_1_295' title='bbox 385 2524 536 2555; x_wconf 79' lang='lat' dir='ltr'>habuisse</span> <span class='ocrx_word' id='word_1_296' title='bbox 562 2522 720 2558; x_wconf 58' lang='grc' dir='ltr'><strong><em>συνδείπνοις</em></strong></span> <span class='ocrx_word' id='word_1_297' title='bbox 749 2524 921 2564; x_wconf 78' lang='lat' dir='ltr'>parasitos,</span> 
     </span>
     <span class='ocr_line' id='line_1_57' title="bbox 198 2567 922 2607; baseline 0.006 -13"><span class='ocrx_word' id='word_1_298' title='bbox 198 2569 255 2594; x_wconf 88' lang='lat' dir='ltr'>aut</span> <span class='ocrx_word' id='word_1_299' title='bbox 292 2567 475 2607; x_wconf 83' lang='lat' dir='ltr'>parasiticis</span> <span class='ocrx_word' id='word_1_300' title='bbox 512 2573 601 2597; x_wconf 87' lang='lat' dir='ltr'>certe</span> <span class='ocrx_word' id='word_1_301' title='bbox 641 2567 797 2597; x_wconf 84' lang='lat' dir='ltr'>moribus.</span> <span class='ocrx_word' id='word_1_302' title='bbox 853 2567 922 2598; x_wconf 90' lang='lat' dir='ltr'>Hos</span> 
     </span>
     <span class='ocr_line' id='line_1_58' title="bbox 196 2608 922 2651; baseline 0.004 -14"><span class='ocrx_word' id='word_1_303' title='bbox 196 2608 487 2647; x_wconf 85' lang='lat' dir='ltr'>quemadmodum,</span> <span class='ocrx_word' id='word_1_304' title='bbox 504 2619 602 2651; x_wconf 85' lang='lat' dir='ltr'>quam</span> <span class='ocrx_word' id='word_1_305' title='bbox 623 2608 729 2649; x_wconf 84' lang='lat' dir='ltr'>lepide</span> <span class='ocrx_word' id='word_1_306' title='bbox 751 2615 786 2639; x_wconf 89' lang='lat' dir='ltr'>et</span> <span class='ocrx_word' id='word_1_307' title='bbox 807 2609 922 2640; x_wconf 79' lang='lat' dir='ltr'>festive</span> 
     </span>
     <span class='ocr_line' id='line_1_59' title="bbox 197 2650 922 2691; baseline 0.007 -13"><span class='ocrx_word' id='word_1_308' title='bbox 197 2652 334 2688; x_wconf 78' lang='lat' dir='ltr'>vexarit,</span> <span class='ocrx_word' id='word_1_309' title='bbox 351 2657 668 2683; x_wconf 80' lang='lat' dir='ltr'>commemoraverat</span> <span class='ocrx_word' id='word_1_310' title='bbox 677 2651 783 2683; x_wconf 83' lang='lat' dir='ltr'>fratri.</span> <span class='ocrx_word' id='word_1_311' title='bbox 806 2650 922 2691; x_wconf 85' lang='lat' dir='ltr'>ltaque</span> 
     </span>
     <span class='ocr_line' id='line_1_60' title="bbox 195 2691 922 2735; baseline 0.004 -14"><span class='ocrx_word' id='word_1_312' title='bbox 195 2691 368 2724; x_wconf 75' lang='lat' dir='ltr'>fatendum</span> <span class='ocrx_word' id='word_1_313' title='bbox 387 2703 469 2731; x_wconf 88' lang='lat' dir='ltr'>esse,</span> <span class='ocrx_word' id='word_1_314' title='bbox 486 2694 675 2735; x_wconf 81' lang='lat' dir='ltr'>respondet,</span> <span class='ocrx_word' id='word_1_315' title='bbox 690 2693 796 2734; x_wconf 84' lang='lat' dir='ltr'>lepide</span> <span class='ocrx_word' id='word_1_316' title='bbox 819 2694 860 2724; x_wconf 82' lang='lat' dir='ltr'>ab</span> <span class='ocrx_word' id='word_1_317' title='bbox 882 2704 922 2724; x_wconf 87' lang='lat' dir='ltr'>eo</span> 
     </span>
     <span class='ocr_line' id='line_1_61' title="bbox 195 2735 920 2777; baseline 0.006 -14"><span class='ocrx_word' id='word_1_318' title='bbox 195 2738 305 2765; x_wconf 85' lang='lat' dir='ltr'>actam</span> <span class='ocrx_word' id='word_1_319' title='bbox 327 2735 421 2767; x_wconf 82' lang='lat' dir='ltr'>illam</span> <span class='ocrx_word' id='word_1_320' title='bbox 443 2737 590 2768; x_wconf 78' lang='lat' dir='ltr'>fabulam</span> <span class='ocrx_word' id='word_1_321' title='bbox 613 2737 814 2777; x_wconf 81' lang='lat' dir='ltr'>(frequentes</span> <span class='ocrx_word' id='word_1_322' title='bbox 831 2735 920 2767; x_wconf 88' lang='lat' dir='ltr'>enim</span> 
     </span>
     <span class='ocr_line' id='line_1_62' title="bbox 195 2777 922 2819; baseline 0.006 -14"><span class='ocrx_word' id='word_1_323' title='bbox 195 2782 375 2809; x_wconf 68' lang='lat' dir='ltr'>occurrunt</span> <span class='ocrx_word' id='word_1_324' title='bbox 398 2779 434 2809; x_wconf 89' lang='lat' dir='ltr'>in</span> <span class='ocrx_word' id='word_1_325' title='bbox 456 2780 670 2810; x_wconf 88' lang='lat' dir='ltr'>Comicorum</span> <span class='ocrx_word' id='word_1_326' title='bbox 691 2777 812 2809; x_wconf 83' lang='lat' dir='ltr'>fabulis</span> <span class='ocrx_word' id='word_1_327' title='bbox 826 2788 922 2819; x_wconf 80' lang='lat' dir='ltr'>para—</span> 
     </span>
     <span class='ocr_line' id='line_1_63' title="bbox 194 2818 922 2861; baseline 0.005 -15"><span class='ocrx_word' id='word_1_328' title='bbox 194 2818 265 2857; x_wconf 70' lang='lat' dir='ltr'>siti)</span> <span class='ocrx_word' id='word_1_329' title='bbox 283 2821 337 2850; x_wconf 86' lang='lat' dir='ltr'>sed</span> <span class='ocrx_word' id='word_1_330' title='bbox 352 2831 422 2852; x_wconf 87' lang='lat' dir='ltr'>rem</span> <span class='ocrx_word' id='word_1_331' title='bbox 437 2823 499 2852; x_wconf 85' lang='lat' dir='ltr'>sibi</span> <span class='ocrx_word' id='word_1_332' title='bbox 515 2821 620 2853; x_wconf 80' lang='lat' dir='ltr'>nihilo</span> <span class='ocrx_word' id='word_1_333' title='bbox 639 2820 748 2852; x_wconf 84' lang='lat' dir='ltr'>minus</span> <span class='ocrx_word' id='word_1_334' title='bbox 766 2829 834 2851; x_wconf 88' lang='lat' dir='ltr'>non</span> <span class='ocrx_word' id='word_1_335' title='bbox 847 2830 922 2861; x_wconf 88' lang='lat' dir='ltr'>pro-</span> 
     </span>
     <span class='ocr_line' id='line_1_64' title="bbox 197 2859 923 2901; baseline 0.006 -12"><span class='ocrx_word' id='word_1_336' title='bbox 197 2859 279 2900; x_wconf 83' lang='lat' dir='ltr'>bari,</span> <span class='ocrx_word' id='word_1_337' title='bbox 294 2862 378 2895; x_wconf 77' lang='lat' dir='ltr'>velle</span> <span class='ocrx_word' id='word_1_338' title='bbox 401 2873 448 2901; x_wconf 80' lang='lat' dir='ltr'>se,</span> <span class='ocrx_word' id='word_1_339' title='bbox 471 2864 599 2897; x_wconf 80' lang='lat' dir='ltr'>factum</span> <span class='ocrx_word' id='word_1_340' title='bbox 621 2871 689 2895; x_wconf 87' lang='lat' dir='ltr'>nou</span> <span class='ocrx_word' id='word_1_341' title='bbox 709 2871 780 2895; x_wconf 73' lang='lat' dir='ltr'>esse</span> <span class='ocrx_word' id='word_1_342' title='bbox 794 2867 852 2894; x_wconf 83' lang='lat' dir='ltr'>aut</span> <span class='ocrx_word' id='word_1_343' title='bbox 875 2862 923 2894; x_wconf 82' lang='lat' dir='ltr'>di.</span> 
     </span>
    </p>
   </div>
   <div class='ocr_carea' id='block_1_4' title="bbox 1621 93 1705 133">
    <p class='ocr_par' dir='ltr' id='par_1_19' title="bbox 1621 93 1705 133">
     <span class='ocr_line' id='line_1_65' title="bbox 1621 93 1705 133; baseline -0.024 0"><span class='ocrx_word' id='word_1_344' title='bbox 1621 93 1705 133; x_wconf 74' lang='lat'>515</span> 
     </span>
    </p>
   </div>
   <div class='ocr_carea' id='block_1_5' title="bbox 964 188 1706 2317">
    <p class='ocr_par' dir='ltr' id='par_1_20' title="bbox 977 188 1706 259">
     <span class='ocr_line' id='line_1_66' title="bbox 978 188 1706 231; baseline 0.005 -15"><span class='ocrx_word' id='word_1_345' title='bbox 978 192 1084 224; x_wconf 87' lang='lat' dir='ltr'>ctum,</span> <span class='ocrx_word' id='word_1_346' title='bbox 1100 188 1187 227; x_wconf 86' lang='lat' dir='ltr'>quod</span> <span class='ocrx_word' id='word_1_347' title='bbox 1201 189 1326 220; x_wconf 84' lang='lat' dir='ltr'>factum</span> <span class='ocrx_word' id='word_1_348' title='bbox 1347 189 1538 231; x_wconf 76' lang='lat' dir='ltr'>dictumque</span> <span class='ocrx_word' id='word_1_349' title='bbox 1559 190 1706 231; x_wconf 77' lang='lat' dir='ltr'>scripsis—</span> 
     </span>
     <span class='ocr_line' id='line_1_67' title="bbox 977 234 1039 259; baseline -0.016 0"><span class='ocrx_word' id='word_1_350' title='bbox 977 234 1039 259; x_wconf 85' lang='lat' dir='ltr'>set.</span> 
     </span>
    </p>

    <p class='ocr_par' dir='ltr' id='par_1_21' title="bbox 978 270 1704 352">
     <span class='ocr_line' id='line_1_68' title="bbox 1019 270 1704 315; baseline 0.006 -13"><span class='ocrx_word' id='word_1_351' title='bbox 1019 270 1273 315; x_wconf 70' lang='grc' dir='ltr'>συνδιημερεύομεν,</span> <span class='ocrx_word' id='word_1_352' title='bbox 1308 276 1410 306; x_wconf 75' lang='lat' dir='ltr'>simul</span> <span class='ocrx_word' id='word_1_353' title='bbox 1441 277 1527 306; x_wconf 64' lang='lat' dir='ltr'>diem</span> <span class='ocrx_word' id='word_1_354' title='bbox 1566 276 1704 306; x_wconf 78' lang='lat' dir='ltr'>conteri-</span> 
     </span>
     <span class='ocr_line' id='line_1_69' title="bbox 978 317 1337 352; baseline 0.014 -9"><span class='ocrx_word' id='word_1_355' title='bbox 978 323 1062 351; x_wconf 82' lang='lat' dir='ltr'>mus,</span> <span class='ocrx_word' id='word_1_356' title='bbox 1079 317 1120 345; x_wconf 79' lang='lat' dir='ltr'>ad</span> <span class='ocrx_word' id='word_1_357' title='bbox 1135 317 1207 348; x_wconf 82' lang='lat' dir='ltr'>Att.</span> <span class='ocrx_word' id='word_1_358' title='bbox 1226 318 1290 348; x_wconf 88' lang='lat' dir='ltr'>viii.</span> <span class='ocrx_word' id='word_1_359' title='bbox 1305 323 1337 352; x_wconf 88' lang='grc'>9.</span> 
     </span>
    </p>

    <p class='ocr_par' dir='ltr' id='par_1_22' title="bbox 976 358 1705 610">
     <span class='ocr_line' id='line_1_70' title="bbox 1020 358 1704 401; baseline 0.007 -15"><span class='ocrx_word' id='word_1_360' title='bbox 1020 358 1067 387; x_wconf 76' lang='grc' dir='ltr'>σὺν</span> <span class='ocrx_word' id='word_1_361' title='bbox 1083 358 1142 399; x_wconf 71' lang='grc' dir='ltr'>9εῷ</span> <span class='ocrx_word' id='word_1_362' title='bbox 1157 373 1200 389; x_wconf 75' lang='lat' dir='ltr'>em</span> <span class='ocrx_word' id='word_1_363' title='bbox 1222 361 1316 400; x_wconf 73' lang='grc' dir='ltr'><strong><em>λέγω,</em></strong></span> <span class='ocrx_word' id='word_1_364' title='bbox 1333 361 1396 390; x_wconf 74' lang='lat' dir='ltr'>diis</span> <span class='ocrx_word' id='word_1_365' title='bbox 1407 360 1606 401; x_wconf 78' lang='lat' dir='ltr'>juvantibus</span> <span class='ocrx_word' id='word_1_366' title='bbox 1620 361 1704 396; x_wconf 77' lang='lat' dir='ltr'>dict),</span> 
     </span>
     <span class='ocr_line' id='line_1_71' title="bbox 978 399 1705 441; baseline 0.003 -12"><span class='ocrx_word' id='word_1_367' title='bbox 978 399 1017 429; x_wconf 86' lang='lat' dir='ltr'>ad</span> <span class='ocrx_word' id='word_1_368' title='bbox 1034 401 1105 430; x_wconf 86' lang='lat' dir='ltr'>Att.</span> <span class='ocrx_word' id='word_1_369' title='bbox 1121 412 1150 430; x_wconf 86' lang='lat' dir='ltr'><strong>x.</strong></span> <span class='ocrx_word' id='word_1_370' title='bbox 1172 406 1218 431; x_wconf 85' lang='lat'><strong>10.</strong></span> <span class='ocrx_word' id='word_1_371' title='bbox 1242 403 1412 433; x_wconf 83' lang='lat' dir='ltr'>Manutius</span> <span class='ocrx_word' id='word_1_372' title='bbox 1437 403 1507 433; x_wconf 79' lang='lat' dir='ltr'>haec</span> <span class='ocrx_word' id='word_1_373' title='bbox 1527 403 1705 441; x_wconf 83' lang='lat' dir='ltr'>distinguit</span> 
     </span>
     <span class='ocr_line' id='line_1_72' title="bbox 978 441 1705 484; baseline 0.006 -14"><span class='ocrx_word' id='word_1_374' title='bbox 978 441 1040 471; x_wconf 89' lang='lat' dir='ltr'>sic:</span> <span class='ocrx_word' id='word_1_375' title='bbox 1066 443 1114 472; x_wconf 76' lang='grc' dir='ltr'>σὺν</span> <span class='ocrx_word' id='word_1_376' title='bbox 1129 445 1200 484; x_wconf 70' lang='grc' dir='ltr'><strong>θεῷ.</strong></span> <span class='ocrx_word' id='word_1_377' title='bbox 1238 446 1285 475; x_wconf 76' lang='lat' dir='ltr'>Tol</span> <span class='ocrx_word' id='word_1_378' title='bbox 1308 446 1400 484; x_wconf 66' lang='grc' dir='ltr'><strong>λέγω.</strong></span> <span class='ocrx_word' id='word_1_379' title='bbox 1424 452 1463 475; x_wconf 92' lang='lat' dir='ltr'>ut</span> <span class='ocrx_word' id='word_1_380' title='bbox 1488 445 1545 475; x_wconf 84' lang='lat' dir='ltr'>illa</span> <span class='ocrx_word' id='word_1_381' title='bbox 1559 455 1632 475; x_wconf 76' lang='lat' dir='ltr'>cun·</span> <span class='ocrx_word' id='word_1_382' title='bbox 1650 454 1705 474; x_wconf 86' lang='lat' dir='ltr'>su-</span> 
     </span>
     <span class='ocr_line' id='line_1_73' title="bbox 977 484 1704 527; baseline 0.007 -15"><span class='ocrx_word' id='word_1_383' title='bbox 977 484 1158 523; x_wconf 85' lang='lat' dir='ltr'>perioribus</span> <span class='ocrx_word' id='word_1_384' title='bbox 1183 489 1441 527; x_wconf 61' lang='lat' dir='ltr'>conjungantur,</span> <span class='ocrx_word' id='word_1_385' title='bbox 1466 488 1527 517; x_wconf 85' lang='lat' dir='ltr'>hoe</span> <span class='ocrx_word' id='word_1_386' title='bbox 1551 488 1615 517; x_wconf 84' lang='lat' dir='ltr'>sit:</span> <span class='ocrx_word' id='word_1_387' title='bbox 1646 487 1704 517; x_wconf 72' lang='lat' dir='ltr'>tihi</span> 
     </span>
     <span class='ocr_line' id='line_1_74' title="bbox 977 525 1702 569; baseline 0.006 -14"><span class='ocrx_word' id='word_1_388' title='bbox 977 525 1056 556; x_wconf 73' lang='lat' dir='ltr'>dico.</span> <span class='ocrx_word' id='word_1_389' title='bbox 1095 527 1253 560; x_wconf 79' lang='lat' dir='ltr'>Doricum</span> <span class='ocrx_word' id='word_1_390' title='bbox 1270 530 1350 560; x_wconf 88' lang='lat' dir='ltr'>illud</span> <span class='ocrx_word' id='word_1_391' title='bbox 1364 543 1406 560; x_wconf 77' lang='grc' dir='ltr'><strong><em>τοι</em></strong></span> <span class='ocrx_word' id='word_1_392' title='bbox 1421 530 1530 569; x_wconf 81' lang='lat' dir='ltr'>arguit</span> <span class='ocrx_word' id='word_1_393' title='bbox 1544 538 1612 559; x_wconf 80' lang='lat' dir='ltr'>esse</span> <span class='ocrx_word' id='word_1_394' title='bbox 1629 539 1702 569; x_wconf 83' lang='lat' dir='ltr'>par—</span> 
     </span>
     <span class='ocr_line' id='line_1_75' title="bbox 976 569 1468 610; baseline 0.01 -13"><span class='ocrx_word' id='word_1_395' title='bbox 976 569 1113 599; x_wconf 86' lang='lat' dir='ltr'>ticulam</span> <span class='ocrx_word' id='word_1_396' title='bbox 1132 571 1203 601; x_wconf 86' lang='lat' dir='ltr'>noti</span> <span class='ocrx_word' id='word_1_397' title='bbox 1219 578 1292 601; x_wconf 81' lang='lat' dir='ltr'>tum</span> <span class='ocrx_word' id='word_1_398' title='bbox 1304 572 1468 610; x_wconf 64' lang='lat' dir='ltr'>yet-siculi.</span> 
     </span>
    </p>

    <p class='ocr_par' dir='ltr' id='par_1_23' title="bbox 976 612 1702 685">
     <span class='ocr_line' id='line_1_76' title="bbox 1018 612 1702 651; baseline 0.006 -10"><span class='ocrx_word' id='word_1_399' title='bbox 1018 612 1204 651; x_wconf 73' lang='grc' dir='ltr'><strong><em>σονηγοινίων,</em></strong></span> <span class='ocrx_word' id='word_1_400' title='bbox 1216 624 1290 644; x_wconf 82' lang='lat' dir='ltr'>cum</span> <span class='ocrx_word' id='word_1_401' title='bbox 1302 617 1359 645; x_wconf 83' lang='lat' dir='ltr'>illo</span> <span class='ocrx_word' id='word_1_402' title='bbox 1372 614 1556 645; x_wconf 67' lang='lat' dir='ltr'>moerebam.</span> <span class='ocrx_word' id='word_1_403' title='bbox 1575 613 1615 644; x_wconf 83' lang='lat' dir='ltr'>ad</span> <span class='ocrx_word' id='word_1_404' title='bbox 1630 614 1702 645; x_wconf 77' lang='lat' dir='ltr'>Art.</span> 
     </span>
     <span class='ocr_line' id='line_1_77' title="bbox 976 657 1073 685; baseline 0.031 -3"><span class='ocrx_word' id='word_1_405' title='bbox 976 662 1006 683; x_wconf 92' lang='lat' dir='ltr'><strong>v.</strong></span> <span class='ocrx_word' id='word_1_406' title='bbox 1026 657 1073 685; x_wconf 82' lang='lat'><strong>12.</strong></span> 
     </span>
    </p>

    <p class='ocr_par' dir='ltr' id='par_1_24' title="bbox 974 697 1702 1291">
     <span class='ocr_line' id='line_1_78' title="bbox 1017 697 1701 733; baseline 0.004 -6"><span class='ocrx_word' id='word_1_407' title='bbox 1017 697 1137 733; x_wconf 76' lang='grc' dir='ltr'><strong><em>σύνναοι,</em></strong></span> <span class='ocrx_word' id='word_1_408' title='bbox 1154 699 1410 730; x_wconf 78' lang='lat' dir='ltr'>contubernales.</span> <span class='ocrx_word' id='word_1_409' title='bbox 1431 699 1471 729; x_wconf 80' lang='lat' dir='ltr'>ad</span> <span class='ocrx_word' id='word_1_410' title='bbox 1490 701 1561 730; x_wconf 83' lang='lat' dir='ltr'>Att.</span> <span class='ocrx_word' id='word_1_411' title='bbox 1577 700 1633 729; x_wconf 80' lang='lat' dir='ltr'>xii.</span> <span class='ocrx_word' id='word_1_412' title='bbox 1648 702 1701 730; x_wconf 88' lang='lat'><strong>45.</strong></span> 
     </span>
     <span class='ocr_line' id='line_1_79' title="bbox 976 739 1701 783; baseline 0.003 -14"><span class='ocrx_word' id='word_1_413' title='bbox 976 739 1029 769; x_wconf 91' lang='lat' dir='ltr'>Sic</span> <span class='ocrx_word' id='word_1_414' title='bbox 1052 741 1119 781; x_wconf 87' lang='lat' dir='ltr'>ipse</span> <span class='ocrx_word' id='word_1_415' title='bbox 1141 741 1227 771; x_wconf 85' lang='lat' dir='ltr'>hanc</span> <span class='ocrx_word' id='word_1_416' title='bbox 1250 751 1362 771; x_wconf 87' lang='lat' dir='ltr'>vocem</span> <span class='ocrx_word' id='word_1_417' title='bbox 1386 742 1625 783; x_wconf 75' lang='lat' dir='ltr'>interpretatur</span> <span class='ocrx_word' id='word_1_418' title='bbox 1647 742 1701 773; x_wconf 86' lang='lat' dir='ltr'>Ci-</span> 
     </span>
     <span class='ocr_line' id='line_1_80' title="bbox 976 782 1702 815; baseline 0.004 -4"><span class='ocrx_word' id='word_1_419' title='bbox 976 792 1049 812; x_wconf 85' lang='lat' dir='ltr'>cero</span> <span class='ocrx_word' id='word_1_420' title='bbox 1079 782 1101 813; x_wconf 89' lang='grc'>1.</span> <span class='ocrx_word' id='word_1_421' title='bbox 1127 783 1197 813; x_wconf 85' lang='lat' dir='ltr'>xiii.</span> <span class='ocrx_word' id='word_1_422' title='bbox 1224 785 1276 814; x_wconf 71' lang='lat'><strong>28.</strong></span> <span class='ocrx_word' id='word_1_423' title='bbox 1323 785 1478 815; x_wconf 85' lang='lat' dir='ltr'>Ceterum</span> <span class='ocrx_word' id='word_1_424' title='bbox 1509 785 1565 815; x_wconf 92' lang='lat' dir='ltr'>Dii</span> <span class='ocrx_word' id='word_1_425' title='bbox 1594 784 1702 815; x_wconf 74' lang='grc' dir='ltr'><strong><em>σόννοιοι</em></strong></span> 
     </span>
     <span class='ocr_line' id='line_1_81' title="bbox 975 825 1700 865; baseline 0.006 -12"><span class='ocrx_word' id='word_1_426' title='bbox 975 830 1066 862; x_wconf 82' lang='lat' dir='ltr'>sunt,</span> <span class='ocrx_word' id='word_1_427' title='bbox 1078 826 1134 865; x_wconf 80' lang='lat' dir='ltr'>qui</span> <span class='ocrx_word' id='word_1_428' title='bbox 1148 825 1274 865; x_wconf 87' lang='lat' dir='ltr'>templo</span> <span class='ocrx_word' id='word_1_429' title='bbox 1288 828 1454 857; x_wconf 86' lang='lat' dir='ltr'>communi</span> <span class='ocrx_word' id='word_1_430' title='bbox 1472 827 1641 864; x_wconf 79' lang='lat' dir='ltr'>coluntur,</span> <span class='ocrx_word' id='word_1_431' title='bbox 1658 828 1700 857; x_wconf 90' lang='lat' dir='ltr'>si-</span> 
     </span>
     <span class='ocr_line' id='line_1_82' title="bbox 975 867 1701 913; baseline 0.006 -17"><span class='ocrx_word' id='word_1_432' title='bbox 975 867 1070 898; x_wconf 78' lang='lat' dir='ltr'>miles</span> <span class='ocrx_word' id='word_1_433' title='bbox 1085 868 1145 898; x_wconf 74' lang='lat' dir='ltr'>dlis</span> <span class='ocrx_word' id='word_1_434' title='bbox 1161 867 1326 911; x_wconf 61' lang='grc' dir='ltr'><strong><em>παρίδςοις,</em></strong></span> <span class='ocrx_word' id='word_1_435' title='bbox 1341 868 1380 898; x_wconf 86' lang='lat' dir='ltr'>de</span> <span class='ocrx_word' id='word_1_436' title='bbox 1395 869 1511 908; x_wconf 77' lang='lat' dir='ltr'>qulbus</span> <span class='ocrx_word' id='word_1_437' title='bbox 1527 870 1589 900; x_wconf 71' lang='lat' dir='ltr'>diis</span> <span class='ocrx_word' id='word_1_438' title='bbox 1602 869 1701 913; x_wconf 64' lang='grc' dir='ltr'>παρέ·</span> 
     </span>
     <span class='ocr_line' id='line_1_83' title="bbox 975 907 1700 952; baseline 0.006 -13"><span class='ocrx_word' id='word_1_439' title='bbox 975 907 1055 952; x_wconf 66' lang='grc' dir='ltr'><strong><em>ὅροις,</em></strong></span> <span class='ocrx_word' id='word_1_440' title='bbox 1077 912 1302 948; x_wconf 62' lang='lat' dir='ltr'>assessoribus»,</span> <span class='ocrx_word' id='word_1_441' title='bbox 1330 920 1357 941; x_wconf 90' lang='lat' dir='ltr'>s.</span> <span class='ocrx_word' id='word_1_442' title='bbox 1394 913 1700 950; x_wconf 74' lang='lat' dir='ltr'>contubernalibus,</span> 
     </span>
     <span class='ocr_line' id='line_1_84' title="bbox 974 953 1702 986; baseline 0.005 -4"><span class='ocrx_word' id='word_1_443' title='bbox 974 957 1025 983; x_wconf 87' lang='lat' dir='ltr'>est</span> <span class='ocrx_word' id='word_1_444' title='bbox 1056 953 1171 983; x_wconf 86' lang='lat' dir='ltr'>doctus</span> <span class='ocrx_word' id='word_1_445' title='bbox 1194 953 1325 984; x_wconf 88' lang='lat' dir='ltr'>libellus</span> <span class='ocrx_word' id='word_1_446' title='bbox 1349 953 1398 984; x_wconf 88' lang='lat' dir='ltr'>Cl.</span> <span class='ocrx_word' id='word_1_447' title='bbox 1423 954 1569 985; x_wconf 83' lang='lat' dir='ltr'>Arnaldi.</span> <span class='ocrx_word' id='word_1_448' title='bbox 1615 956 1702 986; x_wconf 86' lang='lat' dir='ltr'>Sunt</span> 
     </span>
     <span class='ocr_line' id='line_1_85' title="bbox 975 994 1701 1035; baseline 0.006 -11"><span class='ocrx_word' id='word_1_449' title='bbox 975 996 1075 1025; x_wconf 82' lang='lat' dir='ltr'>etiam</span> <span class='ocrx_word' id='word_1_450' title='bbox 1092 994 1252 1035; x_wconf 62' lang='grc' dir='ltr'><strong><em>σύμβωμοι.</em></strong></span> <span class='ocrx_word' id='word_1_451' title='bbox 1267 1006 1297 1027; x_wconf 93' lang='lat' dir='ltr'><strong>v.</strong></span> <span class='ocrx_word' id='word_1_452' title='bbox 1322 996 1500 1035; x_wconf 78' lang='lat' dir='ltr'>spanhem.</span> <span class='ocrx_word' id='word_1_453' title='bbox 1521 997 1559 1027; x_wconf 87' lang='lat' dir='ltr'>de</span> <span class='ocrx_word' id='word_1_454' title='bbox 1582 1007 1644 1028; x_wconf 85' lang='lat' dir='ltr'>usu</span> <span class='ocrx_word' id='word_1_455' title='bbox 1665 1002 1701 1028; x_wconf 85' lang='lat' dir='ltr'>et</span> 
     </span>
     <span class='ocr_line' id='line_1_86' title="bbox 975 1038 1701 1079; baseline 0.004 -12"><span class='ocrx_word' id='word_1_456' title='bbox 975 1044 1087 1077; x_wconf 80' lang='lat' dir='ltr'>praest.</span> <span class='ocrx_word' id='word_1_457' title='bbox 1114 1038 1216 1069; x_wconf 87' lang='lat' dir='ltr'>Num.</span> <span class='ocrx_word' id='word_1_458' title='bbox 1247 1040 1333 1070; x_wconf 81' lang='lat' dir='ltr'>Diss.</span> <span class='ocrx_word' id='word_1_459' title='bbox 1366 1049 1398 1069; x_wconf 91' lang='lat' dir='ltr'>x.</span> <span class='ocrx_word' id='word_1_460' title='bbox 1430 1049 1462 1079; x_wconf 87' lang='lat' dir='ltr'>p.</span> <span class='ocrx_word' id='word_1_461' title='bbox 1496 1042 1565 1070; x_wconf 84' lang='lat'><strong>1:30.</strong></span> <span class='ocrx_word' id='word_1_462' title='bbox 1609 1041 1701 1071; x_wconf 84' lang='lat' dir='ltr'>Dicti</span> 
     </span>
     <span class='ocr_line' id='line_1_87' title="bbox 976 1080 1702 1123; baseline 0.004 -13"><span class='ocrx_word' id='word_1_463' title='bbox 976 1080 1196 1118; x_wconf 79' lang='lat' dir='ltr'>ciceroniani,</span> <span class='ocrx_word' id='word_1_464' title='bbox 1214 1092 1278 1122; x_wconf 92' lang='lat' dir='ltr'>quo</span> <span class='ocrx_word' id='word_1_465' title='bbox 1298 1081 1460 1112; x_wconf 69' lang='lat' dir='ltr'>Caesarem</span> <span class='ocrx_word' id='word_1_466' title='bbox 1478 1082 1604 1113; x_wconf 87' lang='lat' dir='ltr'>mavult</span> <span class='ocrx_word' id='word_1_467' title='bbox 1619 1083 1702 1123; x_wconf 71' lang='lat' dir='ltr'>Qui-</span> 
     </span>
     <span class='ocr_line' id='line_1_88' title="bbox 976 1123 1698 1162; baseline 0.008 -11"><span class='ocrx_word' id='word_1_468' title='bbox 976 1123 1052 1159; x_wconf 88' lang='lat' dir='ltr'>rini,</span> <span class='ocrx_word' id='word_1_469' title='bbox 1068 1134 1165 1162; x_wconf 87' lang='lat' dir='ltr'>quam</span> <span class='ocrx_word' id='word_1_470' title='bbox 1183 1125 1318 1161; x_wconf 83' lang='lat' dir='ltr'>Salutis,</span> <span class='ocrx_word' id='word_1_471' title='bbox 1335 1124 1458 1161; x_wconf 78' lang='grc' dir='ltr'><strong><em>σύνναον,</em></strong></span> <span class='ocrx_word' id='word_1_472' title='bbox 1473 1125 1543 1155; x_wconf 79' lang='lat' dir='ltr'>haec</span> <span class='ocrx_word' id='word_1_473' title='bbox 1559 1125 1605 1155; x_wconf 84' lang='lat' dir='ltr'>vis</span> <span class='ocrx_word' id='word_1_474' title='bbox 1626 1131 1675 1156; x_wconf 88' lang='lat' dir='ltr'>est</span> <span class='ocrx_word' id='word_1_475' title='bbox 1691 1139 1698 1157; x_wconf 79' lang='lat' dir='ltr'><strong><em>z</em></strong></span> 
     </span>
     <span class='ocr_line' id='line_1_89' title="bbox 975 1165 1699 1208; baseline 0.007 -14"><span class='ocrx_word' id='word_1_476' title='bbox 975 1165 1074 1195; x_wconf 79' lang='lat' dir='ltr'>malle</span> <span class='ocrx_word' id='word_1_477' title='bbox 1090 1176 1123 1196; x_wconf 88' lang='lat' dir='ltr'>se</span> <span class='ocrx_word' id='word_1_478' title='bbox 1140 1166 1304 1197; x_wconf 77' lang='lat' dir='ltr'>Caesarem</span> <span class='ocrx_word' id='word_1_479' title='bbox 1324 1173 1460 1207; x_wconf 86' lang='lat' dir='ltr'>propter</span> <span class='ocrx_word' id='word_1_480' title='bbox 1475 1168 1699 1208; x_wconf 79' lang='lat' dir='ltr'>tyrannidem,</span> 
     </span>
     <span class='ocr_line' id='line_1_90' title="bbox 976 1207 1699 1251; baseline 0.007 -15"><span class='ocrx_word' id='word_1_481' title='bbox 976 1212 1014 1236; x_wconf 86' lang='lat' dir='ltr'>ut</span> <span class='ocrx_word' id='word_1_482' title='bbox 1029 1207 1210 1240; x_wconf 86' lang='lat' dir='ltr'>Romulum</span> <span class='ocrx_word' id='word_1_483' title='bbox 1225 1214 1362 1250; x_wconf 84' lang='lat' dir='ltr'>propter</span> <span class='ocrx_word' id='word_1_484' title='bbox 1373 1211 1535 1240; x_wconf 80' lang='lat' dir='ltr'>severiora</span> <span class='ocrx_word' id='word_1_485' title='bbox 1548 1211 1699 1251; x_wconf 68' lang='lat' dir='ltr'>imperia,</span> 
     </span>
     <span class='ocr_line' id='line_1_91' title="bbox 974 1250 1555 1291; baseline 0.005 -12"><span class='ocrx_word' id='word_1_486' title='bbox 974 1250 1132 1288; x_wconf 85' lang='lat' dir='ltr'>interfici,</span> <span class='ocrx_word' id='word_1_487' title='bbox 1146 1262 1246 1291; x_wconf 88' lang='lat' dir='ltr'>quam</span> <span class='ocrx_word' id='word_1_488' title='bbox 1261 1252 1387 1282; x_wconf 85' lang='lat' dir='ltr'>salvum</span> <span class='ocrx_word' id='word_1_489' title='bbox 1404 1251 1459 1282; x_wconf 86' lang='lat' dir='ltr'>diu</span> <span class='ocrx_word' id='word_1_490' title='bbox 1474 1261 1555 1283; x_wconf 79' lang='lat' dir='ltr'>csse.</span> 
     </span>
    </p>

    <p class='ocr_par' dir='ltr' id='par_1_25' title="bbox 1016 1291 1596 1335">
     <span class='ocr_line' id='line_1_92' title="bbox 1016 1291 1596 1335; baseline 0.005 -12"><span class='ocrx_word' id='word_1_491' title='bbox 1016 1291 1139 1331; x_wconf 73' lang='grc' dir='ltr'><strong><em>συνοδία,</em></strong></span> <span class='ocrx_word' id='word_1_492' title='bbox 1155 1295 1361 1335; x_wconf 82' lang='lat' dir='ltr'>colloquium,</span> <span class='ocrx_word' id='word_1_493' title='bbox 1376 1295 1416 1325; x_wconf 79' lang='lat' dir='ltr'>ad</span> <span class='ocrx_word' id='word_1_494' title='bbox 1432 1294 1504 1325; x_wconf 73' lang='lat' dir='ltr'>Att.</span> <span class='ocrx_word' id='word_1_495' title='bbox 1520 1306 1552 1326; x_wconf 70' lang='lat' dir='ltr'><strong>x.</strong></span> <span class='ocrx_word' id='word_1_496' title='bbox 1565 1298 1596 1329; x_wconf 86' lang='lat'><strong>7.</strong></span> 
     </span>
    </p>

    <p class='ocr_par' dir='ltr' id='par_1_26' title="bbox 975 1336 1698 1412">
     <span class='ocr_line' id='line_1_93' title="bbox 1015 1336 1698 1377; baseline 0.004 -11"><span class='ocrx_word' id='word_1_497' title='bbox 1015 1336 1190 1377; x_wconf 69' lang='grc' dir='ltr'><strong><em>σῦντοιγμιι,</em></strong></span> <span class='ocrx_word' id='word_1_498' title='bbox 1212 1347 1302 1377; x_wconf 59' lang='lat' dir='ltr'>opust,</span> <span class='ocrx_word' id='word_1_499' title='bbox 1331 1338 1524 1376; x_wconf 76' lang='lat' dir='ltr'>compositio,</span> <span class='ocrx_word' id='word_1_500' title='bbox 1554 1337 1595 1368; x_wconf 86' lang='lat' dir='ltr'>ad</span> <span class='ocrx_word' id='word_1_501' title='bbox 1620 1338 1698 1372; x_wconf 76' lang='lat' dir='ltr'>Div.</span> 
     </span>
     <span class='ocr_line' id='line_1_94' title="bbox 975 1379 1642 1412; baseline 0.006 -4"><span class='ocrx_word' id='word_1_502' title='bbox 975 1379 1042 1409; x_wconf 85' lang='lat' dir='ltr'>viii.</span> <span class='ocrx_word' id='word_1_503' title='bbox 1062 1383 1090 1410; x_wconf 88' lang='lat'>3.</span> <span class='ocrx_word' id='word_1_504' title='bbox 1108 1381 1149 1410; x_wconf 86' lang='lat' dir='ltr'>ad</span> <span class='ocrx_word' id='word_1_505' title='bbox 1164 1381 1234 1410; x_wconf 84' lang='lat' dir='ltr'>Att.</span> <span class='ocrx_word' id='word_1_506' title='bbox 1249 1381 1314 1409; x_wconf 83' lang='lat' dir='ltr'>xvi.</span> <span class='ocrx_word' id='word_1_507' title='bbox 1328 1382 1358 1409; x_wconf 88' lang='lat'>3.</span> <span class='ocrx_word' id='word_1_508' title='bbox 1375 1379 1414 1409; x_wconf 76' lang='lat' dir='ltr'>ad</span> <span class='ocrx_word' id='word_1_509' title='bbox 1430 1379 1500 1409; x_wconf 83' lang='lat' dir='ltr'>Att.</span> <span class='ocrx_word' id='word_1_510' title='bbox 1515 1379 1572 1411; x_wconf 77' lang='lat' dir='ltr'>xii.</span> <span class='ocrx_word' id='word_1_511' title='bbox 1588 1383 1642 1412; x_wconf 82' lang='lat'><strong>45.</strong></span> 
     </span>
    </p>

    <p class='ocr_par' dir='ltr' id='par_1_27' title="bbox 1014 1422 1696 1462">
     <span class='ocr_line' id='line_1_95' title="bbox 1014 1422 1696 1462; baseline 0 -9"><span class='ocrx_word' id='word_1_512' title='bbox 1014 1422 1158 1461; x_wconf 65' lang='grc' dir='ltr'><strong><em>σύνταξις,</em></strong></span> <span class='ocrx_word' id='word_1_513' title='bbox 1181 1432 1270 1462; x_wconf 80' lang='lat' dir='ltr'>opus,</span> <span class='ocrx_word' id='word_1_514' title='bbox 1294 1422 1335 1452; x_wconf 85' lang='lat' dir='ltr'>ad</span> <span class='ocrx_word' id='word_1_515' title='bbox 1359 1423 1431 1452; x_wconf 78' lang='lat' dir='ltr'>Att.</span> <span class='ocrx_word' id='word_1_516' title='bbox 1461 1422 1528 1453; x_wconf 73' lang='lat' dir='ltr'>xiii.</span> <span class='ocrx_word' id='word_1_517' title='bbox 1561 1423 1617 1453; x_wconf 80' lang='lat'><strong>16..</strong></span> <span class='ocrx_word' id='word_1_518' title='bbox 1646 1433 1696 1453; x_wconf 87' lang='lat' dir='ltr'><strong>xv.</strong></span> 
     </span>
    </p>

    <p class='ocr_par' dir='ltr' id='par_1_28' title="bbox 970 1505 1702 1753">
     <span class='ocr_line' id='line_1_96' title="bbox 1014 1505 1697 1550; baseline 0 -13"><span class='ocrx_word' id='word_1_519' title='bbox 1014 1506 1096 1538; x_wconf 66' lang='grc' dir='ltr'><strong><em>σύνει-ε</em></strong></span> <span class='ocrx_word' id='word_1_520' title='bbox 1125 1507 1164 1538; x_wconf 74' lang='grc' dir='ltr'>δύ’</span> <span class='ocrx_word' id='word_1_521' title='bbox 1201 1506 1356 1550; x_wconf 63' lang='grc' dir='ltr'><strong><em>ἐρχομένω,</em></strong></span> <span class='ocrx_word' id='word_1_522' title='bbox 1389 1505 1623 1546; x_wconf 85' lang='lat' dir='ltr'>complendum</span> <span class='ocrx_word' id='word_1_523' title='bbox 1658 1517 1697 1537; x_wconf 81' lang='lat' dir='ltr'>ex</span> 
     </span>
     <span class='ocr_line' id='line_1_97' title="bbox 974 1548 1702 1592; baseline 0.001 -13"><span class='ocrx_word' id='word_1_524' title='bbox 974 1548 1111 1580; x_wconf 74' lang='lat' dir='ltr'>Homeri</span> <span class='ocrx_word' id='word_1_525' title='bbox 1135 1550 1229 1581; x_wconf 80' lang='lat' dir='ltr'>Iliad.</span> <span class='ocrx_word' id='word_1_526' title='bbox 1254 1557 1290 1582; x_wconf 88' lang='lat' dir='ltr'><strong>K.</strong></span> <span class='ocrx_word' id='word_1_527' title='bbox 1314 1553 1387 1582; x_wconf 66' lang='lat'><strong>924.</strong></span> <span class='ocrx_word' id='word_1_528' title='bbox 1412 1548 1465 1580; x_wconf 75' lang='grc' dir='ltr'>καί</span> <span class='ocrx_word' id='word_1_529' title='bbox 1486 1561 1518 1578; x_wconf 72' lang='grc' dir='ltr'>«τε</span> <span class='ocrx_word' id='word_1_530' title='bbox 1537 1550 1599 1592; x_wconf 61' lang='lat' dir='ltr'>vesi</span> <span class='ocrx_word' id='word_1_531' title='bbox 1618 1550 1702 1580; x_wconf 53' lang='lat' dir='ltr'>Sea?</span> 
     </span>
     <span class='ocr_line' id='line_1_98' title="bbox 974 1592 1700 1637; baseline 0 -15"><span class='ocrx_word' id='word_1_532' title='bbox 974 1592 1212 1628; x_wconf 70' lang='grc' dir='ltr'>ἔνὸησεν”οπ’π“ως</span> <span class='ocrx_word' id='word_1_533' title='bbox 1228 1592 1322 1637; x_wconf 64' lang='grc' dir='ltr'><strong><em>κέρδος</em></strong></span> <span class='ocrx_word' id='word_1_534' title='bbox 1337 1592 1382 1635; x_wconf 67' lang='grc' dir='ltr'>ἴῃ,</span> <span class='ocrx_word' id='word_1_535' title='bbox 1397 1593 1580 1631; x_wconf 76' lang='lat' dir='ltr'>duobusque</span> <span class='ocrx_word' id='word_1_536' title='bbox 1599 1593 1700 1623; x_wconf 76' lang='lat' dir='ltr'>simul</span> 
     </span>
     <span class='ocr_line' id='line_1_99' title="bbox 971 1636 1700 1675; baseline 0 -10"><span class='ocrx_word' id='word_1_537' title='bbox 971 1637 1131 1667; x_wconf 79' lang='lat' dir='ltr'>euntibus.</span> <span class='ocrx_word' id='word_1_538' title='bbox 1169 1639 1256 1667; x_wconf 75' lang='lat' dir='ltr'>alter</span> <span class='ocrx_word' id='word_1_539' title='bbox 1298 1638 1443 1667; x_wconf 55' lang='lat' dir='ltr'>alterum</span> <span class='ocrx_word' id='word_1_540' title='bbox 1481 1636 1700 1675; x_wconf 71' lang='lat' dir='ltr'>proevertisset</span> 
     </span>
     <span class='ocr_line' id='line_1_100' title="bbox 971 1677 1697 1719; baseline 0 -11"><span class='ocrx_word' id='word_1_541' title='bbox 971 1679 1156 1717; x_wconf 65' lang='lat' dir='ltr'>cogitando,</span> <span class='ocrx_word' id='word_1_542' title='bbox 1171 1680 1256 1719; x_wconf 88' lang='lat' dir='ltr'>quod</span> <span class='ocrx_word' id='word_1_543' title='bbox 1269 1689 1286 1709; x_wconf 85' lang='lat' dir='ltr'>e</span> <span class='ocrx_word' id='word_1_544' title='bbox 1299 1677 1444 1718; x_wconf 78' lang='lat' dir='ltr'>resoret.</span> <span class='ocrx_word' id='word_1_545' title='bbox 1459 1677 1498 1708; x_wconf 80' lang='lat' dir='ltr'>ad</span> <span class='ocrx_word' id='word_1_546' title='bbox 1512 1677 1586 1708; x_wconf 88' lang='lat' dir='ltr'>Div.</span> <span class='ocrx_word' id='word_1_547' title='bbox 1605 1677 1648 1708; x_wconf 86' lang='lat' dir='ltr'>ix.</span> <span class='ocrx_word' id='word_1_548' title='bbox 1665 1681 1697 1711; x_wconf 82' lang='lat'><strong>7.</strong></span> 
     </span>
     <span class='ocr_line' id='line_1_101' title="bbox 970 1720 1202 1753; baseline 0.009 -2"><span class='ocrx_word' id='word_1_549' title='bbox 970 1721 1011 1751; x_wconf 85' lang='lat' dir='ltr'>ad</span> <span class='ocrx_word' id='word_1_550' title='bbox 1025 1720 1096 1751; x_wconf 85' lang='lat' dir='ltr'>Att.</span> <span class='ocrx_word' id='word_1_551' title='bbox 1111 1721 1155 1752; x_wconf 83' lang='lat' dir='ltr'>ix.</span> <span class='ocrx_word' id='word_1_552' title='bbox 1170 1723 1202 1753; x_wconf 88' lang='grc'><strong>6.</strong></span> 
     </span>
    </p>

    <p class='ocr_par' dir='ltr' id='par_1_29' title="bbox 969 1759 1697 1846">
     <span class='ocr_line' id='line_1_102' title="bbox 1012 1759 1697 1802; baseline -0.004 -9"><span class='ocrx_word' id='word_1_553' title='bbox 1012 1763 1153 1802; x_wconf 66' lang='grc' dir='ltr'><strong><em>σύντηξις,</em></strong></span> <span class='ocrx_word' id='word_1_554' title='bbox 1172 1769 1268 1795; x_wconf 78' lang='lat' dir='ltr'>areta</span> <span class='ocrx_word' id='word_1_555' title='bbox 1290 1765 1479 1794; x_wconf 76' lang='lat' dir='ltr'>animorum</span> <span class='ocrx_word' id='word_1_556' title='bbox 1501 1759 1697 1802; x_wconf 75' lang='lat' dir='ltr'>conjunctio,</span> 
     </span>
     <span class='ocr_line' id='line_1_103' title="bbox 969 1806 1610 1846; baseline -0.005 -10"><span class='ocrx_word' id='word_1_557' title='bbox 969 1810 1000 1836; x_wconf 83' lang='lat' dir='ltr'>et</span> <span class='ocrx_word' id='word_1_558' title='bbox 1015 1808 1109 1846; x_wconf 63' lang='lat' dir='ltr'>qnasi</span> <span class='ocrx_word' id='word_1_559' title='bbox 1123 1807 1374 1846; x_wconf 72' lang='lat' dir='ltr'>conglutinatio,</span> <span class='ocrx_word' id='word_1_560' title='bbox 1390 1806 1431 1836; x_wconf 90' lang='lat' dir='ltr'>ad</span> <span class='ocrx_word' id='word_1_561' title='bbox 1446 1806 1517 1834; x_wconf 84' lang='lat' dir='ltr'>Att.</span> <span class='ocrx_word' id='word_1_562' title='bbox 1533 1814 1563 1834; x_wconf 86' lang='lat' dir='ltr'><strong>x.</strong></span> <span class='ocrx_word' id='word_1_563' title='bbox 1579 1807 1610 1834; x_wconf 86' lang='lat'><strong>8.</strong></span> 
     </span>
    </p>

    <p class='ocr_par' dir='ltr' id='par_1_30' title="bbox 970 1846 1695 1922">
     <span class='ocr_line' id='line_1_104' title="bbox 1011 1846 1695 1890; baseline -0.004 -11"><span class='ocrx_word' id='word_1_564' title='bbox 1011 1849 1154 1888; x_wconf 69' lang='grc' dir='ltr'><strong><em>σύντομα,</em></strong></span> <span class='ocrx_word' id='word_1_565' title='bbox 1178 1849 1407 1890; x_wconf 73' lang='lat' dir='ltr'>compendiose,</span> <span class='ocrx_word' id='word_1_566' title='bbox 1417 1847 1547 1888; x_wconf 77' lang='lat' dir='ltr'>paucis,</span> <span class='ocrx_word' id='word_1_567' title='bbox 1562 1846 1604 1876; x_wconf 88' lang='lat' dir='ltr'>ad</span> <span class='ocrx_word' id='word_1_568' title='bbox 1622 1848 1695 1878; x_wconf 80' lang='lat' dir='ltr'>Att.</span> 
     </span>
     <span class='ocr_line' id='line_1_105' title="bbox 970 1891 1077 1922; baseline 0.009 -1"><span class='ocrx_word' id='word_1_569' title='bbox 970 1891 1027 1922; x_wconf 86' lang='lat' dir='ltr'>vii.</span> <span class='ocrx_word' id='word_1_570' title='bbox 1045 1895 1077 1922; x_wconf 85' lang='lat'><strong>3.</strong></span> 
     </span>
    </p>

    <p class='ocr_par' dir='ltr' id='par_1_31' title="bbox 1011 1930 1554 1977">
     <span class='ocr_line' id='line_1_106' title="bbox 1011 1930 1554 1977; baseline -0.006 -13"><span class='ocrx_word' id='word_1_571' title='bbox 1011 1937 1133 1977; x_wconf 62' lang='grc' dir='ltr'><strong><em>σφαῖρα,</em></strong></span> <span class='ocrx_word' id='word_1_572' title='bbox 1147 1935 1275 1972; x_wconf 68' lang='lat' dir='ltr'>globus,</span> <span class='ocrx_word' id='word_1_573' title='bbox 1292 1933 1371 1964; x_wconf 69' lang='lat' dir='ltr'><strong>Nat.</strong></span> <span class='ocrx_word' id='word_1_574' title='bbox 1389 1930 1432 1962; x_wconf 85' lang='lat' dir='ltr'><strong>D.</strong></span> <span class='ocrx_word' id='word_1_575' title='bbox 1450 1931 1485 1961; x_wconf 75' lang='grc'>11.</span> <span class='ocrx_word' id='word_1_576' title='bbox 1508 1934 1554 1962; x_wconf 74' lang='grc'>18.</span> 
     </span>
    </p>

    <p class='ocr_par' dir='ltr' id='par_1_32' title="bbox 1010 1973 1664 2020">
     <span class='ocr_line' id='line_1_107' title="bbox 1010 1973 1664 2020; baseline -0.005 -12"><span class='ocrx_word' id='word_1_577' title='bbox 1010 1976 1190 2020; x_wconf 60' lang='grc' dir='ltr'><strong><em>σφαιροειδὲς,</em></strong></span> <span class='ocrx_word' id='word_1_578' title='bbox 1205 1977 1385 2016; x_wconf 76' lang='lat' dir='ltr'>globosum,</span> <span class='ocrx_word' id='word_1_579' title='bbox 1400 1973 1440 2004; x_wconf 82' lang='lat' dir='ltr'>de</span> <span class='ocrx_word' id='word_1_580' title='bbox 1456 1973 1617 2004; x_wconf 85' lang='lat' dir='ltr'>Universo</span> <span class='ocrx_word' id='word_1_581' title='bbox 1632 1974 1664 2006; x_wconf 88' lang='lat'><strong>6.</strong></span> 
     </span>
    </p>

    <p class='ocr_par' dir='ltr' id='par_1_33' title="bbox 1011 2017 1693 2061">
     <span class='ocr_line' id='line_1_108' title="bbox 1011 2017 1693 2061; baseline -0.004 -10"><span class='ocrx_word' id='word_1_582' title='bbox 1011 2021 1154 2061; x_wconf 74' lang='grc' dir='ltr'><strong><em>σφάλμα,</em></strong></span> <span class='ocrx_word' id='word_1_583' title='bbox 1170 2024 1333 2056; x_wconf 79' lang='lat' dir='ltr'>erratum,</span> <span class='ocrx_word' id='word_1_584' title='bbox 1357 2019 1480 2058; x_wconf 66' lang='lat' dir='ltr'>lapsuS,</span> <span class='ocrx_word' id='word_1_585' title='bbox 1503 2017 1543 2046; x_wconf 87' lang='lat' dir='ltr'>ad</span> <span class='ocrx_word' id='word_1_586' title='bbox 1565 2017 1637 2047; x_wconf 80' lang='lat' dir='ltr'>Att.</span> <span class='ocrx_word' id='word_1_587' title='bbox 1659 2027 1693 2048; x_wconf 87' lang='lat' dir='ltr'><strong>x.</strong></span> 
     </span>
    </p>

    <p class='ocr_par' dir='ltr' id='par_1_34' title="bbox 967 2101 1696 2183">
     <span class='ocr_line' id='line_1_109' title="bbox 1008 2101 1696 2145; baseline -0.007 -9"><span class='ocrx_word' id='word_1_588' title='bbox 1008 2103 1180 2145; x_wconf 66' lang='grc' dir='ltr'><strong><em>σχεδιάζειν,</em></strong></span> <span class='ocrx_word' id='word_1_589' title='bbox 1215 2104 1366 2140; x_wconf 72' lang='lat' dir='ltr'>Scribere,</span> <span class='ocrx_word' id='word_1_590' title='bbox 1403 2101 1489 2142; x_wconf 78' lang='lat' dir='ltr'>quod</span> <span class='ocrx_word' id='word_1_591' title='bbox 1521 2101 1626 2132; x_wconf 74' lang='lat' dir='ltr'>subito</span> <span class='ocrx_word' id='word_1_592' title='bbox 1659 2102 1696 2131; x_wconf 75' lang='lat' dir='ltr'>iu</span> 
     </span>
     <span class='ocr_line' id='line_1_110' title="bbox 967 2145 1688 2183; baseline -0.012 -3"><span class='ocrx_word' id='word_1_593' title='bbox 967 2154 1107 2181; x_wconf 82' lang='lat' dir='ltr'>mentem</span> <span class='ocrx_word' id='word_1_594' title='bbox 1121 2149 1221 2183; x_wconf 78' lang='lat' dir='ltr'>venit,</span> <span class='ocrx_word' id='word_1_595' title='bbox 1237 2146 1278 2177; x_wconf 87' lang='lat' dir='ltr'>ad</span> <span class='ocrx_word' id='word_1_596' title='bbox 1291 2146 1363 2176; x_wconf 83' lang='lat' dir='ltr'>Att.</span> <span class='ocrx_word' id='word_1_597' title='bbox 1380 2145 1422 2174; x_wconf 86' lang='lat' dir='ltr'>vi.</span> <span class='ocrx_word' id='word_1_598' title='bbox 1442 2147 1469 2174; x_wconf 96' lang='grc'>1.</span> <span class='ocrx_word' id='word_1_599' title='bbox 1684 2169 1688 2172; x_wconf 36' lang='grc'><strong>.</strong></span> 
     </span>
    </p>

    <p class='ocr_par' dir='ltr' id='par_1_35' title="bbox 964 2187 1701 2273">
     <span class='ocr_line' id='line_1_111' title="bbox 1011 2187 1701 2232; baseline -0.007 -10"><span class='ocrx_word' id='word_1_600' title='bbox 1011 2189 1193 2232; x_wconf 75' lang='grc' dir='ltr'><strong><em>σχιδῖοισμοι,</em></strong></span> <span class='ocrx_word' id='word_1_601' title='bbox 1205 2189 1349 2219; x_wconf 75' lang='lat' dir='ltr'>subitum</span> <span class='ocrx_word' id='word_1_602' title='bbox 1362 2187 1545 2223; x_wconf 79' lang='lat' dir='ltr'>consilium,</span> <span class='ocrx_word' id='word_1_603' title='bbox 1561 2196 1613 2216; x_wconf 71' lang='lat' dir='ltr'>res</span> <span class='ocrx_word' id='word_1_604' title='bbox 1631 2196 1701 2229; x_wconf 12' lang='lat' dir='ltr'>non?</span> 
     </span>
     <span class='ocr_line' id='line_1_112' title="bbox 964 2229 1683 2273; baseline -0.007 -9"><span class='ocrx_word' id='word_1_605' title='bbox 964 2236 1046 2264; x_wconf 77' lang='lat' dir='ltr'>satis</span> <span class='ocrx_word' id='word_1_606' title='bbox 1058 2235 1199 2273; x_wconf 75' lang='lat' dir='ltr'>cogitate</span> <span class='ocrx_word' id='word_1_607' title='bbox 1211 2234 1369 2270; x_wconf 80' lang='lat' dir='ltr'>suscepta.</span> <span class='ocrx_word' id='word_1_608' title='bbox 1385 2229 1424 2259; x_wconf 91' lang='lat' dir='ltr'>ad</span> <span class='ocrx_word' id='word_1_609' title='bbox 1436 2229 1507 2259; x_wconf 85' lang='lat' dir='ltr'>Att.</span> <span class='ocrx_word' id='word_1_610' title='bbox 1523 2238 1574 2259; x_wconf 84' lang='lat' dir='ltr'><strong>xv.</strong></span> <span class='ocrx_word' id='word_1_611' title='bbox 1596 2232 1646 2263; x_wconf 88' lang='grc'><strong>19.</strong></span> <span class='ocrx_word' id='word_1_612' title='bbox 1680 2253 1683 2255; x_wconf 22' lang='grc' dir='ltr'><strong>Α</strong></span> 
     </span>
    </p>

    <p class='ocr_par' dir='ltr' id='par_1_36' title="bbox 1007 2271 1695 2317">
     <span class='ocr_line' id='line_1_113' title="bbox 1007 2271 1695 2317; baseline -0.009 -9"><span class='ocrx_word' id='word_1_613' title='bbox 1007 2277 1172 2317; x_wconf 71' lang='grc' dir='ltr'><strong><em>σχήματα,</em></strong></span> <span class='ocrx_word' id='word_1_614' title='bbox 1206 2273 1444 2304; x_wconf 76' lang='lat' dir='ltr'>sententiarum</span> <span class='ocrx_word' id='word_1_615' title='bbox 1480 2271 1695 2311; x_wconf 75' lang='lat' dir='ltr'>orationisque</span> 
     </span>
    </p>
   </div>
   <div class='ocr_carea' id='block_1_6' title="bbox 953 2315 1695 2360">
    <p class='ocr_par' dir='ltr' id='par_1_37' title="bbox 953 2315 1695 2360">
     <span class='ocr_line' id='line_1_114' title="bbox 953 2315 1695 2360; baseline -0.007 -10"><span class='ocrx_word' id='word_1_616' title='bbox 953 2319 1091 2360; x_wconf 76' lang='lat' dir='ltr'>formoe,</span> <span class='ocrx_word' id='word_1_617' title='bbox 1112 2321 1179 2350; x_wconf 83' lang='lat' dir='ltr'>sive</span> <span class='ocrx_word' id='word_1_618' title='bbox 1199 2316 1372 2347; x_wconf 73' lang='lat' dir='ltr'>verborum</span> <span class='ocrx_word' id='word_1_619' title='bbox 1397 2318 1429 2344; x_wconf 79' lang='lat' dir='ltr'>et</span> <span class='ocrx_word' id='word_1_620' title='bbox 1457 2315 1695 2345; x_wconf 80' lang='lat' dir='ltr'>sententiarum</span> 
     </span>
    </p>
   </div>
   <div class='ocr_carea' id='block_1_7' title="bbox 966 2358 1693 2445">
    <p class='ocr_par' dir='ltr' id='par_1_38' title="bbox 966 2358 1693 2445">
     <span class='ocr_line' id='line_1_115' title="bbox 966 2358 1633 2398; baseline -0.009 -5"><span class='ocrx_word' id='word_1_621' title='bbox 966 2362 1108 2398; x_wconf 80' lang='lat' dir='ltr'>lumina,</span> <span class='ocrx_word' id='word_1_622' title='bbox 1124 2363 1332 2394; x_wconf 74' lang='lat' dir='ltr'>ornamenta,</span> <span class='ocrx_word' id='word_1_623' title='bbox 1348 2358 1444 2388; x_wconf 84' lang='lat' dir='ltr'>Brut.</span> <span class='ocrx_word' id='word_1_624' title='bbox 1463 2358 1514 2389; x_wconf 81' lang='lat'><strong>17.</strong></span> <span class='ocrx_word' id='word_1_625' title='bbox 1529 2362 1564 2386; x_wconf 89' lang='lat' dir='ltr'>et</span> <span class='ocrx_word' id='word_1_626' title='bbox 1579 2359 1633 2390; x_wconf 85' lang='lat'><strong>37.</strong></span> 
     </span>
     <span class='ocr_line' id='line_1_116' title="bbox 1006 2397 1693 2445; baseline -0.006 -10"><span class='ocrx_word' id='word_1_627' title='bbox 1006 2404 1139 2445; x_wconf 76' lang='grc' dir='ltr'><strong><em>σχὸλιον,</em></strong></span> <span class='ocrx_word' id='word_1_628' title='bbox 1157 2404 1260 2434; x_wconf 79' lang='lat' dir='ltr'>brevis</span> <span class='ocrx_word' id='word_1_629' title='bbox 1279 2399 1463 2439; x_wconf 69' lang='lat' dir='ltr'>explicatio,</span> <span class='ocrx_word' id='word_1_630' title='bbox 1480 2397 1521 2428; x_wconf 89' lang='lat' dir='ltr'>ad</span> <span class='ocrx_word' id='word_1_631' title='bbox 1535 2398 1608 2430; x_wconf 85' lang='lat' dir='ltr'>Att.</span> <span class='ocrx_word' id='word_1_632' title='bbox 1625 2399 1693 2431; x_wconf 84' lang='lat' dir='ltr'>xvi.</span> 
     </span>
    </p>
   </div>
   <div class='ocr_carea' id='block_1_8' title="bbox 969 2463 1692 2533">
    <p class='ocr_par' dir='ltr' id='par_1_39' title="bbox 969 2463 1692 2533">
     <span class='ocr_line' id='line_1_117' title="bbox 969 2463 1692 2533; baseline -0.01 -11"><span class='ocrx_word' id='word_1_633' title='bbox 969 2463 977 2482; x_wconf 43' lang='grc' dir='ltr'><em>Α</em></span> <span class='ocrx_word' id='word_1_634' title='bbox 1006 2489 1204 2533; x_wconf 58' lang='lat' dir='ltr'>2224»oeng</span> <span class='ocrx_word' id='word_1_635' title='bbox 1227 2488 1264 2521; x_wconf 77' lang='grc' dir='ltr'>εἷς</span> <span class='ocrx_word' id='word_1_636' title='bbox 1285 2484 1433 2527; x_wconf 53' lang='lat' dir='ltr'>{noio-2302,</span> <span class='ocrx_word' id='word_1_637' title='bbox 1450 2482 1692 2515; x_wconf 73' lang='lat' dir='ltr'>Socraticorum</span> 
     </span>
    </p>
   </div>
   <div class='ocr_carea' id='block_1_9' title="bbox 964 2525 1692 2911">
    <p class='ocr_par' dir='ltr' id='par_1_40' title="bbox 964 2525 1691 2618">
     <span class='ocr_line' id='line_1_118' title="bbox 964 2525 1691 2570; baseline -0.01 -6"><span class='ocrx_word' id='word_1_638' title='bbox 964 2543 1053 2564; x_wconf 80' lang='lat' dir='ltr'>more</span> <span class='ocrx_word' id='word_1_639' title='bbox 1072 2534 1108 2563; x_wconf 77' lang='lat' dir='ltr'>in</span> <span class='ocrx_word' id='word_1_640' title='bbox 1130 2531 1450 2570; x_wconf 80' lang='lat' dir='ltr'>utramquepartem</span> <span class='ocrx_word' id='word_1_641' title='bbox 1468 2525 1607 2567; x_wconf 83' lang='lat' dir='ltr'>(scilicet</span> <span class='ocrx_word' id='word_1_642' title='bbox 1626 2526 1691 2557; x_wconf 90' lang='lat' dir='ltr'>dis-</span> 
     </span>
     <span class='ocr_line' id='line_1_119' title="bbox 964 2571 1536 2618; baseline -0.014 -12"><span class='ocrx_word' id='word_1_643' title='bbox 964 2575 1113 2617; x_wconf 82' lang='lat' dir='ltr'>putare),</span> <span class='ocrx_word' id='word_1_644' title='bbox 1129 2574 1170 2605; x_wconf 86' lang='lat' dir='ltr'>ad</span> <span class='ocrx_word' id='word_1_645' title='bbox 1184 2574 1256 2604; x_wconf 81' lang='lat' dir='ltr'>Att.</span> <span class='ocrx_word' id='word_1_646' title='bbox 1275 2571 1310 2602; x_wconf 89' lang='lat' dir='ltr'>ii.</span> <span class='ocrx_word' id='word_1_647' title='bbox 1326 2573 1358 2602; x_wconf 83' lang='lat'><strong>3.</strong></span> <span class='ocrx_word' id='word_1_648' title='bbox 1434 2611 1453 2618; x_wconf 94' lang='lat'>..</span> <span class='ocrx_word' id='word_1_649' title='bbox 1529 2611 1536 2617; x_wconf 31' lang='lat'><em>⁶</em></span> 
     </span>
    </p>

    <p class='ocr_par' dir='ltr' id='par_1_41' title="bbox 964 2610 1690 2692">
     <span class='ocr_line' id='line_1_120' title="bbox 1006 2610 1690 2658; baseline -0.012 -9"><span class='ocrx_word' id='word_1_650' title='bbox 1006 2619 1106 2658; x_wconf 69' lang='grc' dir='ltr'><strong><em>σι’ῦμοι,</em></strong></span> <span class='ocrx_word' id='word_1_651' title='bbox 1128 2625 1257 2656; x_wconf 81' lang='lat' dir='ltr'>corpus,</span> <span class='ocrx_word' id='word_1_652' title='bbox 1280 2613 1322 2644; x_wconf 91' lang='lat' dir='ltr'>ad</span> <span class='ocrx_word' id='word_1_653' title='bbox 1345 2614 1418 2644; x_wconf 80' lang='lat' dir='ltr'>Att.</span> <span class='ocrx_word' id='word_1_654' title='bbox 1433 2621 1466 2641; x_wconf 87' lang='lat' dir='ltr'>n.</span> <span class='ocrx_word' id='word_1_655' title='bbox 1485 2613 1512 2641; x_wconf 88' lang='lat'><strong>1.</strong></span> <span class='ocrx_word' id='word_1_656' title='bbox 1528 2621 1552 2641; x_wconf 89' lang='lat'><strong>1.</strong></span> <span class='ocrx_word' id='word_1_657' title='bbox 1567 2621 1594 2642; x_wconf 85' lang='lat' dir='ltr'>e.</span> <span class='ocrx_word' id='word_1_658' title='bbox 1611 2610 1690 2641; x_wconf 53' lang='lat' dir='ltr'>⁴col—</span> 
     </span>
     <span class='ocr_line' id='line_1_121' title="bbox 964 2657 1494 2692; baseline -0.019 0"><span class='ocrx_word' id='word_1_659' title='bbox 964 2661 1063 2692; x_wconf 83' lang='lat' dir='ltr'>lectio</span> <span class='ocrx_word' id='word_1_660' title='bbox 1078 2671 1104 2691; x_wconf 88' lang='lat' dir='ltr'>s.</span> <span class='ocrx_word' id='word_1_661' title='bbox 1120 2658 1276 2690; x_wconf 88' lang='lat' dir='ltr'>volumen</span> <span class='ocrx_word' id='word_1_662' title='bbox 1293 2657 1494 2686; x_wconf 84' lang='lat' dir='ltr'>orationum.</span> 
     </span>
    </p>

    <p class='ocr_par' dir='ltr' id='par_1_42' title="bbox 964 2694 1692 2911">
     <span class='ocr_line' id='line_1_122' title="bbox 1006 2694 1690 2746; baseline -0.015 -12"><span class='ocrx_word' id='word_1_663' title='bbox 1006 2704 1153 2746; x_wconf 63' lang='grc' dir='ltr'><strong><em>σωρεία-ης,</em></strong></span> <span class='ocrx_word' id='word_1_664' title='bbox 1188 2698 1356 2730; x_wconf 80' lang='lat' dir='ltr'>conclusio</span> <span class='ocrx_word' id='word_1_665' title='bbox 1393 2696 1483 2736; x_wconf 87' lang='lat' dir='ltr'>quasi</span> <span class='ocrx_word' id='word_1_666' title='bbox 1521 2694 1690 2731; x_wconf 80' lang='lat' dir='ltr'>accrvalis,</span> 
     </span>
     <span class='ocr_line' id='line_1_123' title="bbox 964 2736 1692 2778; baseline -0.016 -1"><span class='ocrx_word' id='word_1_667' title='bbox 964 2745 1065 2777; x_wconf 86' lang='lat' dir='ltr'>Acad.</span> <span class='ocrx_word' id='word_1_668' title='bbox 1080 2747 1124 2776; x_wconf 85' lang='lat' dir='ltr'>iv.</span> <span class='ocrx_word' id='word_1_669' title='bbox 1140 2744 1189 2775; x_wconf 89' lang='grc'>16.</span> <span class='ocrx_word' id='word_1_670' title='bbox 1205 2744 1258 2776; x_wconf 78' lang='lat'><strong>29.</strong></span> <span class='ocrx_word' id='word_1_671' title='bbox 1282 2741 1318 2771; x_wconf 89' lang='lat' dir='ltr'>in</span> <span class='ocrx_word' id='word_1_672' title='bbox 1337 2749 1404 2778; x_wconf 87' lang='lat' dir='ltr'>qua</span> <span class='ocrx_word' id='word_1_673' title='bbox 1422 2738 1616 2768; x_wconf 73' lang='lat' dir='ltr'>minutatim</span> <span class='ocrx_word' id='word_1_674' title='bbox 1631 2736 1692 2767; x_wconf 88' lang='lat' dir='ltr'>ali-</span> 
     </span>
     <span class='ocr_line' id='line_1_124' title="bbox 965 2777 1689 2828; baseline -0.018 -8"><span class='ocrx_word' id='word_1_675' title='bbox 965 2787 1044 2828; x_wconf 91' lang='lat' dir='ltr'>quid</span> <span class='ocrx_word' id='word_1_676' title='bbox 1057 2783 1293 2825; x_wconf 80' lang='lat' dir='ltr'>interrogando</span> <span class='ocrx_word' id='word_1_677' title='bbox 1308 2781 1412 2812; x_wconf 80' lang='lat' dir='ltr'>veluti</span> <span class='ocrx_word' id='word_1_678' title='bbox 1424 2789 1539 2810; x_wconf 84' lang='lat' dir='ltr'>acervo</span> <span class='ocrx_word' id='word_1_679' title='bbox 1553 2777 1689 2826; x_wconf 79' lang='lat' dir='ltr'>aliquid,</span> 
     </span>
     <span class='ocr_line' id='line_1_125' title="bbox 964 2820 1689 2869; baseline -0.017 -8"><span class='ocrx_word' id='word_1_680' title='bbox 964 2831 1056 2869; x_wconf 83' lang='lat' dir='ltr'>quasi</span> <span class='ocrx_word' id='word_1_681' title='bbox 1093 2837 1233 2862; x_wconf 75' lang='lat' dir='ltr'>eranum</span> <span class='ocrx_word' id='word_1_682' title='bbox 1270 2823 1403 2855; x_wconf 83' lang='lat' dir='ltr'>additur</span> <span class='ocrx_word' id='word_1_683' title='bbox 1439 2827 1497 2852; x_wconf 86' lang='lat' dir='ltr'>aut</span> <span class='ocrx_word' id='word_1_684' title='bbox 1533 2820 1689 2856; x_wconf 80' lang='lat' dir='ltr'>demitur,</span> 
     </span>
     <span class='ocr_line' id='line_1_126' title="bbox 966 2861 1692 2911; baseline -0.017 -8"><span class='ocrx_word' id='word_1_685' title='bbox 966 2872 1069 2904; x_wconf 84' lang='lat' dir='ltr'>donec</span> <span class='ocrx_word' id='word_1_686' title='bbox 1093 2861 1132 2902; x_wconf 67' lang='grc' dir='ltr'>ἕο</span> <span class='ocrx_word' id='word_1_687' title='bbox 1154 2867 1334 2911; x_wconf 69' lang='lat' dir='ltr'>perveniat,</span> <span class='ocrx_word' id='word_1_688' title='bbox 1351 2875 1414 2904; x_wconf 76' lang='lat' dir='ltr'>quo</span> <span class='ocrx_word' id='word_1_689' title='bbox 1431 2864 1519 2894; x_wconf 80' lang='lat' dir='ltr'>velis.</span> <span class='ocrx_word' id='word_1_690' title='bbox 1538 2862 1577 2893; x_wconf 79' lang='lat' dir='ltr'>de</span> <span class='ocrx_word' id='word_1_691' title='bbox 1591 2863 1692 2893; x_wconf 75' lang='lat' dir='ltr'>sorite</span> 
     </span>
    </p>
   </div>
   <div class='ocr_carea' id='block_1_10' title="bbox 1052 2914 1130 2945">
    <p class='ocr_par' dir='ltr' id='par_1_43' title="bbox 1052 2914 1130 2945">
     <span class='ocr_line' id='line_1_127' title="bbox 1052 2914 1130 2945; baseline 0.013 -1"><span class='ocrx_word' id='word_1_692' title='bbox 1052 2914 1130 2945; x_wconf 75' lang='grc' dir='ltr'>ι19</span> 
     </span>
    </p>
   </div>
  </div>
 </body>
</html>
