1985 3206
720 61 880 90 1NDEx
918 62 1325 95 GEOGRAPHICUS.

259 146 325 178 uod
352 147 392 178 ab
414 147 485 178 aliis
507 146 547 178 ad
570 147 737 185 Pisidiam,
761 148 803 177 ab
825 148 897 178 aliis
921 147 962 178 ad

269 191 415 230 hrygiam
449 190 608 220 refertur:
646 190 721 229 quia
747 195 797 221 est
825 190 892 220 fere
928 190 961 220 in

227 233 392 271 confinio.
439 232 527 262 Hinc

284 273 454 314 Cibyratoe,
476 275 511 304 in
535 273 625 305 Verr.
651 275 692 304 iv.
712 277 759 305 13.
778 273 818 304 ad
836 274 908 305 Att.
933 284 961 304 v.

214 316 221 319 ’
237 318 265 349 9.
286 319 341 356 qui
366 324 501 347 venatus
523 316 658 346 studiosi
681 322 714 346 et
738 317 833 357 periti
853 322 961 353 erant,

236 359 475 400 pantherasque
489 358 672 398 capiebant,
689 359 776 389 unde
803 359 964 398 (libyratoe

231 403 414 442 pantheroe.
430 401 508 431 item

284 443 498 482 Cib-uraticus,
509 443 548 473 ad
556 441 628 472 Att.
638 453 667 473 v.
678 444 728 472 91.
742 446 775 472 et
785 442 856 472 aliis
871 443 962 475 locis.

285 485 419 521 Cimbri,
434 495 491 524 pro
508 486 545 515 L.
559 483 674 516 Manil.
691 487 741 514 ⁶20.
756 486 867 524 populi
882 486 961 515 Ger—

238 529 357 558 maniae
390 528 423 557 in
454 527 656 557 Chersoneso
685 528 725 558 ab
752 527 844 556 Albis
877 529 961 558 ostio

237 570 272 600 in
305 570 563 610 septentrionem
599 568 696 609 longe
733 576 960 608 procurrente,

240 622 312 651 quae
337 611 482 643 Cimbria
501 612 541 642 ab
556 612 594 642 iis
615 611 749 647 dicitur,
769 611 866 641 hodie
881 613 963 643 Jizt-

239 655 329 684 land.
355 655 405 684 De
421 654 471 690 iis,
483 664 595 684 eorum
613 655 810 693 migratione
825 659 860 684 et
875 654 961 685 bello

237 707 312 726 cum
327 697 424 727 Rom.
440 702 590 726 accurate
610 697 676 735 egit
697 695 856 728 Cellarius
878 697 961 727 Diss.

239 738 277 769 de
294 739 435 769 Cimbris
449 743 483 769 et
496 738 638 770 Teuton.
654 740 741 769 inter
757 738 844 769 Diss.
861 739 960 770 Acad.

240 791 261 821 p
275 823 454 859 Cimmerii,
465 822 564 853 Acad.
582 823 623 853 iv.
639 826 686 857 19.
698 826 776 852 sunt
791 823 902 862 populi
914 823 961 853 fa-

239 865 347 896 bulosi
362 866 469 896 Italiae
485 866 525 895 ab
538 866 656 905 oppido
677 865 859 902 Cimmerio,
876 865 962 904 quod

240 907 281 937 ad
300 908 462 939 Baianum
486 912 520 937 et
543 908 709 938 Avernum
730 908 839 937 sinum
862 908 961 938 fuisse

240 949 370 990 dicitur.
413 949 535 981 Fabula
556 954 605 980 est
627 960 679 989 ap.
696 949 831 980 Homer.
847 949 960 990 Odyss.

241 999 273 1022 λ.
318 993 367 1022 Ab
383 993 420 1022 iis
442 992 622 1022 Cimmeriae
636 993 772 1022 tenebra
787 992 951 1022 dicuntur.

288 1035 478 1074 C'Iugulum,
494 1034 535 1064 ad
557 1036 627 1064 Att.
651 1035 704 1064 vii.
733 1037 778 1064 ll.
803 1034 959 1074 oppidum

240 1077 275 1106 in
299 1078 431 1114 Piceno,
450 1076 527 1106 belli
549 1076 652 1106 civilis
675 1078 852 1108 Caesariani
875 1082 960 1106 tem-

241 1129 319 1159 pore
335 1119 532 1149 aedificatum
548 1129 567 1148 a
581 1119 621 1149 T.
636 1118 793 1149 Labieno.
821 1119 882 1150 Sed
897 1120 960 1149 fuit

240 1167 398 1201 praeterca
413 1160 500 1191 aliud
520 1159 710 1199 Cingulum,
726 1161 811 1199 quod
826 1162 961 1192 Floren-

239 1205 344 1233 tinum
361 1203 492 1240 dicitur,
508 1208 546 1233 ut
568 1204 609 1233 ab
623 1203 685 1234 hoc
709 1203 830 1234 Piceno
845 1204 960 1234 distin-

239 1252 370 1285 guatur.

256 1321 260 1323 ,
288 1287 414 1323 Circeii,
429 1287 469 1317 ad
484 1287 553 1317 Att.
569 1287 624 1317 xii.
644 1290 691 1321 19.
706 1289 782 1318 urbs
796 1299 870 1319 cum
887 1299 960 1329 pro-

240 1330 407 1359 montorio
420 1329 548 1359 Veteris
562 1329 662 1367 Latii,
675 1331 820 1370 subjecta
835 1332 959 1362 Pomti-

241 1368 292 1402 nae
309 1372 431 1412 paludi.

257 1411 259 1413 ’
289 1414 434 1450 cutiens,
450 1423 468 1443 a
488 1413 594 1450 Catio,
610 1414 706 1454 Cypri
723 1415 814 1447 urbe.

288 1456 440 1493 Citarim',
455 1456 489 1486 in
503 1456 595 1486 verr.
608 1456 652 1486 iii.
665 1459 716 1487 43.
730 1457 899 1489 Cluverius
913 1459 959 1489 le-

241 1499 384 1537 gendum
400 1503 510 1528 censet
534 1498 690 1535 Cetarini,
707 1510 725 1529 a
749 1500 891 1537 Cetaria,
906 1512 960 1531 ur-

240 1540 279 1570 be
295 1540 414 1570 Siciliae
432 1541 520 1570 inter
543 1541 796 1580 Segestanorum
818 1544 959 1583 empori-

240 1592 298 1612 um
329 1590 362 1613 et
385 1584 660 1622 promontorium.
704 1584 749 1614 Et
769 1586 815 1615 sic
837 1593 887 1616 est
906 1597 956 1626 ap.

239 1625 325 1654 Plin.
340 1625 385 1655 iii.
401 1628 429 1655 3.
445 1625 552 1655 Graev.
567 1626 643 1656 adl.
658 1636 686 1655 c.

288 1667 403 1697 Cimro
418 1667 459 1697 ad
482 1667 558 1697 Div.
576 1679 604 1698 x.
620 1678 671 1708 cp.
687 1670 737 1699 ⁴23.
753 1669 843 1699 locus
866 1671 899 1700 in
921 1670 959 1701 fi-

240 1709 336 1739 nibus
359 1709 587 1749 Allobrogum,
610 1711 635 1740 si
663 1710 760 1741 lectio
785 1719 874 1743 recta
897 1718 957 1743 est.

179 1762 186 1766 ⁷
240 1751 326 1781 Nam
343 1751 422 1781 Mss.
441 1752 571 1791 quidam
588 1752 710 1782 habent
738 1754 855 1785 Cuiaro
868 1768 876 1784 :
899 1766 960 1786 un-

240 1793 278 1823 de
295 1794 451 1831 Scaliger,
467 1795 671 1831 Sirmondus,
688 1801 722 1825 et
745 1797 799 1827 alii
819 1797 884 1836 legi
905 1809 959 1827 vo-

239 1835 315 1865 lunt
335 1836 466 1873 Cularo,
481 1846 553 1876 quae
565 1843 615 1867 est
635 1838 888 1879 Gratianopolis,
902 1841 960 1871 ho-

239 1877 291 1908 die
314 1878 470 1908 Grenoble
485 1891 493 1907 .·
516 1889 596 1918 quos
612 1880 694 1909 bene
709 1883 855 1919 sequitur
869 1883 960 1913 Grae-

239 1921 321 1950 vius.
365 1920 543 1960 Vulgatam
563 1921 708 1952 defendit
729 1923 866 1964 Dionys.
889 1926 960 1956 Sal-

238 1962 376 2001 v'agnius
391 1963 560 1993 Boessius:
585 1964 640 1994 sed
659 1964 688 1994 ei
710 1967 878 2005 respondit
897 1968 925 1997 V
927 1979 960 1998 a·

238 2004 295 2035 les.
312 2006 410 2035 notit.
434 2005 519 2035 Gall.
537 2017 566 2046 p.
593 2007 661 2037 165.
684 2012 717 2037 et
730 2014 844 2047 postea
860 2010 962 2048 pluri-

238 2047 300 2076 bus
316 2052 350 2077 et
373 2049 557 2078 accuratius
574 2049 745 2079 Bimardus
770 2051 808 2080 (le
827 2053 960 2086 origini-

240 2089 300 2118 bus
323 2089 600 2121 Cularonensibus
615 2091 649 2120 in
671 2091 847 2123 Muratorii
861 2095 960 2126 Thes.

242 2141 316 2161 nov.
333 2131 430 2161 inser.
446 2131 486 2162 T.
509 2135 534 2162 1.

287 2172 417 2203 Clarius
429 2173 482 2204 ΒΓ.
496 2176 546 2204 51.
561 2185 581 2204 a
599 2175 694 2206 Claro
703 2176 783 2207 urbe
799 2177 962 2219 Colopho-

240 2225 382 2245 morum.

287 2256 493 2294 Clastidium,
518 2258 616 2289 Tusc.
642 2259 708 2299 Qu.
729 2260 771 2290 iv.
795 2263 847 2292 22.
871 2262 961 2293 vicus

240 2299 357 2329 Galliae
372 2300 558 2340 Cisalpinae.

288 2342 456 2377 Claterna,
473 2342 512 2372 ad
529 2343 604 2373 Div.
623 2343 675 2373 xii.
692 2354 742 2383 ep.
760 2347 789 2375 5.
803 2345 961 2385 oppidum

239 2383 429 2422 Lingonum
454 2385 488 2414 in
514 2385 620 2415 Gallia
647 2386 842 2425 Cispadana‚
863 2388 962 2426 juxta

240 2436 369 2456 amnem
385 2425 527 2465 ejusdem
545 2428 697 2458 nominis.

287 2467 497 2504 Clazomenoe,
509 2469 608 2499 Tusc.
626 2470 646 2498 i.
662 2472 714 2500 453.
731 2470 808 2500 urbs
823 2471 937 2501 Ioniae.

286 2510 495 2546 Cliterninus,
511 2511 552 2540 ad
576 2512 651 2541 Div.
668 2512 711 2542 ix.
736 2514 787 2543 2⁶2.
803 2523 822 2542 a
847 2513 961 2543 Cliter-

239 2562 294 2586 πο,
309 2552 490 2589 AEquorum
508 2553 637 2593 oppido.

287 2592 418 2629 Cnidus,
441 2604 499 2632 pro
526 2595 564 2626 L.
588 2595 706 2626 Manil.
732 2598 778 2627 12.
799 2596 875 2626 urbs
900 2597 962 2627 Ca-

240 2640 308 2671 rin‘,
324 2636 410 2666 unde
430 2636 574 2673 Cnidius,
590 2638 624 2668 in
638 2638 731 2668 Verr.
748 2639 791 2668 iv.
808 2639 859 2668 60.
876 2639 934 2669 δίο.

288 2678 403 2715 Cnosii,
428 2677 467 2708 de
491 2679 594 2720 Legg.
620 2681 643 2710 i.
672 2683 701 2711 5.
729 2680 847 2710 incolae
873 2681 960 2711 urbis

246 2720 338 2751 Cnosi
350 2721 382 2750 in
400 2721 509 2752 Creta.

287 2763 525 2799 cobiomaehus,
549 2772 608 2802 pro
627 2763 723 2794 Font.
745 2767 775 2794 5.
800 2764 890 2794 vicus
913 2765 961 2804 ig-

240 2805 358 2840 nobilis
373 2805 459 2835 inter
472 2805 628 2835 Tolosam
643 2811 677 2836 et
693 2806 894 2836 Narbonem.

287 2847 432 2887 cocytus,
456 2846 496 2878 de
521 2847 601 2878 Nat.
627 2847 670 2879 D.
694 2848 740 2885 iii.
771 2851 819 2883 17.
843 2849 961 2880 fluvius

1669 56 1720 93 41

1005 158 1057 188 ap.
1074 148 1205 182 inseroS.

1051 191 1285 223 Coelimontana
1321 191 1440 227 Porta,
1467 191 1501 222 in
1530 191 1638 222 Pison.
1669 193 1721 223 23.

1004 232 1154 263 Romana
1168 241 1276 274 porta,
1292 235 1380 265 dicta
1393 244 1412 264 a
1439 233 1531 264 Caelt'o
1547 240 1672 271 monte,
1689 235 1723 264 in

1004 275 1097 312 cujus
1113 276 1197 305 clivo
1212 282 1294 307 erat.

1052 317 1184 353 (Melus,
1202 319 1288 357 regio
1305 317 1344 348 ad
1359 317 1437 347 litus
1451 317 1611 347 orientale
1626 318 1724 348 Ponti

1004 359 1124 389 Euxini
1141 361 1324 397 notissima,
1340 361 1431 398 cujus
1446 359 1557 399 populi
1577 360 1695 390 Colchi.

1052 401 1202 438 Collatia,
1216 403 1332 441 Agrar.
1348 403 1381 432 ii.
1396 404 1447 431 35.
1465 402 1621 442 oppidum
1635 402 1725 433 Latii

1007 452 1074 472 non
1091 445 1204 483 procul
1220 446 1260 475 ab
1276 445 1355 474 urbe
1373 444 1487 474 Roma.

1052 485 1219 525 Colophon,
1243 487 1319 517 urbs
1345 487 1447 517 Ioniae
1470 485 1616 517 celebris.
1640 486 1726 517 unde

1009 527 1200 567 Colophonii.
1444 547 1447 549 -

1051 569 1222 607 comensis,
1244 570 1284 600 ad
1307 570 1378 600 Att.
1404 580 1434 600 ν.
1463 572 1510 600 11.
1537 580 1555 600 a
1577 570 1670 601 Como
1698 580 1724 601 s.

1006 612 1199 650 Nowcomv,
1215 613 1345 643 colonia
1366 613 1588 653 transpadana
1610 612 1727 643 Galliae

1004 653 1182 694 cisalpinae.

1053 696 1278 735 Commagene,
1295 695 1335 726 ad
1350 696 1426 726 Div.
1445 696 1491 727 iii.
1511 699 1559 727 10..
1574 707 1647 737 pars
1667 699 1726 738 Sy-

1005 738 1074 774 riae,
1089 739 1217 769 Amano
1236 739 1341 769 monti
1359 743 1393 768 et
1409 738 1569 778 Euphrati
1594 741 1726 778 interje-

1004 786 1076 810 cta:
1100 781 1190 811 unde
1209 781 1456 819 Commagenus,
1472 781 1513 810 ad
1531 781 1602 812 Att.
1621 783 1653 812 ii.
1676 785 1724 814 12.

1052 822 1239 859 Commoris,
1253 823 1293 853 ad
1307 823 1382 853 Div.
1398 833 1449 853 xv,
1463 832 1514 862 ep.
1527 825 1558 853 4.
1572 825 1662 854 vicus
1674 824 1727 855 vel

1004 865 1175 895 castellum
1194 866 1318 896 Ciliciae
1331 866 1364 895 in
1379 865 1507 895 Amano
1523 873 1648 897 monte.

1051 907 1245 944 Consentini,
1261 908 1298 938 de
1319 908 1390 937 Fin.
1415 907 1453 937 B.
1477 907 1498 938 i.
1522 910 1553 938 3.
1567 909 1652 939 cives
1667 919 1726 950 op-

1004 949 1068 988 pidi
1090 950 1263 980 consentia>
1275 951 1309 980 in
1324 949 1562 980 mediterranea
1576 951 1726 982 Bruttio-

1005 1001 1090 1021 rum.

1051 1033 1142 1070 (1οης,
1165 1034 1198 1064 in
1222 1034 1316 1064 Verr.
1342 1034 1383 1064 iv.
1406 1033 1458 1063 60.
1483 1033 1524 1063 ab
1546 1034 1653 1064 insula
1671 1035 1723 1071 Co,

1005 1075 1093 1105 inter
1116 1076 1274 1107 Asiaticas
1289 1077 1351 1106 sita
1367 1076 1407 1106 ad
1430 1086 1520 1105 oram
1538 1077 1724 1108 occidenta-

1004 1117 1081 1153 lem,
1093 1118 1127 1147 in
1141 1129 1205 1157 qua
1219 1119 1296 1148 urbs
1309 1119 1424 1149 eodem
1441 1120 1585 1150 nomine.

1051 1160 1203 1199 Corcyra,
1220 1161 1327 1191 insula
1351 1167 1431 1191 nota
1455 1162 1570 1191 Graeca
1589 1171 1607 1191 a
1631 1166 1724 1201 parte

1003 1202 1210 1243 occidentali,
1221 1205 1271 1243 cuj
1277 1214 1314 1233 us
1326 1203 1437 1243 populi
1458 1204 1625 1242 (Im-‹gyroezz

1050 1245 1210 1283 Corduba,
1230 1247 1307 1276 urbs
1331 1246 1364 1276 in
1390 1247 1551 1287 Hispania
1573 1245 1723 1275 ulteriori

1002 1296 1028 1317 s.
1044 1287 1180 1318 Baetica.

1049 1329 1238 1370 Corfinium.
1253 1330 1292 1360 ad
1311 1330 1381 1361 Att.
1397 1331 1464 1361 viii.
1488 1333 1519 1360 3.
1545 1331 1603 1361 ἃς.
1617 1331 1727 1360 muni-

1002 1371 1125 1411 cipium
1147 1373 1180 1403 in
1205 1373 1359 1411 pelignis,
1383 1383 1458 1403 cum
1482 1372 1568 1403 bello
1593 1373 1724 1410 Italico,

1000 1420 1073 1443 tum
1090 1415 1175 1444 civili
1197 1415 1332 1445 Caesaris
1349 1416 1574 1445 nobilitatum.
1591 1425 1620 1446 ν.
1639 1417 1722 1446 Caes.

1001 1455 1040 1486 de
1068 1456 1107 1487 Β.
1143 1458 1181 1489 C.
1208 1456 1230 1487 l.
1270 1459 1290 1487 i.
1328 1458 1413 1488 unde
1453 1458 1658 1499 Corfiniensis
1685 1457 1726 1488 ad

1001 1499 1074 1528 Att.
1090 1499 1156 1529 viii.
1175 1503 1204 1530 5.

1049 1541 1232 1577 Corinthus,
1267 1542 1344 1571 urbs
1380 1542 1526 1579 Achaiae,
1562 1541 1602 1572 ad
1639 1541 1727 1572 Isth-

1001 1592 1092 1613 mum
1107 1595 1115 1620 3
1140 1595 1159 1613 a
1175 1584 1338 1614 Mummio
1353 1584 1460 1615 deleta
1480 1591 1514 1615 et
1532 1595 1551 1614 a
1571 1585 1638 1615 dul.
1656 1586 1727 1616 Cae.

1001 1634 1071 1655 sare
1087 1626 1290 1656 instaurata:
1316 1638 1335 1657 a
1353 1637 1416 1666 qua
1435 1627 1590 1657 dicuntur
1617 1629 1728 1658 Corin-

1001 1669 1070 1697 thia
1094 1679 1187 1705 vasa,
1214 1668 1308 1698 Rosc.
1340 1670 1450 1699 Amer.
1472 1671 1524 1700 46.
1568 1670 1667 1701 Tusc.
1693 1670 1728 1700 ii.

1006 1713 1053 1740 14.
1069 1716 1101 1740 υτ
1129 1711 1330 1741 Corinthium
1349 1722 1401 1748 (τε,
1418 1712 1458 1742 ad
1473 1713 1544 1742 Att.
1561 1712 1593 1741 ii.
1618 1716 1642 1742 l.
1666 1713 1726 1742 &cu

1002 1752 1179 1789 factitium,
1209 1764 1228 1783 e
1250 1755 1343 1783 variis
1379 1755 1522 1784 metallis
1550 1755 1726 1785 artificiose

1002 1795 1139 1825 mistum
1156 1800 1190 1826 et
1205 1802 1281 1826 ante
1306 1796 1504 1827 Corinthum
1527 1808 1544 1827 a
1560 1797 1726 1827 Mummio

1003 1836 1145 1867 deletam
1178 1844 1307 1869 notum.
1333 1850 1362 1868 v.
1389 1839 1544 1869 Dukcrus
1575 1839 1616 1869 ad
1640 1839 1725 1869 Flor.

1002 1879 1036 1909 ii.
1059 1880 1104 1910 16.
1122 1880 1304 1910 Boc-hartus
1318 1881 1449 1911 Hieroz.
1467 1882 1499 1911 ii.
1520 1883 1551 1912 6.
1579 1882 1626 1911 16.
1651 1881 1728 1911 For-

1003 1926 1036 1951 te
1054 1927 1129 1961 post
1143 1933 1214 1952 eam
1230 1923 1374 1953 dirutam
1390 1924 1532 1963 primum
1550 1925 1663 1954 Romae
1678 1924 1727 1954 in-

1004 1964 1128 2000 notuit,
1149 1975 1225 1995 cum
1247 1967 1281 1995 in
1305 1965 1414 2005 praeda
1436 1966 1610 1996 Corinthia
1633 1966 1727 2005 signa

1003 2011 1036 2035 et
1052 2016 1129 2036 vasa
1144 2016 1184 2037 ex
1201 2007 1387 2045 hujusmodi
1404 2017 1466 2038 aere
1482 2009 1569 2039 facta
1584 2009 1725 2038 Romam

1004 2048 1132 2088 perlata
1143 2056 1261 2080 essent.

1051 2090 1250 2129 Coriolanus,
1269 2091 1309 2122 ad
1331 2091 1400 2121 Att.
1422 2092 1467 2121 ix.
1494 2096 1542 2123 10.
1559 2103 1578 2123 a
1598 2093 1729 2124 Coriolis

1003 2133 1084 2163 urbe
1099 2133 1187 2164 Latii
1203 2134 1243 2163 ad
1256 2134 1344 2163 viam
1360 2134 1510 2173 Appiam.

1052 2175 1202 2214 Corycus,
1231 2176 1272 2206 ad
1299 2176 1375 2206 Div.
1403 2177 1458 2206 xii.
1493 2180 1540 2207 13.
1570 2177 1727 2218 oppidum

1005 2217 1140 2248 Ciliciae.

1051 2259 1224 2295 Cosanum,
1253 2260 1294 2289 ad
1316 2260 1387 2292 Att.
1415 2261 1459 2290 ix.
1484 2261 1514 2292 6.
1538 2271 1616 2300 ager
1638 2263 1728 2293 urbis

1009 2300 1092 2331 Cosa>
1107 2303 1140 2332 in
1153 2303 1299 2333 Etruria.

1052 2343 1177 2374 Crabra
1193 2345 1301 2383 Aqua,
1317 2344 1432 2380 Agrar.
1451 2345 1495 2375 iii.
1511 2347 1542 2375 3.
1564 2356 1654 2385 aquae
1669 2346 1728 2376 ‹lu-

1004 2390 1077 2415 ctus
1092 2397 1129 2416 ex
1145 2397 1223 2425 agro
1236 2386 1426 2417 Tusculano
1442 2387 1482 2417 ad
1497 2388 1612 2417 urbem
1628 2388 1728 2418 dedu-

1004 2433 1094 2458 ctus:
1119 2429 1206 2459 unde
1223 2435 1256 2458 et
1278 2429 1468 2459 Tusculana
1488 2430 1609 2460 dicitur
1633 2430 1728 2461 Balb.

1005 2471 1056 2501 ι20.
1073 2470 1128 2500 sed
1142 2476 1215 2511 post
1232 2470 1427 2501 Tusculanis
1442 2482 1527 2510 aqua
1541 2473 1665 2503 Crabra
1678 2482 1728 2502 re-

1004 2510 1084 2542 licta
1098 2514 1158 2543 sub
1173 2513 1332 2551 Augusto.
1350 2524 1379 2542 v.
1395 2513 1434 2543 de
1459 2524 1498 2543 ea
1521 2514 1670 2544 Frontin.
1687 2515 1726 2545 de

1003 2554 1197 2592 Aquaeduet.
1220 2565 1252 2584 n.
1270 2560 1300 2589 9.
1325 2556 1439 2595 Nuper
1460 2556 1499 2585 de
1520 2567 1559 2586 ea
1583 2557 1728 2596 disputa-

1003 2601 1077 2626 tum
1093 2602 1142 2626 est
1156 2598 1190 2627 in
1206 2598 1386 2636 quaestione
1401 2598 1439 2628 de
1454 2598 1519 2627 situ
1530 2599 1728 2629 Tusculanae

1005 2638 1091 2667 villae
1107 2640 1284 2669 Ciceronis.

1052 2680 1216 2717 Grannon,
1244 2682 1282 2711 de
1306 2681 1363 2711 Or.
1386 2681 1420 2711 ii.
1444 2681 1474 2711 6.
1492 2682 1568 2712 urbs
1589 2682 1730 2714 Thessa-

1005 2721 1057 2752 liae
1070 2735 1076 2751 z
1095 2723 1210 2753 melior
1222 2724 1384 2764 scriptura
1398 2728 1447 2753 est
1469 2723 1610 2760 Gronov,
1620 2730 1658 2754 ut
1673 2725 1730 2756 do-

1004 2769 1060 2794 cet
1074 2765 1245 2796 Drakenb.
1257 2766 1296 2796 ad
1310 2765 1382 2795 Liv.
1393 2767 1498 2796 nxvi.
1516 2770 1564 2797 10.
1576 2767 1630 2805 qui
1650 2775 1683 2798 et
1693 2768 1728 2799 h.

1005 2806 1027 2836 1.
1043 2806 1089 2836 sic
1104 2807 1201 2837 scribi
1217 2808 1320 2838 tradit
1335 2808 1368 2837 in
1386 2808 1466 2839 Cod.
1481 2808 1683 2846 Traiectino.

1052 2848 1182 2888 Crater,
1197 2850 1238 2882 ad
1250 2851 1322 2882 Att.
1339 2850 1373 2881 ii.
1391 2853 1421 2882 8.
1444 2850 1509 2881 fuit
1529 2852 1620 2882 sinus
1642 2852 1733 2883 inter
