1920 3196
241 56 328 95 306

303 154 420 190 Foetus,
434 151 474 182 de
485 150 638 190 frugibus
655 160 823 190 agrorum.
848 152 944 182 Orat.
956 151 991 182 ii.

253 202 307 231 30.
340 207 406 236 quo
430 195 584 226 meliores
608 204 687 234 ager
697 193 806 234 soetus
828 196 933 234 possit
957 199 992 225 et

255 241 450 283 grandiores
467 239 575 269 edere.
591 239 688 276 item,
701 238 811 269 baccis
824 239 991 269 arborum.

256 286 334 317 Div.
351 285 371 314 i.
388 288 419 318 9.
442 283 461 302 ²*
473 286 567 313 actus
582 281 788 313 edendorum
806 281 993 313 fructuum.

256 329 340 369 Leg.
357 329 378 358 i.
396 331 425 358 8.
458 336 531 366 quae
553 325 706 365 frugibus
722 329 757 356 et
770 325 880 356 baccis
895 330 993 356 terrae

243 372 338 414 J'oeea
354 370 614 412 profunduntur.
646 371 664 391 ὓ
680 372 874 409 proventuS‚
892 368 995 409 γενέθ-

257 423 309 449 λη.
337 415 434 446 Brut.
465 417 519 448 49.
547 423 609 444 nec
638 413 707 443 ulla
735 416 835 444 aetate
863 414 996 444 uberior

259 464 433 491 oratorum
440 456 548 497 foetus
562 457 639 487 suit.

304 503 399 534 Fons.
428 502 470 542 Ω.
488 501 540 532 Fr.
557 501 605 531 iii.
626 503 653 531 1.
668 503 700 531 4.
728 499 790 541 ipsi
800 498 995 540 fontesjam

261 547 401 577 eitiunt.

304 591 416 622 Foras.
445 589 488 629 Q.
506 587 558 619 Fr.
575 587 622 618 iii.
642 591 670 618 1.
687 588 718 621 6.
736 586 839 628 foras
854 597 996 618 coenare.

305 634 396 665 Fore.
424 633 496 663 Att.
511 642 541 662 v.
559 634 610 663 21.
628 630 709 672 fizre
724 636 917 662 venturum.
949 632 999 662 Si-

261 678 390 709 militer
412 677 484 707 Liv.
502 676 588 707 xxvi.
612 676 665 706 ζ26.
688 679 773 706 extr.
789 675 907 716 jbrent
926 685 1001 716 pas-

261 722 342 752 suri.
361 722 441 751 item
458 720 547 751 xxix.
564 723 596 752 3.
626 730 702 749 xxv.
718 721 771 750 24.
798 721 998 761 expulsurus

250 765 357 805 ,βω-ει.
382 775 478 795 xxxv.
498 767 547 795 13.
565 773 721 794 casurum
733 761 840 803 foret.
885 764 999 804 Nepos

258 810 363 840 Attio.
383 811 432 839 10.
449 807 617 838 laudaturi
629 806 759 847 fivrent.
787 807 887 848 Apud
902 807 999 838 Ovid.

259 853 300 884 A.
317 854 350 884 ii.
372 855 420 883 14.
437 854 490 883 23.
519 851 665 882 sedecim
690 851 794 882 Codd.
820 856 856 882 et
878 852 928 882 ed.
945 861 996 891 pr.

260 896 387 928 habent
401 894 649 935 futuraforent.
667 894 742 925 add.
753 896 834 926 Tiro
846 906 899 937 ap.
914 894 999 926 Gell.

259 951 291 971 x.
312 944 340 971 l.
372 945 407 971 et
423 940 531 970 Graev.
547 939 587 970 ad
602 939 674 970 Att.
688 949 719 969 v.
737 941 790 971 20.

306 984 413 1016 Fores.
437 983 479 1014 ad
502 983 666 1015 Diuxiii.
692 986 743 1015 10.
769 983 896 1024 aperire
913 982 997 1013 ami-

260 1028 460 1069 eitiaeJbres.

304 1073 389 1104 Fori.
416 1073 510 1102 Cato.
533 1071 565 1101 6.
590 1080 667 1101 cum
692 1070 749 1101 alii
772 1070 878 1101 malos
901 1080 997 1101 scan-

260 1116 356 1152 dant,
372 1116 427 1146 alii
454 1124 514 1155 per
523 1114 619 1155 foros
641 1119 789 1145 cursent.
817 1115 893 1146 Fari
916 1119 997 1146 sunt

260 1160 415 1190 tabulata
430 1160 578 1190 navium.
592 1158 659 1189 vid.
676 1158 817 1189 Salmas.
835 1158 877 1189 ad
892 1158 996 1190 Solin.

260 1214 282 1246 p
306 1248 407 1284 Foris,
425 1247 514 1277 varie
538 1252 572 1276 et
595 1246 712 1276 multis
736 1245 843 1277 modis
865 1245 1000 1277 dicitur.

260 1292 446 1332 praecipuos
471 1290 673 1328 adferemus,
689 1300 771 1330 quos
788 1290 924 1330 quidem
940 1291 998 1320 ob-

259 1337 475 1366 servavimus.
507 1335 548 1374 Ω.
582 1334 634 1364 Fr.
662 1334 697 1365 ii.
727 1337 757 1365 8.
780 1333 872 1374 foris
901 1334 998 1365 valde

259 1379 434 1420 plauditur
448 1390 458 1417 3
483 1388 605 1419 nempe
621 1384 717 1408 extra
732 1382 901 1417 senatum,
919 1378 953 1409 h.
969 1389 1000 1409 e.

259 1433 280 1453 a
296 1423 430 1462 reliquis
446 1423 630 1453 ordinibus.
662 1422 705 1452 ad
719 1423 796 1453 Div.
815 1423 836 1452 i.
855 1427 887 1456 9.
918 1433 996 1453 cum

257 1478 298 1499 ea
315 1468 489 1497 contentio
507 1467 556 1507 (in
573 1465 707 1505 senatu)
728 1465 912 1506 mihiforis
926 1477 998 1498 ma-

259 1521 366 1551 gnum
392 1511 542 1541 fructum
568 1510 713 1540 tulisset.
746 1510 841 1541 Verr.
868 1511 915 1541 iii.
942 1516 997 1546 90.

259 1564 327 1586 non
344 1553 589 1594 quaeramforz's
608 1554 642 1595 (i.
659 1564 688 1584 e.
705 1554 994 1596 extrajudicium)

258 1609 336 1632 ,cum
355 1599 477 1629 habeas
494 1598 626 1637 judices
648 1598 816 1638 principes
840 1599 997 1632 civitatiS.

258 1643 338 1673 ibid.
355 1646 409 1678 91.
436 1652 503 1673 non
522 1651 670 1681 quaeram
687 1641 999 1683 exemplumforis:

258 1686 322 1717 hoc
354 1687 425 1727 ipso
458 1697 497 1717 ex
536 1685 674 1716 consilio
712 1690 791 1716 utar
827 1687 1000 1727 exemplis.

258 1730 357 1762 Rosc.
384 1730 460 1761 Am.
486 1733 540 1764 47.
571 1730 661 1760 domi
686 1729 834 1769 dignitas
860 1735 896 1761 et
910 1730 1002 1771 soris

263 1774 368 1815 (apud
406 1772 550 1811 exteros)
593 1774 789 1804 auctoritas.
828 1774 928 1807 Arch.
970 1780 1002 1810 7.

261 1817 435 1848 delectant
461 1818 565 1856 domi,
590 1827 657 1850 non
684 1818 875 1858 impediunt
888 1818 1002 1858 fin-is:

261 1861 295 1892 h.
327 1872 357 1892 e.
388 1863 422 1892 in
453 1862 631 1902 provinciis
665 1871 743 1892 eum
782 1872 912 1901 sumus,
943 1868 1004 1895 aut

261 1905 296 1935 in
327 1905 424 1936 bello.
453 1905 494 1936 ad
520 1905 597 1937 Div.
624 1905 680 1936 vii.
716 1906 764 1937 16.
783 1905 875 1947 foris
901 1909 1004 1939 coeni-

259 1954 344 1980 tare.
384 1950 521 1980 Dicitur
550 1954 585 1980 et
617 1959 676 1989 pro
707 1949 863 1981 aliunde:
899 1951 1000 1984 Taso.

261 1994 308 2024 iii.
337 1997 367 2024 3.
386 1992 478 2033 soris
509 1998 634 2034 petere.
666 1993 739 2025 Fin.
765 1994 812 2026 iii.
839 1999 870 2029 7.
901 2000 941 2026 ut
967 1997 1002 2027 in

262 2038 334 2077 ipsa
358 2042 430 2067 arte
455 2038 549 2075 insit,
573 2047 640 2067 non
652 2037 742 2077 foris
764 2043 912 2078 petatur.
944 2040 1002 2072 Or.

261 2081 297 2112 ii.
314 2084 368 2112 40.
387 2080 479 2121 fam
502 2090 672 2112 assumere
688 2086 899 2121 argumenta.
924 2083 1003 2115 hinc

264 2124 330 2156 Pis.
347 2126 377 2155 6.
396 2125 486 2165 foris
502 2135 573 2156 esse
590 2125 763 2164 dicuntur,
781 2127 838 2166 qui
861 2132 942 2158 sunt
966 2129 1002 2160 in

802 62 950 92 INDEX
971 62 1269 93 LATlNlTA‘rIs.

1030 151 1263 183 communium
1286 156 1479 194 temporum
1503 158 1538 186 et
1560 155 1666 186 totius
1681 155 1764 197 reip.

1032 196 1151 226 misisti
1167 205 1369 236 expressam.
1389 197 1451 227 *in
1467 197 1764 238 rhetoricisforma

1033 239 1171 277 dicitur,
1186 244 1227 269 ut
1241 240 1362 279 figura,
1381 241 1488 282 primo
1511 242 1552 272 de
1574 243 1682 273 tribus
1708 253 1765 282 ge-

1032 283 1166 313 neribus
1183 282 1334 313 dicendi:
1359 284 1533 329 χαρακτὴρ,
1550 284 1619 316 ἰδίω.
1653 287 1711 317 Or.
1730 286 1764 316 ii.

1031 328 1085 357 23.
1118 327 1176 357 Or.
1198 330 1247 357 11.
1278 333 1314 358 et
1337 327 1376 358 de
1392 329 1628 360 schematibus,
1667 330 1766 362 Brut.

1036 373 1085 404 17.
1115 370 1362 402 sententiarum
1391 377 1426 403 et
1452 374 1612 403 orationis
1632 372 1766 413 forma.

1032 413 1073 444 de
1097 418 1165 454 opt.
1191 424 1266 453 gen.
1290 414 1354 446 dic.
1378 419 1408 447 5.
1447 416 1630 448 Sententiis
1650 417 1766 454 iidem,

1030 461 1065 487 et
1082 467 1204 495 earum.
1205 457 1326 496 formis
1340 463 1514 499 tamquam
1531 461 1657 500 figuris.
1683 461 1703 479 *⁵
1715 470 1767 491 ra-

1033 501 1093 539 tio,
1111 502 1321 534 constitutio.
1354 503 1455 535 Tusc.
1472 504 1506 534 ii.
1527 507 1577 536 15.
1602 504 1657 543 qui
1675 504 1768 534 Grae-

1032 545 1093 575 ciae
1119 543 1274 584 formam
1312 548 1636 589 rerumpublicarum
1668 547 1766 577 dede-

1035 592 1125 638 runt.
1162 589 1246 621 Phil.
1270 600 1300 620 v.
1320 593 1349 621 5.
1366 590 1488 631 forma
1503 590 1640 631 judicis.
1665 592 1767 631 *spe-

1035 642 1102 662 cies
1126 633 1172 663 rei
1196 633 1231 663 in
1255 634 1368 665 animo
1391 645 1547 675 expressa
1565 640 1599 664 et
1616 645 1768 675 eompre-

1035 675 1150 707 hensa.
1177 677 1270 708 Orat.
1298 680 1328 708 5.
1360 678 1477 709 habuit
1498 679 1647 719 profecto
1677 689 1768 709 com·

1033 719 1234 760 prehensam
1271 722 1385 752 animo
1418 722 1586 762 quandam
1612 722 1772 762 ,sbi-mam

1034 763 1362 804 eloquentiae.—eos,
1393 767 1512 805 quibus
1546 766 1672 806 aliquid
1709 771 1769 797 aut

1033 807 1132 847 plura
1148 808 1298 847 deerant,
1315 810 1350 840 in
1365 819 1440 840 eam
1451 809 1607 849 formam
1627 819 1694 839 non
1709 820 1769 850 po-

1033 854 1147 882 terant
1164 851 1348 884 includere.
1367 854 1386 872 *
1398 859 1556 884 externus
1574 859 1769 894 apparatuS,

1033 895 1188 935 insignia.
1217 896 1297 936 Agr.
1324 897 1360 928 ii.
1395 899 1444 928 13.
1473 897 1628 937 formam
1658 897 1769 928 adhuc

1034 938 1164 970 habetis
1188 943 1222 970 et
1244 941 1388 981 speciem
1413 941 1520 982 ipsam
1536 946 1769 982 tyrannorum.

1032 982 1099 1013 vid.
1130 983 1237 1015 Graev.
1263 984 1305 1014 ad
1329 983 1362 1015 h.
1391 985 1412 1015 l.
1447 985 1558 1017 *Nan
1584 986 1628 1016 D.
1656 985 1690 1016 ii.
1715 988 1769 1017 40.

1022 1025 1150 1066 formoe
1164 1028 1285 1067 igneae,
1302 1034 1383 1059 sunt
1398 1028 1517 1059 sidera.

1079 1071 1246 1103 For-mare.
1270 1072 1368 1104 Brut.
1384 1076 1436 1104 38.
1449 1072 1607 1114 formare
1626 1071 1770 1110 animos,

1035 1114 1160 1146 dicitur
1175 1120 1300 1155 orator,
1317 1117 1373 1156 qui
1395 1127 1450 1148 eos
1473 1118 1593 1155 flectit,
1611 1125 1771 1157 quorsum

1032 1159 1117 1190 vult.

1079 1202 1241 1241 Formido,
1258 1203 1346 1242 quod
1360 1204 1517 1235 timorem
1534 1204 1667 1235 incutit.
1698 1202 1772 1234 Fin.

1034 1256 1064 1277 v.
1101 1251 1149 1278 11.
1185 1248 1346 1286 quasdam
1376 1253 1452 1289 post
1482 1253 1626 1279 mortem
1645 1247 1773 1289 sormi-

1036 1292 1126 1322 dines
1149 1291 1383 1322 extimescant.
1416 1292 1518 1323 Tusc.
1544 1293 1565 1323 i.
1593 1293 1642 1323 16.
1675 1292 1771 1330 cujus

1037 1336 1203 1375 ignoratio
1227 1336 1327 1366 finxit
1350 1336 1486 1373 inferos,
1509 1346 1631 1376 easque
1646 1335 1770 1375 formi-

1036 1381 1139 1418 dines,
1172 1390 1254 1419 quas
1283 1383 1322 1409 tu
1352 1385 1570 1411 contemnere
1606 1380 1772 1410 w'debare.

1034 1424 1200 1455 Buherius
1223 1424 1263 1454 de
1288 1424 1465 1454 Poetarum
1490 1424 1564 1454 Dea
1588 1424 1773 1454 Formidine

1035 1468 1279 1508 interpretatur
1294 1480 1300 1497 :
1319 1467 1408 1507 quod
1423 1477 1490 1498 non
1506 1473 1558 1498 est
1574 1477 1719 1498 necesse.

1081 1512 1254 1550 Formula,
1269 1512 1389 1549 forma,
1406 1511 1508 1542 Acad.
1526 1512 1546 1542 i.
1563 1515 1595 1543 4.
1614 1510 1774 1552 formula

1034 1555 1232 1596 disciplinae.
1269 1555 1289 1575 ὓ
1305 1555 1461 1595 generale
1497 1556 1773 1596 pronunciatum,

1037 1610 1077 1630 ex
1093 1610 1159 1640 quo
1176 1600 1216 1630 de
1230 1600 1369 1640 singulis
1386 1600 1483 1630 rebus
1495 1598 1642 1639 judicari
1658 1600 1774 1640 possit.

1037 1644 1133 1675 Offic.
1151 1644 1196 1675 iii.
1213 1647 1244 1675 4.
1263 1643 1420 1684 jin-mula
1435 1643 1589 1683 quaedam
1610 1643 1776 1674 constitu-

1039 1687 1127 1718 enda
1139 1691 1201 1726 est,
1214 1689 1275 1719 ἃς.
1290 1688 1436 1727 *lnjure
1448 1686 1714 1727 civili‚formula
1722 1691 1775 1717 est

1041 1736 1152 1763 certus
1169 1733 1345 1763 verborum
1362 1731 1492 1763 modus.
1516 1731 1678 1765 For-mulce
1693 1736 1775 1762 sunt

1044 1779 1072 1806 1.
1099 1786 1161 1814 ece,
1184 1777 1218 1807 in
1243 1786 1325 1816 quas
1343 1775 1511 1815 judicium
1535 1775 1636 1806 datur
1651 1785 1671 1806 a
1686 1775 1776 1805 Prae-

1043 1824 1124 1851 tore.
1148 1819 1267 1859 Quint.
1283 1824 1313 1852 8.
1336 1820 1426 1850 unde
1438 1818 1595 1859 formula
1611 1819 1777 1859 cognitio-

1039 1864 1091 1894 nis
1108 1864 1197 1905 apud
1213 1863 1285 1895 Liv.
1301 1863 1345 1895 xl.
1366 1866 1414 1896 12.
1438 1863 1526 1903 quod
1549 1862 1591 1893 ad
1613 1864 1685 1902 ejus
1696 1861 1777 1903 sm·-

1041 1910 1138 1939 mulae
1169 1909 1454 1949 praescriptionem
1486 1907 1620 1947 judices
1650 1907 1775 1937 debent

1033 1952 1203 1991 judicium
1229 1962 1330 1984 suum
1355 1951 1512 1990 dirigere,
1539 1954 1585 1988 et,
1611 1950 1691 1990 quid
1721 1960 1776 1980 co-

1040 1995 1271 2035 gnoscendum
1287 1995 1578 2035 judicandumque
1602 1995 1659 2032 sit,
1673 2004 1712 2024 ex
1736 2003 1780 2023 ea.

1039 2040 1240 2080 intelligere.
1285 2042 1318 2072 2.
1353 2039 1532 2077 semi-um,
1565 2038 1686 2078 quibus
1724 2036 1778 2067 vel

1041 2084 1153 2124 agitur
1175 2085 1209 2115 in
1233 2084 1405 2124 aliquem3
1434 2083 1524 2114 unde
1534 2082 1691 2123 formula
1717 2091 1778 2122 pro

1041 2129 1187 2166 actione,
1204 2128 1301 2159 Rosc.
1326 2128 1421 2159 Com.
1439 2130 1470 2159 8.
1493 2130 1575 2157 sunt
1589 2127 1682 2166 jura,
1697 2128 1779 2155 sunt

263 2179 330 2200 aere
354 2169 479 2206 alieno,
496 2169 536 2199 de
561 2179 628 2208 qua
650 2169 794 2200 lectione
813 2175 943 2210 tamen,
959 2182 1003 2204 an
1028 2171 1203 2212 smmum.
1236 2172 1285 2203 Ex
1310 2182 1376 2212 quo
1394 2170 1552 2212 formula
1576 2170 1778 2210 injuriarum

264 2214 414 2253 genuina
437 2214 493 2251 sit,
510 2213 645 2244 dubitat
667 2213 854 2246 Manutius.
886 2215 957 2246 Fin.
982 2217 1005 2248 i.

269 2260 319 2288 13.
349 2266 412 2286 nec
427 2256 479 2287 hae
495 2257 696 2297 cupiditates
714 2258 878 2298 sesesbris
892 2259 1004 2292 solum

258 2301 410 2342 jactant,
429 2311 490 2331 nec
511 2305 650 2331 tantum
673 2302 708 2331 in
734 2302 814 2333 alios
835 2313 924 2333 coeco
941 2305 1003 2335 im·-

268 2349 350 2387 petu
366 2345 560 2383 incurrunt,
578 2345 636 2375 sed
652 2346 743 2375 intus
760 2347 864 2377 etiam
880 2347 915 2377 in
933 2349 1006 2380 ani-

268 2389 331 2419 mis
349 2387 487 2419 inclusae
504 2389 593 2419 inter
607 2399 641 2419 se
658 2389 835 2428 dissident,
856 2391 916 2422 &c.

313 2432 444 2463 Fbrma.
476 2432 672 2463 Dialecticis
690 2437 741 2463 est
763 2435 889 2474 species
907 2445 1008 2474 gene-

268 2477 296 2508 ri
313 2477 475 2515 subjecta.
505 2477 590 2517 Top.
606 2481 636 2511 7.
666 2479 700 2507 in
716 2478 1007 2518 divisionesormoe

269 2524 361 2557 sunt,
388 2530 469 2559 quas
496 2521 603 2551 Graeci
636 2519 711 2555 ἰδίας
740 2527 873 2560 vocant,
901 2525 1008 2554 nostri

268 2565 395 2604 species
419 2564 605 2604 appellant,
621 2574 687 2594 non
713 2566 855 2605 pessime
879 2567 911 2596 id
936 2569 1010 2607 qui-

269 2608 360 2644 dem,
378 2608 437 2637 sed
461 2607 626 2638 inutiliter
649 2608 691 2639 ad
715 2610 894 2640 mutandos
912 2620 1007 2642 casus

270 2651 304 2681 in
321 2651 463 2682 dicendo
479 2653 540 2683 ἃς.
573 2652 642 2683 sin.
665 2663 695 2683 V.
717 2656 749 2684 4.
768 2653 890 2694 forma
910 2655 1009 2685 disci-

269 2695 371 2735 plinae
401 2695 536 2736 triplex.
569 2696 588 2714 ⁷*
601 2695 782 2727 delineatio
811 2698 942 2729 aedificii
975 2703 1009 2730 et

269 2740 501 2779 cujuscunque
519 2740 577 2770 rei.
608 2740 649 2770 ad
665 2741 741 2771 Div.
760 2742 793 2771 ii.
811 2744 841 2772 8.
873 2747 913 2772 ut
929 2753 1007 2774 cum

254 2782 411 2823 Jbrmam
434 2784 516 2824 reip.
542 2783 695 2821 viderim,
712 2784 810 2824 quale
826 2786 1007 2818 aedificium

253 2822 422 2857 ‘futurum
446 2828 492 2858 sit
515 2828 577 2857 &c.
610 2828 652 2858 cf.
670 2829 727 2858 Or.
745 2828 766 2859 i.
784 2832 836 2860 35.
852 2834 935 2860 extr.
967 2831 1007 2861 ad

267 2869 344 2901 Div.
363 2871 409 2902 iii.
429 2873 478 2903 11.
508 2870 598 2912 quod
613 2872 654 2903 ad
669 2881 722 2903 me
746 2875 839 2912 quasi
849 2873 1004 2914 formam

1041 2226 1094 2256 ap.
1110 2216 1249 2247 Sueton.
1264 2216 1378 2247 Vitell.
1394 2220 1425 2251 7.
1439 2214 1595 2256 fwmula
1610 2213 1727 2244 cadere
1743 2217 1780 2243 et

1041 2259 1176 2292 similia.
1191 2259 1244 2290 vel
1266 2261 1387 2300 quibus
1408 2261 1627 2295 testamenta,
1649 2258 1780 2297 sponsi-

1041 2304 1387 2345 ones,stipulationes
1404 2308 1439 2335 et
1463 2302 1581 2342 reliqui
1606 2301 1780 2341 hujusmo-

1044 2348 1077 2378 di
1093 2352 1186 2379 actus
1203 2349 1291 2388 juris
1307 2349 1407 2385 fiunt,
1424 2347 1543 2386 quibus
1560 2349 1698 2376 cavetur
1718 2343 1779 2374 ali-

1043 2393 1110 2423 cui.
1136 2403 1166 2423 v.
1184 2392 1317 2424 Cautio.
1346 2393 1407 2423 &c.
1431 2395 1578 2430 suntque
1601 2389 1779 2419 verborum

1045 2441 1148 2467 certae
1178 2436 1414 2477 conceptiones
1446 2440 1481 2465 et
1510 2435 1626 2465 formae
1641 2445 1651 2471 3
1689 2431 1781 2465 unde

1045 2480 1149 2510 etiam
1167 2489 1291 2511 nomen
1306 2480 1487 2511 duxerunt.
1516 2479 1606 2509 Mur.
1634 2479 1682 2507 13.
1701 2475 1781 2516 firr-

1046 2525 1146 2554 muloe
1160 2528 1278 2554 vestrae
1292 2528 1395 2563 atque
1412 2524 1572 2554 actiones.
1591 2521 1652 2551 ἃς.
1678 2520 1780 2552 ¹‘For-

1047 2570 1146 2598 nmlae
1161 2567 1299 2607 Aquillii
1314 2568 1355 2598 de
1379 2567 1454 2598 dolo
1469 2566 1570 2603 malo,
1586 2565 1651 2595 Off.
1668 2564 1714 2594 iii.
1730 2566 1781 2594 14.

1046 2616 1127 2642 sunt
1150 2612 1364 2643 definitiones
1389 2611 1456 2642 doli
1478 2610 1572 2646 mali,
1589 2609 1708 2648 quibus
1732 2607 1782 2637 di-

1044 2656 1167 2686 stincte
1184 2665 1378 2696 expressum
1393 2660 1478 2692 erat,
1496 2654 1616 2694 quibus
1632 2653 1667 2682 in
1683 2652 1782 2689 rebus

1045 2699 1141 2730 dolus
1159 2699 1266 2730 malus
1281 2704 1468 2730 teneretur.

1089 2744 1225 2781 Famis,
1256 2748 1381 2784 praeter
1409 2742 1582 2781 vulgarem
1613 2739 1783 2780 significa·

1043 2788 1187 2826 tionem,
1202 2787 1373 2827 significat
1395 2796 1511 2817 arcum
1526 2782 1781 2824 triumphalem,

1045 2836 1106 2862 aut
1137 2831 1272 2862 honoris
1300 2841 1401 2862 causa
1430 2831 1533 2861 etiam
1563 2838 1631 2858 non
1661 2827 1783 2857 trium-

1047 2876 1168 2917 phanti
1180 2876 1404 2907 constitutum
1418 2886 1430 2915 ς
1449 2873 1539 2915 quod
1550 2881 1656 2914 genus
1669 2870 1785 2902 crebro
