1920 3196
631 87 778 116 mni-:x
810 85 1110 117 LATINITA'NS.

116 178 169 209 vel
193 177 295 209 animi
320 177 472 216 insignis.
498 177 600 208 Tusc.
623 176 664 206 iv.
686 179 713 206 1.
742 177 850 206 incre·

116 221 226 252 dibilis
253 230 369 252 cursus
397 221 439 250 ad
465 230 601 250 omnem
625 222 849 251 excellentiam

118 267 226 296 factus
243 270 303 294 est.

161 309 342 339 .E.c‹·ellere.
381 307 486 337 Flacc.
517 308 548 338 6.
587 308 747 337 autoritas
777 307 848 345 ejus

115 354 242 383 excellit
267 353 300 381 in
326 352 389 381 ista
413 352 597 391 provincia,
616 352 721 390 major
744 358 793 380 est
815 351 848 380 in

115 398 180 426 ista
204 396 384 436 provincia,
403 394 454 424 vel
472 396 627 425 maxima.
652 396 685 424 in
712 395 776 424 Pis.
796 398 849 424 38.

117 450 192 479 quae
215 441 388 476 excellant,
407 439 427 468 i.
445 439 614 479 praecipua
637 443 728 476 sunt,
745 438 848 468 ctiam

118 485 152 513 in
169 489 298 523 partem
317 483 527 512 deteriorem.

165 527 317 567 Exceptio
330 527 494 566 praetoria.
519 525 590 556 InV.
603 526 636 555 ii.
654 529 700 560 19.
725 536 754 555 v.
767 535 850 565 prae-

117 571 234 601 torius.
259 570 300 600 cf.
321 570 445 600 Hercu.
464 571 484 599 i.
506 572 554 600 12.

162 614 361 655 Eareqoew,
385 615 543 644 eximere.
574 614 631 643 Or.
656 613 689 643 ii.
714 616 763 643 11.
794 624 848 644 ez·-

115 668 244 698 cetpere
259 659 298 688 de
317 668 457 688 numcro
474 658 534 687 ἃς.

162 703 325 740 Eam-«tra,
338 702 452 742 hydra.
474 702 576 732 Tuse.
589 701 622 731 ii.
632 705 662 735 9.
688 700 758 730 htrc
772 699 850 730 dex-

115 750 169 776 tra
192 746 351 783 Lernam,
368 749 516 775 mactata
533 748 676 781 erecti-a,
694 744 849 785 placarit.

119 790 230 821 Habet
247 791 349 820 etiam
367 789 479 820 Livius
496 789 604 819 xxxix.
626 792 674 818 11.

164 833 338 865 Eat-idere.
369 835 426 863 Or.
451 834 471 862 i.
489 835 540 863 ⁶21.
571 833 690 864 accidit
703 830 848 861 libellus.

119 877 197 908 ibid.
222 880 252 908 2.
285 888 359 917 quae
383 877 539 907 inchoata
563 887 600 907 ac
615 876 711 906 rudia
727 876 850 906 accede-

117 926 210 952 runt.
235 921 274 951 ad
299 925 370 952 Att.
388 922 433 951 iii.
456 924 503 951 1⁴2.
534 922 640 951 oratio
657 920 792 950 eccidit:
816 919 850 949 11.

118 975 148 995 c.
163 972 285 1005 praeter
296 965 503 995 xoluntatem
517 970 666 995 nostram
679 964 713 993 in
730 964 849 1003 vulgus

117 1017 212 1039 exnt.

163 1052 341 1092 Excipere,
368 1062 427 1092 pro
457 1053 619 1092 accipere.
649 1052 720 1082 Att.
748 1052 769 1081 i.
801 1054 849 1082 14.

118 1096 251 1126 laudem
275 1099 430 1135 excipere.
455 1106 483 1126 ν.
500 1097 616 1127 Burm.
642 1096 683 1125 ad
706 1095 851 1135 Quintil.

117 1140 302 1171 Dec1.3.3o.
327 1140 368 1170 ad
391 1140 462 1170 Att.
480 1141 526 1171 iii.
540 1142 592 1171 ⁶23.
617 1150 694 1169 cum
709 1140 849 1169 nuncios

117 1194 276 1224 excepero.
295 1194 362 1215 non
375 1184 534 1214 dissimile
551 1188 601 1214 est
617 1183 701 1214 illud
717 1184 758 1213 ad
773 1184 850 1214 Div.

118 1229 139 1258 i.
152 1233 183 1262 9.
208 1227 330 1258 illustri
343 1228 451 1267 gratia
460 1227 585 1267 aliquid
594 1229 748 1267 arripere.
763 1231 781 1248 ᾖ
793 1227 850 1258 Or.

119 1272 151 1302 ii.
169 1275 199 1302 8.
224 1273 367 1313 accipere
383 1272 569 1302 voluntates
584 1272 774 1308 hominum,
787 1276 850 1309 est,

119 1315 298 1354 adducere,
315 1326 474 1355 quorsum
490 1316 587 1346 velis:
614 1324 766 1346 sumtum
782 1326 799 1345 e
817 1326 850 1345 re

122 1361 303 1390 venatoria.

166 1403 341 1441 Ercitare,
358 1409 479 1434 testem
496 1405 530 1434 in
547 1404 716 1443 judicium
741 1403 783 1434 ad
803 1403 851 1433 di-

121 1448 266 1478 cendum
300 1448 534 1478 testiinonium
573 1458 701 1478 vocare.
740 1448 852 1478 Rabir.

120 1491 211 1522 Post.
232 1494 280 1523 19.
314 1493 488 1531 injudicio
504 1493 636 1522 Gabinii
653 1491 754 1521 tertio
771 1502 852 1530 quo-

121 1545 185 1574 que
203 1536 300 1566 verbo
316 1537 557 1566 escifuhsmtu-r.
571 1536 740 1575 negabant
753 1536 852 1565 Gabi-

120 1580 178 1609 nio
208 1581 387 1620 pecuniam
420 1581 545 1610 datam.
577 1580 654 1609 hinc
683 1580 787 1609 etiam
812 1579 851 1609 de

121 1623 208 1660 aliis,
221 1634 301 1662 quos
315 1625 500 1654 testimonii
518 1628 577 1654 aut
592 1624 736 1663 exempli
753 1634 854 1653 causa

118 1667 327 1698 adducimus.
357 1668 458 1698 Tusc.
485 1679 514 1698 v,
541 1670 593 1699 ⁶23.
626 1669 767 1698 ezcimbo
793 1667 852 1698 ho-

122 1711 320 1742 munculum
338 1722 356 1742 a
373 1711 507 1751 pulvere
524 1717 558 1742 et
575 1712 677 1742 radio.
700 1711 854 1741 *dicitur

120 1755 224 1784 etiam
242 1756 281 1785 de
298 1756 460 1786 aedificiis.
487 1758 576 1787 Sext.
594 1759 623 1786 ⁶2.
651 1756 771 1795 quibus
790 1756 853 1785 ini-

121 1799 177 1828 tiis
190 1805 224 1829 et
237 1799 565 1837 fundamentis—hae
578 1800 692 1830 laudes
705 1801 854 1830 ercilatae

120 1843 199 1873 sint.
226 1844 314 1874 *On
334 1845 367 1874 ii.
386 1846 438 1875 ⁶21.
466 1844 597 1874 facilius
614 1845 647 1874 in
665 1844 787 1874 vitibus
803 1854 854 1873 re-

120 1891 281 1917 vocantur
304 1898 355 1925 ea,
377 1898 449 1927 quae
473 1898 507 1918 se
532 1889 674 1918 nimium
698 1888 854 1927 profude-

121 1935 213 1968 runt,
226 1942 327 1970 quam
340 1932 366 1961 si
381 1931 465 1962 nihil
478 1932 565 1962 valet
582 1933 751 1970 materies,
770 1942 855 1962 nova

122 1982 294 2005 sarmenta
309 1975 443 2006 cultura
458 1978 657 2007 excitantur.

165 2018 355 2050 Excitatus.
386 2022 443 2050 Or.
475 2021 508 2050 ii.
541 2023 594 2050 41.
628 2020 677 2050 liis
710 2019 789 2050 locis
819 2021 854 2050 in

123 2067 235 2092 mente
253 2068 287 2093 et
305 2065 507 2102 cogitatione
526 2064 655 2101 defixis,
669 2068 703 2093 ct
716 2065 749 2094 in
763 2065 854 2094 omni

121 2115 155 2134 re
180 2106 221 2136 ad
245 2107 423 2137 dicendum
449 2109 559 2148 posita
580 2109 746 2139 excitatis:
771 2108 803 2138 h.
826 2118 855 2138 e.

122 2148 157 2178 in
188 2152 386 2181 memoriam
418 2153 579 2182 revocatis
611 2160 647 2182 et
676 2152 717 2182 ad
745 2162 855 2183 usum.

122 2193 141 2210 ’ἓ
153 2193 264 2224 Rabir.
290 2195 377 2225 Post.
395 2199 443 2226 15.
467 2197 597 2235 magnis
615 2196 760 2236 praemiis
773 2198 856 2227 erci-

123 2241 206 2268 mta.
230 2238 302 2269 *ad
325 2240 402 2270 Div.
420 2240 452 2269 ii.
474 2241 522 2271 16,
549 2240 685 2270 fortuna
700 2241 854 2271 excitata.

123 2283 455 2322 opponiturjacenti.

170 2326 372 2365 Exn-ludere,
384 2328 532 2366 rejicere.
550 2329 632 2358 Har.
645 2328 684 2358 R.
698 2329 750 2357 ⁶21.
768 2327 856 2366 quod

122 2369 227 2401 frater
242 2371 400 2402 Metellus
418 2372 577 2412 Pompeio
590 2372 794 2402 sententiam
808 2372 857 2401 di-

122 2415 211 2445 centi
236 2418 431 2452 secluserat,
448 2417 675 2455 acerrimeque
692 2426 761 2445 una
777 2425 856 2445 voce

125 2468 163 2488 ac
188 2465 301 2489 mente
326 2461 515 2490 restiterat:
542 2461 668 2490 id-ita
682 2460 858 2499 perturba-

124 2506 213 2541 tum,
230 2504 342 2543 itaque
367 2508 599 2544 permutatum
619 2511 682 2541 est,
701 2509 752 2540 ut,
770 2504 858 2542 quod

123 2545 227 2576 frater
239 2547 368 2585 consul,
380 2558 420 2578 ne
434 2549 543 2585 fieret,
556 2548 750 2578 obstiterat:
770 2548 859 2586 quod

125 2591 232 2621 affinis
248 2595 283 2621 et
304 2592 670 2623 sodalis—eceluserat:
695 2591 729 2621 id
742 2591 767 2620 is
781 2601 859 2621 con-

124 2634 177 2664 sul
201 2636 348 2666 efficeret
365 2637 424 2667 &a
452 2636 470 2654 ³*
483 2636 555 2667 Att.
572 2636 628 2666 xii.
646 2638 701 2666 40.
729 2635 768 2664 de
785 2635 859 2665 hor-

124 2679 168 2709 tis
199 2679 262 2710 hoc
289 2680 421 2711 videtur
453 2681 536 2710 effici
566 2685 748 2719 posse—ut
776 2689 860 2719 prae-

125 2724 201 2753 coni
225 2724 464 2762 subjiciantur:
490 2724 524 2754 id
547 2724 610 2753 nisi
637 2724 687 2760 fit,
711 2723 861 2753 exclude-

125 2775 213 2797 mur.
237 2769 289 2798 sin
314 2768 355 2798 ad
382 2768 534 2798 tabulam
556 2768 722 2804 venimus,
749 2767 861 2796 vince-

124 2820 199 2841 mus
223 2811 402 2843 facultates
426 2812 569 2844 Othonis
596 2816 710 2842 nostra
734 2811 861 2851 cupidi-

123 2857 208 2886 tate.

169 2898 360 2940 Excudere,
377 2899 558 2932 elaborare.
581 2898 653 2931 Att.
667 2909 718 2931 xv.
732 2901 784 2934 27.
800 2899 862 2932 tibi

1562 77 1643 114 :295

895 175 934 207 de
951 175 1056 214 gloria
1073 174 1234 205 excudam
1250 173 1375 213 aliquid
1392 172 1585 216 ἑξακλεῖδιον.

937 219 1142 250 E.1-‹,-m-1-ere.
1174 218 1231 247 Or.
1262 221 1314 248 51.
1347 219 1535 248 orationem
1564 228 1629 248 non

893 262 1094 299 claudicare,
1113 272 1174 292 nee
1198 262 1364 299 insistere,
1381 261 1438 292 scd
1462 272 1538 291 cum
1557 272 1635 291 scn-

891 307 1001 336 tentia
1014 307 1140 346 pariter
1152 316 1327 335 (πνειιννενε
1338 318 1347 335 .·
1364 306 1489 335 dicitur
1502 306 1541 335 de
1555 315 1631 335 ora-

890 351 981 380 tione
1006 351 1121 380 vincta
1144 355 1179 379 et
1203 359 1394 387 numerosa,
1420 359 1511 386 cum,
1537 350 1627 379 vex-bi

891 404 1004 431 causa,
1022 394 1278 423 cnun‹:3ationcs
1297 394 1409 433 plures
1428 393 1474 422 ita
1490 394 1551 422 sibi
1567 394 1630 423 im-

892 437 1072 478 plicantur,
1090 445 1123 466 et
1148 438 1235 467 inter
1250 438 1440 475 subjectum
1458 442 1490 465 ct
1510 437 1630 476 praedi-

891 490 968 511 catu
975 491 1005 511 m
1020 482 1219 521 primarium
1231 481 1348 510 mcdiae
1361 480 1629 518 interjiciuntur,

892 531 930 555 ut
961 525 994 554 in
1026 526 1176 562 subjecto
1208 525 1349 564 incipiat
1380 526 1412 554 in
1447 524 1628 564 praedicato

891 569 1022 599 desinat
1033 568 1199 608 periodus.
1216 569 1234 586 *-
1245 568 1284 597 de
1298 568 1514 607 profectibus.
1531 568 1628 599 Brut.

891 616 944 646 78.
976 613 1088 642 studio
1112 617 1225 642 autem
1253 613 1424 642 neminem
1450 622 1512 642 nec
1530 613 1630 642 indu—

891 657 974 686 stria
1013 658 1135 696 majore
1176 656 1476 695 cognovi—itaque
1513 660 1629 686 tantos

892 710 1063 740 processus
1088 700 1244 738 faciebat,
1263 704 1301 729 ut
1324 699 1455 729 evolare
1481 710 1548 730 nou
1572 710 1630 730 cw-

891 754 1026 774 currcre
1042 744 1224 774 videretur.

936 788 1114 825 Eam-ursio,
1129 788 1168 818 de
1181 792 1326 825 oratore,
1339 797 1417 817 cum
1436 786 1627 827 paullulum

893 831 933 861 de
957 832 1093 870 loco‚in
1118 842 1182 871 quo
1199 832 1362 869 constitit,
1378 831 1540 871 procedit.
1570 832 1628 862 Or.

896 879 944 907 18.
975 878 1120 906 erc-ursio
1138 876 1322 913 moderata,
1335 885 1439 914 eaque
1457 885 1542 905 rara.

936 920 1113 951 Excusare
1136 920 1302 949 morbum.
1330 918 1413 949 Phil.
1439 920 1482 949 ix.
1500 922 1533 950 4.
1561 919 1583 949 i.
1598 928 1632 950 e.

897 965 1014 995 morbo
1031 963 1081 994 uti
1099 963 1140 994 ad
1154 964 1389 993 excusandam.

936 1008 1117 1045 Eoeeutere,
1131 1007 1255 1044 videre,
1268 1008 1294 1036 si
1308 1008 1382 1046 quis
1396 1007 1475 1046 quid
1493 1007 1632 1036 abscon-

893 1052 1003 1082 ditum
1027 1062 1141 1082 secum
1166 1051 1301 1089 habeat,
1318 1050 1407 1091 quod
1430 1051 1499 1080 fere
1520 1051 1560 1080 fit
1577 1061 1633 1081 ex-

892 1097 1044 1126 canenda
1067 1100 1164 1135 toga:
1191 1095 1344 1125 scrutari.
1374 1094 1416 1125 ad
1431 1095 1510 1126 Div.
1528 1106 1558 1124 x.
1575 1098 1630 1125 31,

891 1140 1057 1170 tabellarii
1072 1140 1194 1178 ubique
1205 1141 1428 1169 excutiuntur.
1445 1139 1541 1169 Rosc.
1556 1138 1635 1170 Am.

893 1187 946 1215 34.
969 1185 1094 1215 excutio
1110 1188 1157 1221 te,
1175 1183 1201 1213 si
1218 1184 1297 1222 quid
1314 1183 1392 1213 ferri
1408 1182 1567 1213 habuisti.
1589 1182 1633 1212 cf.

893 1227 971 1267 Agr.
992 1229 1026 1258 ii.
1046 1231 1095 1258 11.
1109 1230 1162 1258 2⁴3.
1187 1227 1264 1257 hinc
1283 1227 1419 1257 ducitur
1435 1227 1538 1256 illud:
1565 1226 1633 1257 Off.

894 1272 940 1302 iii.
959 1274 1011 1303 20.
1043 1272 1174 1312 explica
1188 1276 1222 1301 et
1239 1275 1352 1302 excute
1368 1270 1630 1310 intelligentiam

893 1320 1001 1353 tuam,
1020 1320 1059 1345 ut
1082 1315 1206 1352 videas,
1224 1325 1299 1354 quae
1317 1316 1360 1345 sit
1384 1315 1418 1344 in
1443 1325 1483 1344 ea
1506 1314 1632 1354 species

893 1366 927 1389 et
945 1360 1051 1390 forma
1067 1364 1102 1390 et
1119 1361 1211 1389 notio
1227 1360 1288 1389 viri
1312 1359 1401 1389 boni.
1427 1359 1468 1388 ad
1483 1359 1523 1398 Ω.
1543 1358 1594 1388 Fr.
1612 1359 1635 1389 i.

898 1407 924 1434 1.
950 1408 979 1435 3.
1018 1413 1126 1442 neque
1158 1413 1237 1433 sane
1267 1403 1391 1443 placet,
1423 1403 1566 1432 scrutari
1597 1407 1631 1432 te

893 1458 1009 1478 omnes
1031 1447 1156 1485 sordes,
1174 1452 1324 1478 accidere
1346 1456 1634 1486 unumquemque.

893 1492 1066 1532 ⁷¹¹²eripere,
1091 1492 1234 1521 auferre.
1262 1491 1401 1521 Tuscul.
1419 1491 1438 1520 i.
1459 1491 1513 1521 46.
1537 1501 1635 1521 escu-

894 1541 960 1567 tcre
986 1536 1179 1576 opinionem
1205 1534 1378 1565 radicitus.
1410 1535 1492 1565 Har.
1516 1535 1555 1567 R.
1584 1537 1635 1565 18.

893 1591 1045 1610 effussus
1058 1585 1092 1609 et
1105 1580 1301 1617 exhaustus,
1316 1590 1362 1609 sc.
1381 1578 1535 1619 pecunia.
1551 1577 1635 1609 Sull.

899 1626 948 1655 16.
981 1625 1048 1654 noli
1066 1623 1200 1654 aculeos
1218 1624 1379 1653 orationis
1396 1632 1493 1659 mete,
1510 1623 1565 1661 qui
1584 1632 1636 1652 re-

895 1668 1021 1698 conditi
1038 1674 1131 1706 sunt,
1148 1678 1292 1698 excussos
1308 1667 1473 1697 arbitrari.
1490 1666 1532 1696 cf.
1552 1665 1636 1696 Coel.

897 1715 949 1743 93.

939 1756 1094 1792 Exedra,
1120 1755 1214 1785 locus
1246 1756 1280 1785 in
1311 1755 1509 1795 porticibus,
1541 1753 1637 1784 villa-

896 1811 969 1830 rum
1002 1800 1167 1840 inprimis,
1196 1799 1346 1840 pluribus
1374 1799 1558 1829 instructus
1586 1807 1638 1827 se-

895 1845 1004 1882 dibus,
1023 1850 1060 1874 ut
1077 1844 1121 1873 ibi
1147 1843 1326 1880 consideri,
1345 1842 1539 1883 disputandi
1558 1851 1637 1871 cau-

895 1899 944 1925 sa,
971 1893 1031 1918 aut
1058 1887 1196 1918 dormiri
1223 1898 1243 1917 a
1269 1886 1408 1917 meridie
1436 1886 1550 1926 possit.
1578 1885 1637 1916 Or.

896 1933 942 1962 iii.
961 1936 990 1963 5.
1023 1932 1094 1962 Pin.
1111 1942 1141 1961 v,
1161 1933 1191 1962 2.
1222 1941 1252 1961 v,
1275 1930 1470 1961 Gothosred.
1488 1929 1529 1959 ad
1555 1929 1638 1960 Cod.

896 1976 1024 2006 Theod.
1049 1975 1072 2006 1.
1106 1975 1169 2005 ult.
1198 1976 1237 2005 de
1269 1975 1425 2015 operibus
1455 1973 1547 2014 publ.
1578 1969 1637 2003 ubi

898 2020 1007 2050 multa
1023 2020 1062 2049 de
1079 2020 1216 2057 exedris,
1234 2019 1292 2049 sed
1315 2018 1400 2050 falsa
1421 2017 1532 2048 multa
1550 2017 1637 2047 veris

898 2065 1024 2094 mixta:
1050 2073 1125 2103 quae
1149 2063 1183 2094 11.
1207 2063 1228 2093 1.
1253 2068 1411 2093 excutere
1437 2071 1504 2092 non
1521 2071 1637 2102 possu-

901 2118 988 2139 mus,

941 2152 1139 2182 Exedrium.
1158 2151 1258 2182 idern.
1281 2150 1324 2181 ad
1339 2150 1416 2181 Div.
1432 2149 1487 2179 vii.
1505 2150 1559 2180 23.

942 2197 1156 2237 Exemplum.
1174 2196 1268 2226 Verr.
1286 2195 1319 2224 ii.
1336 2196 1388 2224 4⁶2.
1406 2193 1515 2223 faeere
1532 2203 1639 2223 exem-

891 2243 970 2280 plo:
996 2240 1028 2270 11.
1052 2250 1082 2269 e.
1107 2249 1173 2269 nou
1198 2240 1360 2279 primum,
1376 2237 1434 2268 sed
1452 2241 1528 2277 post
1543 2237 1637 2268 alios.

897 2285 916 2302 *ἱ
930 2284 1114 2324 exemplar,
1147 2282 1329 2326 ἀρχέτυπον.
1375 2282 1471 2312 Offie.
1505 2281 1552 2312 iii.
1588 2284 1639 2315 17.

898 2328 1002 2358 ducta
1028 2334 1110 2358 sunt
1138 2337 1178 2356 ex
1206 2326 1343 2367 optimis
1372 2331 1504 2355 naturae
1528 2329 1563 2355 et
1585 2335 1642 2354 ve-

899 2373 1007 2403 ritatis
1036 2372 1201 2411 exemplis.
1233 2371 1366 2401 Manut.
1394 2369 1512 2399 Lamb.
1540 2369 1641 2399 Pear-

899 2417 968 2447 cius
996 2416 1222 2456 prae‘tulerunt
1248 2414 1442 2455 principiis:
1468 2413 1558 2452 quod
1584 2422 1642 2443 ea:-

899 2462 1007 2501 empla
1036 2464 1166 2489 naturae
1195 2468 1257 2488 nec
1289 2457 1448 2496 intelligi,
1479 2467 1542 2488 nec
1573 2456 1640 2486 dici

900 2510 1047 2545 possent.
1093 2502 1244 2542 Intelligi
1282 2506 1425 2542 possunt
1444 2513 1450 2530 ι
1492 2504 1640 2539 suntque

900 2548 1106 2588 exemplaria
1120 2557 1199 2576 vera
1215 2547 1256 2576 ab
1280 2547 1352 2586 ipsa
1376 2553 1497 2575 natura
1521 2554 1645 2584 suppe-

901 2593 1019 2623 ditata.
1066 2591 1142 2621 Dici
1174 2591 1277 2620 etiam
1309 2590 1341 2620 h.
1375 2589 1396 2618 l.
1427 2589 1642 2619 debuerunt:

901 2637 979 2677 quia
995 2635 1190 2666 referuntur
1206 2634 1248 2664 ad
1263 2634 1429 2673 imagines
1444 2638 1479 2662 et
1502 2633 1642 2672 effigies,

902 2691 976 2720 quae
1002 2689 1068 2710 non
1094 2689 1114 2709 a
1137 2679 1321 2718 principiis,
1342 2676 1401 2707 sed
1423 2678 1464 2707 ab
1488 2677 1645 2716 exemplis

903 2725 1086 2755 ducuntur.
1115 2722 1185 2752 InV.
1210 2723 1245 2752 ii.
1275 2725 1300 2752 1.
1328 2725 1367 2751 ut
1389 2721 1423 2750 in
1449 2725 1584 2751 mutum
1602 2719 1646 2749 si-

904 2768 1095 2799 mulacrum
1122 2766 1243 2796 rei-itas
1269 2766 1309 2795 ab
1338 2764 1476 2794 animali
1503 2764 1648 2804 ea'emplo

903 2812 1139 2843 transferatur.
1170 2810 1189 2828 *⁵
1204 2810 1293 2839 Hinc
1315 2810 1500 2848 exemplum
1520 2808 1648 2838 dicitur

905 2856 1048 2895 alicujus
1080 2856 1127 2885 rei
1157 2853 1367 2896 argmerbwmv,
1393 2852 1553 2889 formula,
1581 2859 1649 2891 qua.

906 2911 959 2932 res
976 2899 1126 2940 primum
1144 2901 1310 2939 concepta
1325 2901 1397 2933 est:
1415 2897 1473 2928 das
1485 2894 1653 2936 Original,

986 2952 1008 2973 u
1026 2945 1047 2976 4
