1920 3196
198 98 285 138 338
754 104 901 134 mmix
921 104 1216 135 LA'riNirA‘rm.

207 197 313 227 mitur
327 191 388 236 jus
401 193 494 224 civile
513 192 619 223 Flacc.
637 194 689 223 32.
714 201 839 231 quaero,
855 192 938 223 sint-

209 249 251 271 ne
279 239 343 269 ista
368 238 506 278 praernia
528 236 642 266 censui
665 236 856 266 censendo?
882 236 940 266 ha-

209 284 312 314 beant
325 280 386 323 J'us
400 282 491 311 civile
504 281 520 310 ‚7
544 289 664 320 nempe
682 280 739 317 ita,
757 284 795 309 ut
813 279 940 319 signifi-

210 331 265 357 cet
291 325 516 356 conditionem
544 333 610 362 qua
632 323 780 362 gaudent
804 323 939 363 praedia,

210 379 285 410 quae
303 370 337 399 in
354 377 492 398 censum
510 366 628 397 deferri
646 371 795 406 possunt.

253 411 287 451 2)
304 412 467 444 Divinum
479 414 529 440 est
545 410 575 448 a)
592 412 755 440 naturale.
781 410 870 440 Sext.
887 411 941 440 42.

207 460 285 486 tum
315 454 485 485 domicilia
514 454 704 492 conjuncta,
730 463 809 492 quas
842 453 939 483 urbes

210 500 366 535 dicimus,
391 499 527 528 invento
550 501 583 527 et
606 498 712 527 diano
735 500 769 526 et
791 496 939 526 humano

200 541 295 584 jure,
314 542 477 572 moenibus
493 550 585 581 seps(
591 545 679 570 runt.
695 545 795 570 antea
811 540 939 570 dixerat

207 587 363 617 naturale
379 590 414 615 et
428 584 534 615 civile.
559 584 640 614 Har.
656 584 694 614 R.
716 585 763 614 16.
779 593 839 623 Jus
850 583 939 622 lega

207 632 321 660 torum
347 639 423 658 cum
447 628 622 658 hominum
649 627 801 667 praesidio
828 627 940 656 muni·

208 678 282 704 tum
300 673 355 710 sit,
371 676 444 702 tum
462 672 562 702 etiam
576 668 771 712 divinojure
786 680 855 700 esse
871 669 939 699 val-

208 716 327 747 latum.
351 716 386 754 b)
398 715 616 756 pontificium.
644 713 724 744 Har.
739 713 779 743 R.
795 717 825 748 7.
853 718 937 743 extr.

209 760 345 790 domum
363 758 495 799 publico
511 760 603 788 omni
624 758 802 797 praecipuo,
819 762 853 786 et
875 757 938 787 hu-

210 813 309 834 mano
325 808 359 833 et
375 800 572 844 divinojure
588 801 767 831 munitam.
802 800 936 830 Libera-

207 851 244 877 ta
261 852 333 877 erat
351 846 519 878 Ciceronis
536 845 653 875 domus
671 854 690 874 a
706 844 935 881 Pontificibus,

207 891 354 930 adeoque
379 891 484 920 (lilino
497 899 591 930 Jure,
617 887 735 918 deinde
760 897 779 916 a
802 887 938 927 populo,

208 934 293 974 lege,
315 936 356 974 (c.
374 932 418 971 6.)
438 933 583 972 adeoque
601 929 842 972 leumanojure.
873 931 938 961 Sed

208 982 388 1016 utrumque
405 975 535 1018 hoejus
550 975 720 1016 publicum
737 978 799 1004 est.

252 1021 285 1060 3)
319 1021 472 1052 Gentium
496 1025 546 1050 est
569 1018 732 1049 naturale.
762 1017 826 1048 Ost.
844 1017 889 1047 iii.
909 1021 940 1048 5.

209 1072 314 1104 neque
342 1065 404 1095 hoc
430 1064 536 1094 solum
565 1067 698 1098 natura,
722 1061 755 1092 id
785 1066 835 1092 est
856 1059 940 1101 J'ure

204 1110 368 1148 gentium,
385 1108 441 1138 sed
457 1108 557 1138 etiam
575 1106 702 1145 legibus
726 1104 937 1145 populorum,

209 1153 327 1191 quibus
344 1153 378 1182 in
395 1151 535 1190 singulis
551 1150 741 1180 civitatibus
756 1158 841 1188 resp.
860 1158 938 1178 con-

206 1197 347 1226 tinetur.
372 1195 413 1224 cf.
434 1195 510 1225 ibid.
529 1204 556 1224 e.
576 1197 624 1227 17.
648 1192 760 1223 *Rau
778 1193 865 1222 Post.
887 1195 935 1222 15.

210 1249 286 1269 cum
304 1239 418 1269 omnia
433 1238 520 1268 bella
533 1236 615 1279 jure
632 1238 781 1276 gentium
801 1236 937 1275 conqui-

206 1289 332 1313 escant.
351 1293 379 1312 ν.
398 1287 467 1312 not.

249 1325 283 1364 4)
301 1326 513 1361 Humanum,
529 1333 604 1353 cum
619 1324 800 1364 opponitur
815 1323 934 1360 divino,

205 1373 257 1400 est
281 1369 378 1400 modo
399 1369 591 1408 positivum,
609 1367 695 1406 quod
716 1370 847 1403 vocant,
864 1376 935 1396 om-

204 1423 259 1451 ne,
273 1423 350 1443 cum
367 1412 552 1453 publicum,
564 1416 639 1441 tum
656 1411 820 1450 privatum
837 1422 846 1448 3
865 1420 935 1439 mo-

206 1457 247 1487 do
262 1467 301 1487 ea
317 1466 391 1496 pars
406 1460 555 1492 tantum,
573 1464 646 1494 quae
661 1455 697 1484 in
714 1454 809 1484 rebus
826 1453 935 1494 profa-

206 1501 257 1531 nis
273 1504 432 1530 versatur.
453 1510 482 1529 v.
499 1499 639 1528 (livinus.

249 1543 281 1583 5)
303 1543 523 1583 Pontficz'um.
547 1543 647 1572 Dom.
675 1544 724 1571 14.
749 1544 799 1571 est
822 1541 861 1570 de
885 1550 935 1570 re-

205 1587 265 1618 bus
279 1587 392 1625 sacris,
403 1587 437 1617 in
450 1587 567 1625 quibus
584 1585 759 1616 Pontifices
772 1585 934 1623 cognitio-

206 1641 283 1662 nem
296 1631 430 1661 habent.
445 1630 507 1660 vid.
519 1629 658 1659 Guther.
670 1628 743 1658 dur.
757 1629 853 1658 Pont.
866 1629 887 1658 i.
901 1631 931 1659 ⁶2.

249 1675 282 1713 6)
314 1674 579 1705 Proediatorium.
606 1672 699 1703 Balb.
723 1674 775 1703 520.
798 1682 828 1702 v.
847 1682 933 1712 μνω-

203 1718 373 1748 diatorius.

249 1760 282 1800 7)
306 1761 508 1792 Prcetorz'zcm
531 1759 611 1790 dicit
635 1757 666 1798 a)
694 1759 797 1790 edicta
815 1764 934 1799 proeto-

205 1815 294 1835 rum.
317 1805 381 1836 Off.
406 1805 427 1835 i.
456 1807 503 1834 10.
527 1813 599 1843 quae
621 1803 754 1842 quidem
777 1803 933 1843 pleraque

195 1859 279 1891 Jure
296 1850 446 1889 proetorz'o
464 1848 660 1884 liberantur,
677 1846 840 1876 nonnulla
855 1847 935 1886 legi-

205 1894 275 1924 bus.
300 1892 393 1923 Verr.
410 1893 430 1922 i.
447 1894 499 1922 44.
522 1888 935 1931 posteaquamjusproeto-

202 1938 290 1967 oium
307 1936 530 1966 constitutum
549 1942 612 1972 est,
628 1944 759 1973 semper
778 1934 841 1964 hoc
855 1945 936 1975 Jure

202 1981 254 2011 usi
270 1989 396 2010 sumus.
414 1977 447 2017 b)
467 1983 565 2009 totam
576 1976 836 2020 Jurisdz‘ctionem
848 1988 935 2017 prce-

204 2025 335 2055 toriam.
358 2024 451 2053 Verr.
469 2023 501 2052 ii.
524 2024 572 2052 152.
600 2021 746 2061 ejusdem
771 2021 860 2051 modi
883 2029 934 2052 to-

204 2072 278 2098 tum
294 2065 354 2108 J'us
371 2068 564 2106 proec‘orz'um
584 2065 650 2095 fuit
672 2074 731 2105 per
740 2065 933 2096 ‘triennium

204 2112 239 2142 in
267 2111 392 2148 Sicilia,
419 2109 520 2140 Verre
548 2112 697 2149 praetore.
729 2108 813 2138 Phil.
840 2109 873 2138 ii.
903 2111 933 2140 5,).

204 2165 305 2194 quam
328 2154 484 2192 injuriam
508 2154 570 2183 iste
594 2153 819 2182 intercessoris
835 2153 935 2183 bene-

204 2199 280 2230 ficio
296 2198 457 2235 obtinuit,
476 2194 797 2237 n011jm·epraetm·io.

248 2242 280 2279 8)
307 2241 499 2277 Prie-atum,
515 2245 565 2270 est
589 2241 682 2270 civile
701 2239 732 2277 a)
757 2240 871 2270 stricte
886 2241 933 2271 sic

205 2285 347 2322 dictum,
362 2284 402 2315 de
426 2295 492 2323 quo
515 2294 544 2314 v.
570 2282 684 2313 civilis.
708 2284 742 2313 in
768 2282 878 2313 Caecil.
903 2287 932 2315 5.

203 2329 329 2359 civibus
346 2338 423 2358 cum
439 2331 518 2358 sunt
535 2331 656 2366 ereptae
673 2327 836 2366 pecuniae,
855 2327 934 2357 civi-

203 2372 225 2403 li
244 2372 312 2402 fere
329 2373 460 2402 actione
477 2376 511 2401 et
525 2371 657 2410 pritatu
669 2380 755 2410 Jure
776 2374 933 2409 icpetun-

203 2421 270 2447 tur.
287 2415 320 2453 b)
341 2415 460 2446 deinde
476 2414 635 2450 conditio,
651 2423 725 2453 quae
740 2423 779 2443 ex
793 2424 875 2454 Jure
889 2415 933 2443 ci-

202 2461 259 2491 vili
287 2459 345 2490 illo
371 2459 487 2489 oritur.
513 2458 594 2488 Har.
619 2458 658 2487 R.
684 2461 715 2491 7.
739 2456 856 2486 domus
884 2461 934 2487 est

191 2502 276 2545 J'ure
293 2514 369 2544 pn!
371 2507 436 2539 ato,
452 2512 497 2531 sc.
514 2511 613 2540 quam
635 2505 789 2530 tenemus
807 2500 933 2531 heredi·

204 2551 286 2584 tate,
306 2546 500 2583 autoritate,
518 2544 696 2583 mancipio,
713 2554 810 2573 nexu.

245 2589 279 2629 9)
299 2590 474 2620 Publimm
492 2588 523 2626 a)
543 2588 723 2628 opponitur
736 2588 881 2626 primata,
897 2591 932 2617 et

203 2644 280 2664 cum
305 2643 436 2663 sacrum
459 2643 485 2662 s.
504 2632 717 2672 pontificum,
732 2636 805 2660 tum
824 2630 932 2670 profa-

202 2687 285 2709 num
298 2678 354 2715 jus
367 2676 612 2716 complectitur.
627 2685 657 2704 v,
673 2674 814 2704 divinus.
832 2674 932 2704 Dom.

200 2724 253 2752 53.
277 2721 334 2750 sed
350 2725 389 2750 ut
404 2726 550 2750 revertar
565 2718 605 2748 ad
619 2716 680 2758 jus
690 2718 856 2757 publicum
875 2717 930 2746 de-

198 2764 344 2795 dicandi.
369 2764 455 2792 unde
481 2762 515 2799 b)
546 2762 663 2791 domus
684 2759 767 2801 jure
788 2761 928 2800 publico,

197 2808 320 2838 dicitnr
338 2807 418 2836 Har.
436 2806 474 2837 R.
492 2810 523 2839 7.
546 2805 625 2843 quia
639 2808 673 2834 et
689 2814 708 2833 a
723 2804 843 2843 populo
856 2803 927 2843 lege

199 2852 401 2888 centuriata,
419 2855 453 2880 et
475 2849 608 2879 decreto
633 2848 831 2888 pontificum
848 2846 929 2877 libe-

975 194 1150 230 commzmi,
1180 192 1257 222 Div.
1285 190 1307 221 i.
1336 193 1366 223 5.
1400 190 1489 231 quod
1518 189 1560 222 ad
1588 197 1706 222 omnes

977 238 1062 267 cives
1080 236 1239 276 pertinet,
1255 235 1403 274 adeoque
1425 236 1524 265 etiam
1542 244 1601 275 pro
1617 235 1706 264 civili

976 280 1047 317 illo,
1064 280 1150 319 quod
1166 278 1244 309 alias
1257 279 1428 318 privatum
1443 278 1576 309 dicitur.
1604 279 1706 309 Dom.

982 327 1031 355 13.
1055 333 1140 362 nego
1162 322 1308 362 potuisse
1325 320 1406 363 J'ure
1421 323 1561 363 publico,
1577 321 1706 360 legibus

980 367 1030 403 iis,
1048 367 1166 406 quibus
1191 365 1261 396 haec
1286 366 1400 396 civitas
1417 367 1526 396 utitur
1542 366 1601 395 &a
1626 364 1706 394 ibid.

976 420 1088 440 versor
1110 410 1145 440 in
1169 409 1278 439 medio
1291 419 1375 449 Jure
1391 411 1526 450 publico.
1550 408 1628 438 ibid.
1649 410 1704 441 49.

978 463 1038 483 nec
1063 453 1102 483 de
1124 463 1207 494 Jure
1230 453 1412 492 pontificio,
1435 453 1493 483 sed
1516 453 1555 482 de
1577 452 1705 492 publico

977 497 1120 537 disputo.
1146 496 1186 526 ad
1209 496 1284 527 Div.
1308 497 1349 526 iv.
1376 499 1423 527 14.
1446 497 1472 526 si
1490 496 1529 525 de
1541 493 1623 535 jum
1639 504 1706 534 pu·-

978 541 1054 570 blico
1066 540 1165 570 armis
1177 538 1426 579 disceptabitur.
1440 550 1470 569 v,
1482 540 1588 569 Graev.
1602 537 1643 567 ad
1656 547 1704 577 pr.

976 584 1075 614 Dom.
1096 586 1145 614 13.
1170 583 1293 613 Caecin.
1309 585 1361 614 26.
1384 584 1430 613 sic
1454 586 1504 613 est
1519 582 1608 623 apud
1624 582 1705 611 Sue-

976 630 1045 657 ton.
1062 626 1148 666 Aug.
1169 630 1217 656 10.
1239 625 1314 657 Tib.
1332 630 1384 657 50.

1022 670 1072 708 10)
1099 670 1291 710 Quiritium.
1319 670 1411 700 Verr.
1436 670 1470 700 ii.
1497 671 1546 700 1²2.
1576 672 1626 698 est
1641 665 1705 708 J'us

974 715 1077 751 civile,
1113 713 1201 752 quod
1227 714 1396 753 proprium
1421 719 1472 743 est
1499 713 1537 743 iis
1564 712 1704 747 civibus,

975 758 1030 796 qui
1043 756 1104 799 jus
1125 759 1263 787 civitatis
1284 757 1407 787 habent
1420 755 1503 798 J'ure
1521 757 1646 796 optinw.
1662 755 1703 784 de

976 811 1040 840 quo
1056 810 1143 830 mox.

1020 848 1071 882 11)
1103 844 1283 874 Urbanum.
1313 842 1424 873 Aeni.
1454 841 1545 872 Verr.
1570 845 1596 872 l.
1621 850 1705 881 prae-

972 886 1114 934 doJ'uriS
1131 888 1265 917 urbani:
1291 893 1342 917 est
1357 886 1450 916 civile
1465 886 1644 926 privatum,
1662 894 1703 914 ex

974 942 1038 971 quo
1046 941 1108 971 Jns
1123 931 1203 960 dicit
1220 936 1341 980 praetor
1356 940 1399 960 m
1402 931 1512 960 banus.

1018 975 1108 1005 *das
1124 978 1175 1004 est
1189 974 1304 1012 etiam,
1317 973 1405 1013 quod
1419 973 1560 1012 legibus,
1572 970 1702 1022 edictis,

976 1018 1224 1055 consuetudini,
1251 1017 1284 1048 h.
1310 1027 1338 1047 e.
1371 1017 1531 1057 superiori
1560 1014 1607 1045 illi
1631 1014 1702 1055 juri

975 1067 1235 1092 consentaneum
1263 1065 1327 1098 est,
1354 1061 1442 1099 quod
1476 1059 1569 1090 nobis
1595 1068 1635 1088 ex
1661 1067 1701 1088 eo

976 1105 1127 1143 debetur,
1145 1105 1204 1135 &c.
1231 1104 1283 1134 Sic
1300 1109 1350 1135 est
1365 1105 1400 1134 in
1416 1104 1466 1134 his
1481 1114 1488 1132 z
1503 1101 1564 1144 jus
1581 1102 1701 1132 dicere.

974 1149 1067 1179 Verr.
1092 1150 1112 1179 i.
1135 1151 1188 1179 40.
1222 1149 1338 1188 Quint.
1362 1148 1414 1178 ⁶26.
1439 1148 1498 1177 &cn
1517 1144 1579 1188 jus
1601 1155 1700 1176 suum

973 1193 1135 1222 obtinere.
1165 1192 1258 1222 Verr.
1282 1192 1303 1221 i.
1326 1192 1377 1223 26.
1400 1189 1460 1232 J'us
1480 1199 1578 1221 suum
1603 1189 1702 1218 amit-

972 1239 1053 1266 tere.
1080 1236 1112 1266 in
1138 1235 1249 1265 Caecil.
1270 1238 1317 1266 18.
1339 1233 1400 1275 jus
1422 1234 1559 1274 eripere.
1582 1232 1700 1272 Quint.

973 1282 1025 1311 98.
1056 1280 1082 1309 si
1105 1280 1344 1309 intercessisset
1361 1278 1500 1317 collega,
1516 1286 1620 1316 remp.
1643 1275 1700 1306 lae-

972 1323 1081 1359 sisset,
1098 1323 1155 1353 sed
1167 1320 1414 1374 J'urelaesisset.
1437 1322 1526 1351 Sext.
1542 1321 1595 1351 36.
1617 1319 1698 1358 *jus

971 1376 1155 1403 summum,
1174 1366 1230 1396 Gr.
1255 1363 1475 1407 ἀκριέοοίκαιον,
1490 1374 1566 1394 cum
1589 1364 1623 1394 in
1647 1373 1699 1400 eo,

971 1410 1059 1449 quod
1088 1411 1181 1440 nobis
1206 1410 1358 1445 debetur,
1381 1415 1440 1438 aut
1466 1408 1577 1438 deberi
1602 1412 1701 1447 puta-

972 1464 1059 1491 mus,
1077 1463 1143 1483 non
1161 1464 1199 1483 ex
1216 1462 1310 1492 aequo
1334 1457 1368 1482 et
1386 1453 1486 1488 bono,
1503 1451 1560 1481 sed
1582 1450 1698 1480 acerbe

971 1498 1114 1536 agimus,
1138 1496 1222 1527 nihil
1245 1496 1453 1526 remittentes
1477 1495 1516 1524 de
1537 1495 1614 1534 jure
1639 1503 1698 1524 no-

969 1545 1049 1577 stro,
1065 1551 1104 1570 ex
1127 1551 1191 1579 quo
1211 1549 1351 1570 summae
1375 1548 1461 1578 saepe
1485 1539 1614 1577 injuriae
1631 1537 1700 1567 exi-

968 1590 1074 1614 stunt.
1108 1585 1226 1624 Quint.
1258 1587 1305 1613 ll.
1340 1587 1399 1612 aut
1423 1583 1513 1612 intra
1543 1582 1699 1623 parietes,

969 1633 1028 1658 aut
1049 1638 1175 1658 summo
1188 1626 1271 1668 jure
1291 1627 1442 1666 experiri.
1462 1626 1518 1656 ubi
1541 1636 1571 1656 v.
1591 1625 1699 1655 Graev,

970 1672 1093 1702 Caecin.
1110 1673 1161 1703 23.
1189 1672 1215 1701 si
1238 1671 1343 1701 verbis
1367 1674 1401 1700 et
1424 1670 1540 1706 literis,
1556 1673 1596 1699 ut
1618 1668 1699 1699 dici-

967 1719 1037 1753 tur,
1067 1720 1100 1745 et
1129 1725 1252 1746 summo
1281 1713 1364 1755 jure
1392 1713 1608 1743 contenditur
1637 1712 1700 1743 διο.

970 1759 1056 1789 conf.
1073 1759 1149 1790 ibid.
1169 1762 1199 1789 4.
1230 1759 1332 1789 Attio.
1348 1758 1412 1788 xvi.
1432 1759 1481 1787 15.
1510 1757 1629 1797 Quint.
1648 1759 1698 1786 15.

960 1800 1022 1843 jus
1038 1807 1238 1833 extremum.
1263 1805 1282 1823 ’ἓ
1297 1801 1454 1837 conditio,
1472 1810 1545 1840 quae
1565 1810 1604 1829 ex
1619 1800 1697 1839 jure

968 1847 1085 1877 oritur.
1111 1857 1142 1876 v,
1161 1844 1223 1887 J'us
1248 1845 1356 1882 civile,
1381 1845 1562 1885 privatum,
1591 1843 1701 1883 publi-

971 1900 1058 1920 cum.
1083 1888 1116 1928 b)
1136 1890 1234 1920 Arch.
1250 1892 1282 1919 4.
1299 1898 1372 1928 quae
1390 1888 1506 1917 civitas
1518 1897 1595 1917 cum
1610 1891 1698 1917 esset

971 1932 1248 1975 aequissimojure
1264 1943 1301 1963 ac
1317 1932 1449 1962 foedere.
1471 1931 1559 1961 ²¹¹⁴hoc
1570 1930 1698 1969 signifi-

969 1984 1024 2007 eat
1039 1978 1140 2008 etiam
1165 1978 1198 2007 in
1221 1976 1278 2007 illa
1300 1976 1427 2006 forma:
1452 1975 1579 2015 optimo
1597 1975 1696 2014 jure:

969 2031 1028 2061 pro
1059 2032 1123 2060 quo
1154 2022 1257 2051 etiam
1293 2020 1416 2050 dicitur
1450 2018 1580 2059 optima
1611 2018 1699 2057 lege,

967 2065 1094 2104 optima
1119 2064 1334 2095 conditione·
1370 2072 1490 2102 nempe
1518 2071 1591 2091 eam
1618 2071 1697 2091 con-

969 2108 1145 2145 ditionem,
1183 2117 1256 2147 quae
1294 2107 1525 2147 plenissimum
1546 2103 1608 2145 jus
1636 2105 1697 2134 ali-

969 2153 1062 2191 cuius
1098 2153 1144 2182 rei
1175 2152 1293 2181 aff2ert
1329 2160 1416 2190 quae,
1447 2157 1486 2179 ut
1519 2149 1615 2178 hodie
1649 2148 1698 2178 di-

968 2203 1156 2232 cu11t‚cum
1177 2195 1331 2224 omnibus
1355 2192 1533 2234 privilegiis
1555 2196 1590 2222 et
1613 2201 1698 2232 prae-

967 2240 1123 2278 rogativis
1140 2240 1320 2276 conjuncta
1336 2241 1396 2267 est.
1418 2237 1536 2284 Quint.
1559 2238 1612 2267 22.
1635 2245 1696 2275 par

958 2280 1030 2324 jus.
1064 2283 1146 2313 Hir.
1176 2283 1216 2313 R.
1246 2286 1277 2316 7.
1311 2281 1428 2311 domus
1446 2290 1531 2327 Jme
1556 2279 1695 2319 optimo.

967 2326 1082 2365 Agrar.
1118 2327 1164 2356 iii.
1203 2328 1234 2357 2.
1276 2325 1401 2365 praedia
1427 2333 1513 2363 Jure
1553 2323 1694 2362 optimo.

966 2369 1057 2399 Verr.
1089 2370 1134 2400 iii.
1160 2372 1212 2404 91.
1252 2379 1325 2408 quae
1362 2373 1413 2398 est
1448 2369 1512 2398 ista
1549 2365 1697 2396 conditio

966 2413 1113 2443 Siciliae?
1150 2422 1221 2450 cur,
1248 2422 1321 2451 quae
1350 2412 1478 2451 optimo
1498 2420 1593 2451 Jure,
1620 2419 1695 2451 pro-

967 2460 1039 2496 pter
1055 2457 1304 2495 antiquitatem,
1323 2455 1534 2491 fidelitatem,
1551 2463 1621 2483 esse
1638 2452 1695 2482 de-

966 2500 1022 2530 bet
1046 2501 1104 2530 &a
1130 2499 1214 2530 Phil.
1238 2510 1268 2529 v.
1297 2500 1345 2530 16.
1372 2499 1487 2529 demus
1511 2496 1693 2536 imperium

968 2543 1109 2573 Caesari·
1134 2544 1179 2573 sit
1202 2553 1261 2585 pro
1290 2546 1430 2583 praetore
1454 2552 1493 2572 eo
1510 2540 1603 2582 jure,
1628 2549 1695 2579 quo

965 2588 1020 2625 qui
1046 2587 1186 2626 optimo.
1218 2587 1302 2617 Phil
1328 2586 1371 2616 xi.
1398 2588 1448 2617 152.
1477 2585 1514 2615 C.
1540 2584 1694 2614 Cassium

965 2629 1198 2670 proconsulem
1222 2630 1426 2670 provinciam
1456 2629 1619 2664 obtinere,
1642 2627 1694 2657 uti

965 2674 1019 2712 qui
1037 2684 1110 2704 eam
1133 2674 1262 2713 optimo
1275 2683 1359 2714 chre
1380 2673 1585 2712 provinciam
1608 2671 1696 2700 obti-

964 2717 1087 2746 nuerit.
1112 2727 1141 2747 v.
1167 2717 1280 2747 Festus
1304 2718 1338 2746 in
1360 2716 1430 2746 Lex
1452 2716 1591 2756 optima.
1611 2714 1694 2744 Gro-

964 2769 1037 2790 nov.
1061 2760 1102 2790 ad
1123 2760 1196 2791 Liv.
1219 2760 1262 2790 ix.
1285 2763 1338 2791 34.
1362 2759 1539 2799 *potestas
1562 2759 1597 2788 in
1620 2767 1690 2787 reru

964 2803 1123 2842 aliquam,
1139 2805 1205 2834 sive
1223 2804 1329 2841 justa,
1346 2803 1414 2833 sive
1436 2804 1571 2842 iniusta.
1597 2801 1693 2832 Verr.

963 2848 984 2876 i.
1002 2850 1033 2880 7.
1057 2848 1144 2886 quod
1159 2857 1213 2877 eos
1230 2847 1264 2876 in
1275 2846 1458 2886 judicando
1482 2846 1623 2876 nimium
1640 2845 1691 2874 sui

195 2899 270 2928 vata
293 2898 377 2925 erat.
403 2892 436 2933 c)
463 2897 516 2924 est.
539 2902 616 2923 vero
641 2892 744 2922 etiam
767 2899 827 2932 pro
840 2888 926 2933 jure
950 2886 1045 2932 jum
1073 2892 1314 2930 sententiaeque
1344 2893 1570 2931 cognosceret.
1596 2887 1690 2918 Ρ1111
