1985 3206
279 68 365 108 260

293 165 398 196 oculis
421 169 473 196 est
497 171 623 203 averto,
648 166 809 198 dimovco.
841 169 924 199 Phil.
949 171 971 200 i.
1000 174 1026 201 l.

294 220 357 239 nec
389 220 408 239 a
440 211 566 250 republ.
599 209 787 251 dejicdebam
819 213 943 243 oculos.
986 215 1027 245 cf.

294 253 389 283 Verr.
406 254 447 283 iv.
468 258 516 284 15.
542 254 559 272 *ἕ
573 255 704 285 revello.
719 256 838 295 Quint.
851 258 881 287 6.
894 255 1029 298 dejicere

296 297 436 327 libellos.
462 308 508 328 sc.
535 299 654 337 quibus
682 300 793 329 auctio
833 301 1028 341 proscripta.

294 340 316 360 Ψ
334 341 471 380 repello,
489 352 595 371 arceo.
620 343 714 373 Verr.
732 354 763 372 v.
781 344 833 373 62.
850 344 986 374 verbera
1011 356 1030 375 a

300 394 336 414 se
349 382 495 425 dejicere.
521 385 605 416 Phil.
623 387 643 416 i.
662 389 691 417 2.
711 387 835 426 jugum
860 397 879 417 a
895 389 1030 418 cervici-

298 428 358 457 bus
374 426 520 468 dejicere.

342 470 537 511 Dejunctus.
571 473 694 504 (Jaecin.
711 476 763 505 3⁶2.
789 473 956 516 dcjuneta,
981 476 1032 505 in-

297 514 459 545 terdicta:
479 517 537 546 i.e.
554 516 694 547 diversa.
712 519 810 549 Univ.
830 521 860 550 5.
877 518 1031 561 dqjuneta

296 564 513 597 opponuntur
529 560 657 590 iisdem.

340 600 546 642 quungere.
570 604 651 634 Nat.
675 605 718 635 D.
746 605 767 635 i.
799 608 847 637 15.
870 610 953 636 extr.
979 607 1032 637 de-

287 642 410 687 jungtt
425 656 444 676 3
460 647 583 677 fabula.
600 648 619 677 i.
637 658 666 678 e.
682 649 799 679 eximit
813 650 945 680 fabulis.

339 689 495 728 Delam»,
520 690 590 721 Att.
609 692 663 721 xii.
679 695 732 726 47.
751 703 789 722 eo
814 694 919 733 magis
944 695 1033 723 dela-

297 733 354 763 bm·
369 733 410 763 ad
427 734 590 772 Clodiam,
607 735 639 764 11.
664 746 693 765 0.
718 746 757 765 eo
784 738 890 776 magis
908 738 1032 767 inclino

305 777 340 806 in
358 787 431 806 eam
446 783 590 817 partem,
601 784 637 808 ut
652 779 775 809 Clodiae
785 780 899 811 hortos
909 792 1030 811 emam.

301 820 342 859 Ω.
361 821 411 850 Fr.
424 822 444 850 i.
466 824 491 851 l.
508 831 535 850 c.
551 823 580 852 6.
597 822 655 852 sed
672 824 795 861 nescio,
809 825 974 863 quomodo
992 825 1033 855 ad

298 865 513 904 praecipiendi
531 866 696 896 rationem
712 867 845 908 delapsa
860 874 911 898 est
927 870 1032 899 oratio

301 917 386 937 mea.
410 909 428 926 2‘
446 909 562 939 Partit.
580 912 632 940 ⁶28.
649 911 683 939 111
693 911 860 949 judicium
877 913 1032 943 delabun-

297 955 367 988 tur,
386 952 406 981 i.
424 963 451 982 e.
478 953 638 991 influunt,
663 954 696 983 in
721 965 760 984 eo
779 956 845 985 vim
870 960 904 986 et
932 967 1032 986 usum

299 994 436 1026 habent.
469 996 487 1013 ¹*
508 997 605 1027 orior.
643 998 699 1028 Or.
731 999 777 1029 iii.
809 1002 861 1033 57.
900 1001 1034 1040 delapsa

297 1044 377 1069 sunt
393 1040 432 1069 ab
449 1039 498 1069 his
516 1040 612 1080 plura
627 1051 761 1080 genera.

340 1082 505 1113 Deles-tus.
523 1085 636 1115 delecti
653 1085 768 1123 iidem,
785 1087 841 1125 qui
864 1088 1032 1128 principes

298 1126 456 1156 civitatis.
482 1128 570 1158 Sext.
586 1132 638 1163 49.
664 1129 705 1159 cf.
723 1130 836 1160 Vatin.
849 1135 880 1165 9.

342 1170 501 1200 ,Deleetus
526 1173 736 1210 provincialis
763 1174 805 1203 ad
831 1175 907 1205 Div.
925 1185 978 1205 xv.
1003 1177 1032 1205 1.

298 1216 361 1251 est,
380 1214 435 1252 qui
450 1215 487 1244 fit
503 1225 520 1244 0
535 1216 672 1253 civibus,
685 1217 835 1256 quisunt
850 1219 883 1248 in
901 1219 1034 1258 provin-

301 1257 373 1287 cia:
400 1267 478 1288 nam
495 1259 524 1288 ei
548 1265 766 1300 opponuntur
788 1262 913 1292 auxilia
928 1263 1033 1293 socio-

300 1310 389 1332 rum.

338 1344 525 1384 Delegatio.
556 1346 628 1377 Att.
664 1349 722 1378 xii.
760 1351 790 1380 3.
820 1349 978 1390 delegatio
1015 1360 1035 1380 a

295 1389 461 1429 mancipe.
486 1400 516 1420 v.
532 1390 698 1430 delegare.

339 1432 522 1472 Delegare,
550 1435 584 1464 in
613 1445 646 1465 re
672 1437 867 1476 pecuniaria
897 1437 1032 1476 dicitur,

296 1476 354 1514 qui
372 1486 438 1506 non
455 1478 525 1517 ipse
543 1477 582 1508 de
606 1489 683 1509 arca
706 1480 819 1518 solvit,
843 1481 901 1511 sed
928 1482 1033 1511 credi-

293 1522 403 1550 torem
419 1522 565 1552 remittit
580 1523 621 1552 ad
638 1523 742 1553 alium
767 1535 826 1564 per
842 1525 1033 1555 attributio-

294 1572 388 1601 nem,
412 1564 478 1595 vid.
503 1566 700 1597 attributio:
726 1578 824 1607 aquo
854 1569 1032 1609 pecuniam

294 1607 451 1647 accipiat,
470 1609 556 1648 quod
574 1614 607 1639 et
623 1611 747 1643 solvere
758 1612 798 1641 ab
813 1612 877 1642 alio
891 1613 1030 1643 dicitur:

295 1651 386 1681 1111110
413 1651 532 1682 deinde
564 1659 684 1684 ceterae
719 1656 862 1686 rationes
901 1657 1033 1687 dicendi

297 1694 483 1733 ducuntur,
501 1706 591 1735 cum,
610 1699 697 1736 quod
715 1699 775 1739 ipsi
803 1699 910 1729 facere
936 1700 1033 1730 debe-

297 1738 429 1776 bamus,
455 1740 486 1769 id
510 1750 569 1779 per
591 1742 734 1772 alterum
761 1744 831 1773 fieri
863 1754 1032 1782 curamus,

297 1786 332 1812 et
349 1783 404 1820 qui
421 1783 453 1813 id
468 1794 487 1813 a
503 1785 594 1814 nobis
619 1790 753 1825 petunt,
770 1787 811 1816 ad
832 1787 935 1817 alium
958 1789 1033 1827 reji-

300 1825 426 1855 cimus:
453 1828 542 1857 unde
563 1833 595 1858 et
620 1839 679 1868 pro
694 1830 874 1860 transferre
898 1832 1032 1863 dicitur.

295 1868 399 1899 Attio.
424 1871 479 1901 xii.
501 1874 547 1902 19..
572 1872 664 1902 Balbi
689 1874 781 1913 regia
805 1874 952 1905 conditio
982 1880 1033 1906 est

297 1913 494 1951 delegandi:
518 1916 560 1945 ad
577 1926 607 1954 q.
625 1916 646 1946 l.
662 1927 692 1947 v.
709 1917 851 1948 Gronov,
868 1922 906 1948 ut
921 1925 954 1948 et
966 1920 1033 1949 Ob-

297 1965 382 1987 serV.
407 1958 428 1986 i.
456 1960 508 1988 ΩΟ.
533 1959 610 1989 ibid.
627 1961 695 1990 xiii.
719 1962 772 1990 46.
796 1961 924 2000 Quinto
949 1963 1032 1993 dele-

295 2001 392 2040 gabo,
409 2001 433 2030 si
453 2002 533 2040 quid
550 2004 605 2033 aeri
626 2014 700 2033 11100
726 2004 835 2034 alieno
851 2007 1032 2045 superabit.

295 2043 397 2074 Dom.
415 2048 446 2078 7.
464 2047 642 2084 petebatur
657 2058 675 2076 a
688 2058 740 2077 me
753 2048 914 2078 frumenti
924 2051 1031 2090 copia,

298 2097 443 2118 annonae
470 2089 775 2130 vilitas—delegavi
804 2093 912 2122 amico
939 2093 1032 2125 locu-

296 2130 431 2170 pletiori
447 2132 506 2162 &c.
523 2134 564 2164 ad
594 2134 670 2164 Div.
688 2136 757 2166 viii.
775 2139 801 2165 l.
825 2137 913 2175 quod
941 2137 1031 2167 1111110

299 2173 446 2205 laborem
475 2176 570 2207 alteri
593 2179 748 2217 delegavi.
774 2180 832 2209 Or.
850 2181 882 2209 ii.
899 2183 952 2211 98.
977 2191 1032 2211 ex-

296 2222 339 2248 tr.
357 2219 413 2248 sed
430 2219 501 2250 haec
519 2221 602 2260 ipsa,
619 2232 692 2261 quae
711 2232 801 2252 nunc
818 2223 859 2252 ad
880 2234 932 2253 me
949 2225 1033 2255 dele-

293 2271 379 2301 gare
394 2263 441 2292 vis
461 2265 637 2303 (oratione,
654 2265 752 2296 laude
776 2265 866 2304 tua),
883 2278 922 2297 ea
945 2278 1032 2298 sem-

296 2315 357 2346 per
373 2307 406 2335 in
422 2310 455 2336 te
471 2308 595 2338 eximia
620 2314 653 2339 et
673 2312 868 2349 praestantia
884 2311 1032 2342 fuerunt.

295 2347 423 2380 Fontei.
449 2353 480 2380 4.
505 2352 585 2390 quid
601 2353 627 2382 si
653 2353 714 2383 hoc
741 2355 868 2384 crimen
895 2356 1031 2395 optimis

295 2394 489 2423 nominibus
527 2396 680 2434 delegare
719 2408 894 2436 possumus
909 2400 920 2428 ?
957 2409 1032 2439 per-

294 2447 395 2475 quam
413 2437 588 2477 eleganter
603 2440 664 2469 1100
681 2450 782 2471 sensu
797 2454 804 2471 x
830 2442 910 2481 quid
926 2443 952 2472 si
969 2443 1032 2472 hoc

292 2482 420 2510 crimen
444 2482 486 2511 ad
512 2493 567 2512 005
584 2484 839 2521 transferamus,
860 2486 915 2524 qui
934 2486 1031 2516 facilc

291 2524 477 2561 fateantur,
495 2535 529 2555 se
546 2526 621 2564 1100,
638 2528 724 2566 quod
744 2530 876 2558 crimini
896 2530 1032 2559 Fonteio

291 2568 404 2606 datur,
421 2569 551 2606 fecisse,
568 2572 646 2609 quia
662 2572 760 2601 officii
777 2573 859 2602 ratio
883 2573 1031 2612 postula-

296 2616 360 2642 ret.
406 2612 525 2651 Itaque
552 2614 598 2643 sic
617 2616 748 2654 pergit:
775 2620 808 2645 01
832 2617 893 2653 ita,
911 2621 948 2646 ut
965 2627 1031 2646 non

296 2655 430 2694 culpam
462 2657 496 2686 in
524 2657 604 2687 alios
634 2659 888 2696 transferamus,
912 2661 969 2690 sed
994 2666 1033 2690 ut

296 2699 490 2736 doceamus,
508 2710 563 2730 eos
582 2702 636 2731 isti
654 2704 834 2732 munitioni
848 2704 1031 2743 praefuisse,

294 2743 352 2781 qui
370 2743 466 2773 facile
491 2745 637 2775 officium
656 2756 754 2775 suum
773 2750 807 2776 et
823 2752 981 2786 praestare
998 2753 1031 2778 et

294 2786 434 2825 probare
462 2796 614 2827 possunt.
639 2792 658 2810 ’Κ
676 2790 829 2820 Difficilis
852 2790 944 2821 locus
970 2795 1032 2828 est,

295 2830 330 2859 in
355 2840 420 2868 quo
444 2831 507 2861 hoc
533 2833 635 2862 etiam
662 2834 798 2863 verbum
830 2836 975 2865 occurrit
992 2835 1032 2864 ad

292 2872 370 2904 Div.
398 2875 454 2906 vii.
478 2878 509 2908 5.
542 2886 582 2907 ex
613 2876 754 2917 epistola
787 2877 925 2908 Caesaris
941 2891 947 2908 :
983 2879 1031 2910 M.

811 81 957 110 INDEX
980 83 1112 111 LATIN
1120 83 1277 111 ITATIS.

1073 172 1217 208 Orfium,
1248 180 1347 209 quem
1379 168 1462 201 mihi
1492 171 1721 211 commendas,
1750 173 1803 205 vei

1072 225 1184 253 regem
1209 214 1326 244 Gallice
1349 214 1483 252 faciam,
1498 215 1550 245 vel
1578 215 1666 246 hunc
1689 217 1805 257 Leptae'

1072 259 1196 297 deleget.
1221 259 1254 288 Si
1281 259 1328 287 vis
1353 263 1391 288 tu
1417 259 1455 288 ad
1480 269 1533 289 1110
1558 259 1660 290 alium
1692 261 1803 299 mitte,

1072 312 1172 341 quem
1190 312 1317 331 ornem.
1345 302 1501 332 Ceterum
1521 303 1610 333 locus
1624 309 1674 334 est
1686 304 1805 334 obscu-

1073 356 1142 383 ruS,
1159 346 1205 375 rei
1229 346 1331 385 ipsius
1354 350 1388 375 et
1409 345 1555 377 historiae
1579 347 1804 387 ignoratione,

1073 394 1111 420 ut
1129 399 1204 419 vere
1214 389 1347 427 judicat
1362 390 1541 420 Victorius.

1116 432 1290 463 Delicatus
1312 433 1351 462 (10
1376 434 1485 473 pueris
1510 439 1543 463 et
1567 434 1696 465 ancillis
1730 434 1806 475 pul-

1075 476 1162 507 chris
1199 481 1234 506 et
1268 477 1489 516 elegantibuS,
1514 487 1612 507 sensu
1652 477 1806 509 honesto.

1074 519 1192 551 Milon.
1216 523 1264 550 10.
1287 521 1443 551 delicatus
1466 522 1645 551 comitatus
1669 522 1808 552 ancilla-

1073 574 1148 594 rum
1172 571 1429 604 puerorumque.
1461 575 1489 594 v,
1524 566 1638 595 Burni.
1674 565 1715 595 ad
1746 566 1808 596 Pe-

1073 611 1161 638 tron.
1185 618 1214 637 0.
1239 609 1291 638 63.
1321 611 1339 629 *³
1362 608 1482 645 mollis,
1507 609 1733 647 effeminatus,
1764 609 1807 639 de

1073 651 1263 681 hominibus
1279 656 1313 681 et
1324 652 1433 689 rebus,
1453 651 1582 682 libidini
1600 652 1734 682 luxuive
1751 653 1809 683 de-

1075 695 1174 725 ditus.
1208 696 1302 726 Brut.
1334 697 1386 726 53.
1416 695 1606 726 adolescens
1637 697 1807 727 delicatus.

1074 738 1153 768 Nat.
1180 740 1223 769 D.
1248 739 1269 768 i.
1294 742 1347 773 37.
1381 739 1559 778 Epicurus,
1586 741 1679 779 quasi
1710 741 1806 780 pueri

1074 783 1203 813 delicati
1221 783 1268 812 nil
1290 783 1473 812 cessatione
1490 783 1608 813 melius
1625 784 1810 814 existimat.

1075 827 1207 857 Μαι-011.
1225 832 1255 861 9.
1267 827 1344 856 Α513
1360 827 1511 856 delicata.
1530 827 1608 856 ibid.
1621 828 1807 865 351111·οη-

1073 874 1128 901 tus
1171 869 1342 909 (hominis)
1374 870 1525 900 delicata.
1563 871 1657 900 Orat.
1687 871 1720 900 ii.
1752 871 1806 902 64.

1075 925 1151 944 cum
1180 914 1319 943 haberet
1348 913 1455 942 filium
1479 914 1706 945 delicatiorem.
1733 914 1805 945 Fin.

1076 968 1103 987 v.
1122 961 1151 988 5.
1176 959 1261 987 ratio
1286 958 1451 987 delicatior
1473 957 1681 996 molliorque,
1705 967 1807 997 quam

1074 1002 1208 1031 virtutis
1246 1002 1293 1031 vis
1332 1001 1542 1040 gravitasque
1581 1001 1730 1042 postulat
1767 1002 1808 1032 de

1075 1055 1189 1075 eorum
1215 1045 1394 1081 sententia,
1419 1045 1474 1084 qui
1506 1045 1541 1074 111
1572 1045 1741 1075 felicitatis
1773 1049 1808 1076 et

1075 1090 1198 1119 summi
1229 1089 1307 1119 boni
1341 1093 1435 1128 parte
1470 1098 1538 1118 uon
1569 1088 1672 1118 solam
1703 1089 1808 1119 virtu-

1074 1136 1158 1170 tem,
1183 1133 1239 1162 scd
1263 1133 1366 1162 etiam
1390 1132 1598 1172 voluptatem
1617 1135 1676 1162 aut
1691 1132 1808 1171 hujus-

1076 1177 1164 1207 modi
1196 1176 1275 1215 quid
1299 1181 1438 1216 ponunt.
1469 1176 1532 1206 Off.
1558 1177 1579 1206 i.
1602 1179 1655 1206 40.
1690 1177 1810 1207 delica-

1075 1225 1145 1250 tum
1170 1219 1314 1259 aliquem
1339 1229 1526 1249 sermonem
1551 1220 1695 1250 inferre:
1731 1221 1752 1251 i.
1776 1230 1805 1250 e.

1075 1264 1115 1294 de
1139 1264 1287 1304 pulchris
1312 1263 1515 1301 hominibus,
1540 1264 1580 1293 de
1615 1274 1741 1301 amore,
1765 1264 1806 1294 de

1075 1318 1109 1338 re
1135 1308 1307 1344 amatoria,
1325 1307 1429 1346 qualis
1447 1306 1501 1336 1110
1526 1306 1697 1347 Sophoclis
1721 1311 1805 1345 erat,

1076 1362 1152 1382 cum
1177 1351 1303 1381 diceret
1329 1351 1459 1388 Pericli,
1485 1351 1579 1380 obvio
1614 1361 1717 1390 puero
1740 1351 1808 1381 sor-

1076 1406 1188 1425 moso:
1215 1395 1243 1425 O
1271 1405 1412 1434 puerum
1442 1394 1641 1434 pulchrum!
1674 1394 1743 1424 Att.
1771 1395 1808 1425 ii.

1080 1442 1128 1469 14.
1151 1440 1324 1469 delicatum
1350 1439 1552 1475 convivium,
1569 1438 1656 1477 quod
1680 1438 1809 1477 ἀσελγὴ-

1075 1486 1170 1513 vocat
1193 1493 1244 1522 cp.
1273 1484 1322 1513 12.
1346 1482 1402 1512 Or.
1428 1482 1474 1512 iii.
1499 1484 1551 1513 ⁶25.
1576 1487 1701 1521 quanto
1725 1482 1808 1512 mol-

1076 1526 1174 1556 liores
1191 1530 1271 1556 sunt
1288 1530 1321 1555 et
1336 1527 1532 1556 delicatiores
1549 1526 1582 1555 in
1601 1530 1700 1555 cantu
1715 1526 1809 1556 flexi-

1075 1580 1154 1600 ones
1186 1573 1220 1599 et
1241 1570 1332 1600 falsae
1355 1569 1494 1607 voculae,
1522 1579 1621 1608 quam
1650 1573 1748 1599 certae
1772 1573 1809 1600 et

1074 1623 1207 1644 severae.
1239 1614 1258 1632 ³*
1284 1614 1482 1650 concinnus,
1516 1614 1661 1651 elegans.
1696 1613 1808 1644 Pison.

1075 1660 1128 1692 5¹9.
1152 1659 1371 1688 delicatissimi
1386 1667 1509 1687 versus.
1531 1656 1549 1675 ²*
1565 1656 1726 1696 placidus,
1745 1657 1811 1687 oti·

1075 1711 1162 1731 osus.
1186 1701 1285 1731 Tusc.
1313 1702 1346 1731 ii.
1384 1704 1431 1731 ll.
1455 1702 1524 1731 vita
1551 1701 1739 1730 umhratilis
1772 1704 1808 1730 et

1074 1746 1224 1776 delicata.
1251 1748 1269 1766 ²*
1287 1745 1409 1782 suaw‘s,
1436 1744 1619 1782 jucundus.
1654 1745 1747 1774 verr.
1777 1755 1809 1775 v-

1074 1792 1127 1819 40.
1150 1790 1415 1819 delicatissimum
1439 1788 1528 1818 litus.
1554 1791 1572 1810 ²*
1586 1789 1741 1818 delicatus
1756 1796 1808 1819 est

1075 1834 1178 1863 etiam
1217 1833 1317 1862 homo
1363 1832 1554 1871 intelligens
1595 1831 1806 1869 deliciarum,

1079 1877 1157 1915 (vid.
1175 1875 1316 1914 deliciae)
1337 1880 1369 1905 et
1387 1877 1425 1905 iis
1449 1875 1632 1905 abundans.
1649 1876 1741 1906 Verr.
1760 1876 1804 1905 iv.

1076 1924 1128 1954 57.
1152 1920 1295 1960 populus
1319 1920 1430 1959 potius
1448 1919 1598 1955 haberet,
1616 1929 1716 1958 quam
1739 1918 1807 1948 ele*

1076 1965 1290 2003 gantissimus
1315 1968 1349 1993 et
1378 1963 1623 1993 eruditissimus
1657 1963 1805 1992 Verres?

1075 2008 1235 2038 nimirum
1253 2012 1370 2037 contra
1396 2007 1459 2036 dici
1478 2006 1559 2036 nihil
1576 2011 1698 2046 potest.
1738 2007 1808 2037 No-

1075 2056 1181 2081 strum
1198 2052 1288 2081 enim
1306 2051 1546 2090 unusquisque,
1565 2051 1623 2089 qui
1643 2055 1714 2079 tam
1730 2050 1808 2079 bea-

1074 2097 1115 2132 ti,
1133 2105 1231 2134 quam
1250 2095 1313 2125 1510
1330 2099 1393 2131 est,
1411 2104 1476 2123 11011
1494 2103 1622 2130 sumus,
1639 2098 1708 2123 tam
1727 2093 1807 2123 deli-

1074 2141 1139 2169 cati
1173 2149 1242 2168 esse
1278 2148 1342 2168 11011
1376 2148 1553 2177 possumus
1585 2138 1644 2167 &c.
1720 2145 1808 2166 erres

1076 2182 1146 2212 lia-c
1170 2183 1291 2212 habeat
1316 2182 1405 2211 domi
1432 2184 1490 2211 ἃς.
1514 2182 1572 2211 *Ε
1598 2181 1711 2210 Parad.
1737 2182 1759 2210 i.
1775 2183 1808 2211 3.

1074 2226 1430 2256 laudantur‘delicatoe
1466 2229 1602 2266 paterae,
1633 2230 1808 2263 tamquam

1075 2280 1180 2309 genus
1197 2270 1391 2299 deliciarum
1408 2270 1442 2299 in
1460 2268 1676 2309 supellectili:
1711 2274 1745 2297 et
1761 2269 1808 2297 ita

1075 2318 1125 2343 est
1148 2315 1180 2343 in
1207 2313 1404 2352 quibusdam
1435 2312 1540 2349 libris,
1565 2322 1671 2351 neque
1696 2312 1811 2341 absur-

1075 2358 1126 2387 de.
1172 2358 1259 2387 Nam
1284 2358 1460 2386 delicatum
1485 2361 1534 2386 est
1560 2356 1592 2385 in
1627 2356 1677 2385 his
1709 2355 1808 2385 rebus

1074 2402 1239 2431 usitatum
1266 2401 1410 2437 Latinis,
1428 2410 1508 2438 quas
1536 2405 1567 2429 et
1595 2399 1730 2429 delicias
1752 2408 1820 2427 vo-.

1075 2448 1154 2474 cant
1168 2456 1174 2474 z
1207 2449 1241 2473 et
1257 2445 1396 2474 delicata
1414 2444 1574 2474 dicuntur
1589 2444 1715 2480 onmia,
1733 2451 1807 2482 quae

1075 2488 1117 2518 ad
1151 2488 1440 2526 magnificentiam
1476 2491 1510 2517 et
1544 2487 1805 2517 ostentationem

1074 2533 1257 2571 pertinent.
1272 2542 1301 2561 v,
1319 2531 1439 2571 Cupcr.
1457 2532 1534 2561 Obs.
1553 2532 1574 2560 i.
1591 2535 1621 2562 3.
1646 2530 1709 2560 Sed
1726 2529 1809 2559 alte-

1075 2586 1111 2605 ra
1127 2575 1238 2611 lectio,
1265 2576 1411 2611 filicatae,
1428 2580 1479 2604 est
1503 2585 1542 2604 ex
1559 2573 1751 2604 melioribus
1775 2576 1810 2602 et

1076 2619 1319 2657 antiquioribus
1346 2619 1448 2648 codd.
1474 2623 1507 2648 et
1532 2619 1641 2658 ipsum
1675 2627 1808 2657 quoque

1077 2664 1239 2692 usitatum
1259 2667 1309 2692 est
1326 2663 1359 2692 in
1376 2663 1439 2692 hoc
1456 2672 1589 2701 genere.

1118 2707 1266 2743 Delieicr,
1292 2706 1542 2745 elegantissima
1563 2710 1597 2735 et
1624 2703 1812 2744 pulcherri-

1074 2759 1130 2779 ma
1153 2750 1368 2789 supellectilis
1392 2759 1527 2788 genera,
1551 2755 1591 2779 ut
1614 2757 1733 2778 aurum
1759 2757 1811 2777 ar-

1075 2799 1283 2832 gentumque
1311 2793 1482 2830 caelatum,
1506 2798 1613 2822 vestes
1637 2791 1811 2830 stragulae,

1075 2837 1198 2867 ffabulae
1224 2838 1322 2877 pictae
1347 2842 1381 2867 et
1404 2836 1537 2867 similia.
1560 2836 1655 2866 Vere.
1682 2836 1725 2865 iv.
1758 2838 1811 2865 933.

1077 2882 1129 2910 .-22-
1158 2881 1352 2920 Haluntini,
1371 2880 1519 2912 excussis
1550 2881 1672 2911 deliciis
1705 2878 1810 2922 (11.0.
