1985 3206
265 91 347 131 184

271 191 383 229 modi;
430 192 619 231 principum
661 193 838 223 commoda
874 195 1001 232 majora

271 245 371 274 quam
382 234 586 274 reliquorum
597 247 606 273 3
625 237 917 275 quaejueundiora,
928 248 1002 277 quae

272 277 424 318 pluribus
442 279 580 318 probata
597 279 655 308 ἃς.
681 282 699 300 ²*
712 279 781 309 Inv.
799 280 820 311 i.
838 282 889 311 25.
919 279 1002 321 qff'c-

269 321 330 352 ctio
346 326 409 359 est,
423 322 540 359 animi,
555 328 612 351 aut
623 323 769 362 corporis
781 334 820 353 ex
836 328 1001 364 tempore,

270 363 385 403 aliqua
402 365 441 394 de
459 375 559 394 eausa
574 367 807 404 commutatio,
821 372 857 397 ut
870 367 1000 406 laetitia,

271 408 451 448 cupiditas,
470 409 602 438 morbus
621 410 680 438 διο.
714 410 784 440 Fin.
802 411 847 440 iii.
865 413 916 441 ⁶20.
947 411 1000 450 qs-

257 450 364 491 seetio
379 452 496 489 animi,
513 452 637 482 (licitur
660 453 698 482 de
716 454 860 483 naturali
878 453 934 483 illa
950 465 999 484 ra-

270 494 362 524 tione
380 495 518 525 humani
535 497 650 533 animi,
664 506 729 535 qua
741 497 823 526 bene
837 497 908 527 aliis
921 508 998 527 con-

269 537 462 575 sulendum,
479 548 554 569 suos
578 540 735 570 amandos
754 546 864 580 putat,
881 541 999 571 solitu-

268 581 381 611 dinem
398 581 484 620 fugit
501 584 560 612 ἃς.

312 622 472 664 Αθὲεῐιιε,
491 626 539 655 us,
569 625 668 656 Tusc.
685 636 714 656 v.
736 627 785 656 16.
816 626 922 665 qualis
940 638 997 657 cu-

259 666 385 707 jusque
409 669 510 698 animi
538 668 689 709 qffbctus,
712 674 816 700 esset:
850 669 996 709 habitus,

267 711 425 748 adfectio,
442 716 560 743 status.

310 753 467 795 Affectus.
498 757 573 786 Div.
598 757 630 786 ii.
648 758 701 790 47.
731 756 896 795 quomodo
911 755 996 797 (1βὲ-

269 803 318 828 cto
336 799 416 829 coelo
433 800 491 829 ἃς.
513 800 533 829 i.
551 810 579 829 e.
597 810 662 838 qua
685 800 947 830 constellatione.
964 812 994 831 v.

265 840 416 882 Affectio.
438 845 456 863 ²5⁶
468 841 624 883 ‹gff'ecfum
642 843 765 873 dicitur
781 843 820 872 de
838 854 889 881 eo,
907 844 995 882 quod

266 891 414 925 eoeptum
439 892 489 917 est
511 894 545 917 et
562 888 634 927 jam
659 898 697 917 ex
722 891 817 925 parte
842 888 995 927 profliga-

265 935 353 960 tum.
385 930 478 960 Prov.
504 931 602 960 Cous.
627 934 656 961 8.
686 928 844 970 (gffectum
868 931 993 962 bellum

265 979 300 1002 et
330 983 425 1013 paene
460 974 662 1004 confectum.
702 974 855 1004 *dicitur
889 976 992 1005 etiam

264 1017 423 1055 quicquid
439 1017 613 1054 afflictum,
626 1017 837 1048 debilitatum
854 1023 915 1048 est.
933 1019 992 1049 διο.

264 1061 322 1091 Or.
348 1061 369 1091 i.
395 1064 447 1092 45.
489 1062 582 1091 Verr.
607 1062 648 1091 iv.
666 1063 718 1092 43.
750 1066 830 1091 aetas
859 1059 990 1102 affecta.

261 1103 320 1134 Or.
351 1104 398 1134 iii.
426 1107 474 1135 18.
505 1102 643 1144 qffectus
682 1110 867 1135 senectute.
898 1106 990 1137 Verr.

262 1147 310 1177 iii.
333 1150 379 1177 18.
396 1146 516 1188 qffecta
533 1148 656 1178 Sicilia.
674 1148 715 1178 ad
731 1149 807 1179 Div.
822 1159 851 1179 v,
872 1152 920 1180 13.
944 1150 992 1180 ita

259 1188 418 1230 cgff'eetum
442 1198 481 1222 ut
503 1192 651 1222 deletum
675 1192 927 1231 extinctumque
943 1193 991 1223 fa-

260 1238 364 1264 teare.
395 1235 473 1265 ibid.
497 1237 548 1266 ΞΟ.
582 1245 671 1265 nunc
694 1236 741 1266 sic
770 1234 882 1276 qffecti
911 1242 990 1267 sunt

261 1278 322 1308 &c.
354 1278 423 1308 *de
446 1279 548 1310 animi
572 1280 886 1319 perturbationibus.
917 1280 988 1312 Att.

258 1321 316 1351 xii.
347 1324 400 1352 32.
431 1323 576 1361 graviter
604 1320 752 1362 (gff'ectus.
784 1326 988 1353 *tractatus

257 1363 351 1395 Verr.
376 1366 417 1395 ἰν.
444 1367 496 1400 67.
526 1372 565 1396 ut
588 1367 644 1396 abs
666 1372 701 1396 te
724 1364 845 1406 cgff'ecta
861 1372 924 1404 est,
941 1368 989 1397 ita

257 1408 294 1438 in
318 1416 351 1439 te
378 1409 562 1440 animatam
593 1410 753 1440 videmus.
792 1411 988 1450 *significat

257 1456 386 1482 statum
416 1453 464 1483 rei
499 1463 742 1492 quemcunque.
780 1454 851 1484 liin.
883 1455 903 1483 i.
938 1458 987 1485 11.

257 1505 378 1526 manus
394 1500 455 1526 tua
470 1497 516 1526 sic
532 1495 667 1537 affecta,
684 1498 724 1527 de
747 1507 850 1527 manu
871 1503 987 1527 exten-

257 1548 305 1569 sa.
336 1539 437 1570 Tusc.
461 1540 508 1570 iii.
533 1545 564 1574 9.
595 1550 713 1571 manus
741 1546 829 1571 recte
853 1539 986 1580 affecta.

254 1581 347 1613 Part.
364 1584 421 1613 Or.
439 1585 491 1614 ⁶23.
519 1584 653 1623 quidam
672 1585 774 1614 animi
791 1584 923 1614 habitus
940 1586 986 1614 sic

254 1623 370 1666 aff'eeti
385 1632 420 1656 et
435 1628 623 1658 constituti.
648 1627 760 1668 *⁷l‘op.
776 1630 805 1659 2.
833 1638 896 1663 res,
913 1639 985 1667 quae

254 1670 501 1708 quodammodo
532 1668 659 1710 qffbctoe
687 1676 767 1701 sunt
796 1671 838 1701 ad
869 1671 913 1708 id,
946 1672 985 1701 de

256 1723 322 1752 quo
339 1715 510 1753 quaeritur.
537 1715 558 1744 i.
575 1726 603 1744 e.
631 1714 672 1744 ad
695 1725 769 1744 eam
794 1715 986 1745 referuntur

255 1757 368 1795 aliqua
383 1758 525 1795 ratione,
538 1758 567 1787 ei
579 1758 723 1796 junctae,
739 1763 777 1788 ut
793 1759 984 1797 conjugata,

256 1810 375 1840 genus,
409 1801 529 1838 simile,
563 1801 731 1840 differens,
766 1803 984 1839 contrarium,

254 1843 466 1883 adjunctum,
497 1845 697 1875 antecedens
727 1846 785 1874 ἃς.
822 1845 862 1875 cf.
893 1856 921 1874 c.
952 1849 983 1876 3.

254 1889 274 1908 *²
289 1888 322 1917 in
339 1889 460 1918 bonam
477 1894 606 1928 partem
624 1899 681 1928 pro
699 1888 867 1929 praeditus.
891 1889 984 1920 Verr.

253 1931 301 1961 iii.
319 1933 370 1962 94.
403 1942 525 1970 magno
543 1933 654 1961 animo
671 1931 800 1972 calfoefi..

297 1972 421 2014 Affbro.
448 1975 530 2005 Phil.
548 1976 581 2006 ii.
599 1980 628 2009 ἶ.
657 1977 721 2005 vim
740 1973 916 2015 ‹gffl'erehmn
934 1986 984 2007 se-

253 2019 359 2048 natui.
377 2029 406 2048 V.
426 2019 494 2049 Vis.
513 2019 648 2059 Quinct.
661 2021 713 2053 27.
728 2029 845 2049 manus
862 2022 985 2050 allatas

252 2071 335 2091 esse.
353 2072 381 2092 v.
398 2062 530 2093 lllanus.
558 2063 658 2093 Tusc.
683 2063 729 2092 iii.
747 2065 799 2092 31.
830 2063 882 2093 hic
901 2063 984 2093 mihi

252 2103 400 2144 cgfferunt
414 2106 671 2136 mediocritates.
685 2108 704 2127 *Ε
715 2105 836 2136 defero.
854 2106 895 2136 ad
905 2107 983 2138 Div.

251 2149 306 2178 vii.
328 2152 376 2182 17.
394 2159 466 2188 quae
484 2149 525 2179 ad
540 2155 574 2179 te
591 2150 679 2179 ultro
695 2151 877 2179 attzelen'm.

295 2192 420 2233 Affi'cio.
440 2197 562 2230 tracto,
575 2193 689 2223 habeo.
713 2193 777 2222 Off.
794 2194 814 2222 i.
834 2195 885 2224 2¹3.
903 2193 983 2223 Cor-

251 2244 314 2274 pus
331 2236 379 2265 ita
393 2235 601 2275 (gfficiendzcm
621 2241 683 2272 est,
703 2242 740 2266 ut
757 2236 888 2266 obedire
904 2247 983 2266 con-

250 2278 325 2310 silio
358 2280 543 2318 rationique
577 2281 689 2320 possit.
729 2279 860 2310 *Tusca
891 2281 924 2310 ii.
949 2284 980 2314 7.

251 2322 399 2352 dolorem
418 2323 455 2352 iis
474 2324 580 2353 verbis
604 2323 742 2363 qffi'cias,
760 2324 878 2362 quibus
903 2324 981 2363 Epi-

251 2376 351 2395 curus
375 2365 593 2406 voluptatem.
623 2367 644 2396 i.
670 2377 697 2396 e.
726 2367 882 2406 appelles.
907 2370 925 2388 *ἓ
941 2367 980 2396 de

250 2410 502 2449 perturbatione
526 2410 622 2440 Rosc.
646 2409 684 2439 A.
707 2411 759 2440 24.
789 2420 849 2440 sua
865 2421 979 2449 quem-

250 2462 315 2491 que
341 2454 489 2482 amentia
511 2453 625 2493 (gffi'cil,
650 2453 682 2482 h.
708 2463 736 2482 e.
769 2453 810 2482 ad
833 2454 979 2483 furorem

250 2496 382 2535 redigit.
414 2497 477 2526 Off.
509 2497 543 2526 ii.
578 2500 624 2527 10.
657 2497 875 2526 admiratione
906 2497 979 2537 cgffi'-

248 2540 384 2569 σιίιηίαν
410 2540 446 2577 ii,
471 2540 527 2578 qui
553 2541 680 2569 anteire
705 2546 831 2569 ceteros
856 2541 978 2570 virtute

250 2587 425 2621 putantur.
456 2583 545 2622 *pro
569 2590 740 2622 zegrotare.
776 2583 859 2613 Phil.
883 2584 926 2614 ix.
951 2587 977 2614 1.

248 2627 298 2657 ita
314 2627 452 2656 affectus
468 2632 552 2664 erat,
570 2627 591 2656 i.
607 2638 635 2656 e.
653 2627 848 2664 aegrotabat.

292 2669 410 2710 Affi'go.
432 2670 531 2700 Tusc.
549 2670 593 2699 iii.
613 2673 664 2701 ⁶28.
689 2670 765 2700 huic
782 2670 895 2707 generi
909 2680 978 2699 ma-

248 2711 357 2745 lorum
376 2723 443 2742 non
459 2713 612 2753 qffi'g·itztr
635 2723 674 2742 ea
696 2713 818 2753 opinio.
864 2713 927 2742 Sed
943 2714 977 2743 in

246 2756 428 2788 Davisiana
442 2762 491 2786 est
506 2756 694 2797 (gffi'ngz'tur,
711 2761 750 2786 ut
766 2760 815 2785 est
832 2766 858 2784 c.
876 2759 927 2786 :3:3.

292 2799 433 2840 Affingo.
465 2800 564 2830 Tusc.
582 2800 627 2828 iii.
644 2803 696 2830 33.
729 2801 784 2837 qui
808 2799 892 2829 nihil
906 2800 977 2839 opi-

246 2844 347 2876 nione
363 2843 514 2883 cgffi'ng'it:
539 2843 643 2879 addit,
659 2847 769 2881 auget.

288 2886 475 2929 Affirmate.
498 2885 731 2928 jurejurando,
748 2886 843 2918 offic.
859 2886 905 2917 iii.
922 2888 974 2922 29.

782 104 928 134 INDEX
958 106 1254 136 LATINITATIS·

1043 196 1131 236 quod
1146 195 1315 237 affirmate
1329 197 1530 236 promiseris.

1085 240 1274 280 Affirmatio
1289 240 1452 280 religiosa.
1475 243 1569 274 Offic.
1586 244 1632 275 iii.
1649 247 1701 280 29.

1085 282 1181 323 Afflo.
1219 283 1290 313 Att.
1321 285 1386 315 xvi.
1418 287 1448 316 5.
1484 288 1625 318 rumoris
1657 289 1768 320 nescio

1042 327 1121 365 quid
1136 325 1324 366 qfflaverat.
1350 327 1371 358 i.
1387 338 1416 358 e.
1440 333 1551 360 ortum
1569 335 1651 362 erat.

1084 369 1230 408 Afflatus
1244 370 1374 401 furoris.
1397 372 1454 402 Or.
1472 374 1505 404 ii.
1521 375 1574 404 46.
1598 380 1648 406 est
1671 375 1768 406 ἐνθου-

1040 412 1170 451 σιασμὸς.
1205 413 1315 443 *Nat
1333 415 1376 444 D.
1394 415 1426 446 ii.
1444 416 1496 447 66.
1527 416 1663 458 qffiatus
1678 420 1767 449 Deo-

1042 465 1129 493 rum,
1148 457 1269 486 dicitur
1285 457 1323 487 de
1341 468 1421 488 cura
1435 459 1478 490 D.

1083 498 1223 539 Afflicto.
1255 500 1340 530 male
1371 512 1422 532 me
1454 503 1570 540 habeo,
1594 512 1633 535 ut
1663 505 1701 534 fit
1729 506 1765 537 in

1040 542 1143 572 nimio
1166 543 1271 574 luctu.
1301 543 1401 575 Tusc.
1419 546 1464 576 iii.
1482 549 1532 578 32.
1565 558 1639 578 cum
1658 558 1691 577 se
1709 548 1764 578 Al-

1039 585 1182 617 cibiades
1205 586 1391 626 afflictaret.
1422 589 1498 619 ibid.
1523 593 1574 624 27.
1605 590 1765 630 afflictare*

1039 627 1281 669 lamentarique
1298 633 1444 672 coepisse.
1467 633 1577 664 *Han
1592 634 1691 674 Resp.
1712 638 1763 669 19.

1037 671 1222 712 qffliemtwr
1237 684 1322 714 resp.

1080 715 1240 756 Afflictor.
1272 718 1336 748 Pis.
1359 721 1411 752 ¹27.
1441 720 1576 750 verbum
1603 725 1762 751 novatum

1037 768 1057 788 a
1073 759 1231 790 Cicerone
1246 761 1287 790 ad
1306 762 1545 793 rotunditatem
1571 771 1605 794 et
1628 765 1763 795 concin-

1036 803 1176 833 nitatem
1193 805 1364 834 orationis.

1078 845 1240 886 Affliccus.
1257 848 1394 887 Quinct.
1410 851 1461 879 30.
1480 849 1519 878 ab
1535 848 1663 888 cfficta
1679 852 1762 881 ami-

1036 890 1115 919 citia
1145 891 1354 930 transfugere
1385 891 1425 920 ad
1457 892 1642 923 florentem.
1680 894 1701 924 i.
1730 904 1761 924 e.

1036 943 1111 963 cum
1130 933 1264 964 homine
1281 933 1412 973 qfflicto.

1077 975 1246 1017 Affligere.
1276 978 1378 1013 idem,
1393 978 1482 1016 quod
1498 977 1670 1018 afflictare.
1698 981 1760 1011 Di-

1037 1021 1103 1050 w'n.
1129 1021 1162 1050 ii.
1186 1023 1216 1052 2.
1247 1031 1308 1051 nec
1331 1020 1440 1061 qfflisoe'
1464 1032 1527 1051 me.
1560 1022 1680 1054 *Sexn
1705 1026 1760 1055 41.

1034 1074 1167 1094 causam
1185 1073 1374 1104 susceptam
1391 1063 1553 1104 ‹ffligera
1578 1066 1598 1095 i.
1615 1077 1644 1096 e.
1676 1077 1760 1106 prae·

1032 1108 1181 1137 varicari.
1205 1108 1330 1138 *Brut
1348 1111 1395 1139 12².
1421 1108 1570 1148 affligere
1586 1119 1656 1139 rem
1672 1111 1763 1140 vitu-

1032 1151 1189 1190 perando.
1201 1152 1392 1192 opponitur,
1409 1162 1529 1191 augere
1542 1162 1611 1182 rem
1621 1152 1760 1184 laudan-

1032 1194 1085 1224 do.

1074 1237 1195 1278 Afflao.
1225 1238 1294 1268 Fin.
1326 1239 1347 1268 i.
1379 1241 1426 1269 12.
1459 1239 1648 1278 praeteritas
1664 1239 1759 1270 volu·

1031 1286 1140 1320 ptates
1166 1281 1302 1321 affluere
1331 1283 1491 1322 patiatur,
1524 1282 1585 1312 int.
1616 1282 1657 1312 ad
1687 1284 1759 1313 ani-

1031 1335 1138 1361 mum,
1155 1326 1356 1355 recordetur.
1378 1326 1418 1365 Ω.
1437 1325 1487 1355 Fr.
1504 1325 1550 1355 iii.
1564 1329 1593 1356 3.
1619 1326 1700 1355 nihil
1717 1337 1756 1356 ex

1030 1368 1100 1398 istis
1125 1369 1203 1398 locis
1227 1379 1293 1398 non
1319 1369 1415 1398 modo
1439 1368 1625 1406 literarum,
1641 1368 1698 1399 sed
1713 1379 1755 1399 ne

1029 1413 1170 1442 rumoris
1187 1413 1318 1451 quidem
1334 1411 1477 1451 affluxit.

1072 1454 1231 1495 Affi'ztens.
1255 1456 1312 1486 Or.
1330 1458 1381 1486 ⁶24.
1405 1455 1444 1485 de
1461 1454 1618 1485 mediocri
1634 1465 1757 1495 genere

1029 1498 1171 1529 dicendi.

1070 1543 1234 1581 Aggrego.
1266 1542 1307 1573 ad
1333 1543 1408 1573 Div.
1435 1542 1456 1572 i.
1480 1547 1512 1577 9.
1542 1541 1754 1572 voluntatem

1028 1595 1122 1615 suam
1155 1586 1195 1616 ad
1226 1587 1364 1625 alicujus
1404 1586 1603 1624 dignitatem
1635 1595 1756 1624 aggre-

1024 1640 1119 1668 gare,
1150 1630 1183 1660 h.
1215 1641 1243 1660 e.
1274 1630 1440 1670 suscipere
1462 1629 1688 1659 defensionem
1705 1629 1755 1659 di-

1027 1673 1165 1711 gnitatis
1180 1673 1329 1712 alicujus.

1068 1717 1214 1754 Ag‘ilitas
1230 1723 1370 1747 naturae.
1393 1716 1464 1746 Att.
1482 1716 1504 1745 i.
1523 1718 1573 1750 17.

1068 1761 1175 1799 Agita.
1208 1761 1277 1790 Att.
1301 1761 1322 1790 i.
1351 1763 1398 1794 19.
1429 1760 1559 1798 agraria
1581 1758 1632 1788 lex
1656 1759 1754 1789 vehe-

1026 1809 1158 1833 menter
1179 1805 1343 1842 agitatur,
1367 1808 1502 1833 auctore
1527 1802 1695 1842 Pompeio.
1719 1803 1754 1833 h.

1026 1856 1054 1876 e.
1086 1856 1105 1876 a
1121 1846 1308 1886 legislatore
1340 1847 1554 1876 vehementer
1579 1850 1612 1875 et
1639 1846 1755 1876 crebro

1026 1890 1137 1928 agitur
1162 1891 1203 1920 ad
1226 1890 1399 1931 populum,
1422 1894 1461 1920 ut
1485 1889 1536 1919 lex
1560 1889 1754 1929 accipiatur.

1025 1933 1185 1970 *νς-κεινὴ
1202 1934 1441 1974 reprehendere
1463 1934 1521 1962 ἀο-
1550 1932 1749 1970 accusando,

1025 1976 1171 2007 dicteriis
1187 1978 1246 2008 ἃς.
1264 1979 1323 2008 Or.
1336 1978 1369 2006 ii.
1383 1980 1434 2007 5¹5.
1449 1979 1499 2010 59.
1517 1975 1670 2006 Balb.25.
1688 1975 1753 2005 *a-

1022 2021 1128 2059 gitari
1150 2022 1252 2050 etiam
1276 2021 1448 2056 dicuntur,
1479 2019 1518 2049 de
1542 2019 1660 2057 quibus
1683 2027 1754 2048 cre-

1026 2064 1083 2094 bro
1098 2063 1312 2102 deliberatur,
1327 2068 1366 2093 ut
1383 2063 1422 2093 de
1439 2063 1533 2093 Offie.
1546 2063 1566 2092 i.
1584 2065 1636 2092 24.
1653 2062 1755 2092 rebus

1027 2109 1176 2145 agitatis,
1201 2109 1221 2138 i.
1245 2118 1274 2138 e.
1299 2107 1490 2147 exploratis,
1513 2106 1752 2135 deliberatione

1023 2150 1123 2180 facta.
1155 2151 1288 2181 Cluent.
1321 2153 1372 2181 32.
1403 2152 1532 2189 agitata
1563 2158 1613 2179 res
1645 2158 1690 2178 se.
1718 2149 1753 2179 in

1017 2194 1164 2232 judiciis.
1188 2195 1354 2234 *Quincn
1375 2196 1404 2225 ⁶2.
1426 2195 1558 2232 jactata
1573 2197 1607 2222 et
1623 2193 1754 2230 agitata

1024 2238 1174 2276 aequitas,
1185 2238 1206 2268 i.
1221 2249 1249 2268 e.
1266 2239 1357 2268 omni
1370 2238 1498 2267 ratione
1512 2235 1753 2275 impedierunt,

1023 2291 1088 2320 quo
1112 2282 1236 2318 minus,
1252 2281 1340 2320 quod
1363 2290 1497 2319 aequum
1521 2284 1606 2315 erat,
1623 2279 1753 2308 obtine-

1024 2329 1125 2354 retur.
1149 2324 1241 2354 Verr.
1259 2326 1279 2354 i.
1297 2328 1327 2356 52.
1353 2325 1477 2362 agitari
1494 2322 1656 2353 scelerum
1683 2332 1751 2362 poe-

1023 2368 1086 2405 nis,
1105 2368 1125 2397 i.
1144 2368 1370 2408 e.perturbari
1393 2368 1453 2404 ita,
1469 2371 1508 2396 ut
1529 2366 1621 2396 furor
1638 2375 1755 2395 conse-

1023 2416 1158 2450 quatur.

1064 2455 1203 2493 Agmen.
1229 2453 1285 2483 Or.
1304 2454 1324 2484 i.
1341 2456 1392 2484 34.
1417 2453 1603 2483 orationem
1621 2452 1655 2481 in
1677 2461 1749 2481 me-

1022 2497 1112 2527 dium
1130 2507 1250 2535 (minen
1266 2497 1429 2527 deducere
1446 2507 1464 2526 e
1487 2496 1671 2525 domestica
1693 2505 1749 2524 ex-

1021 2542 1229 2571 ercitatione.
1268 2542 1290 2571 i.
1329 2551 1358 2570 e.
1400 2541 1435 2571 in
1467 2539 1595 2579 judicio
1633 2548 1749 2568 causas

1021 2584 1140 2614 dicere.

1063 2629 1243 2666 Agnascor.
1281 2627 1366 2657 Or.i
1402 2629 1454 2659 57.
1485 2625 1686 2665 agnascendo
1702 2628 1753 2654 te-

1019 2676 1188 2701 stamenta
1204 2671 1323 2710 rumpi.
1340 2671 1366 2699 si
1390 2670 1462 2708 quis
1479 2674 1552 2708 post
1569 2676 1751 2698 testamen-

1019 2720 1092 2744 tum
1118 2722 1216 2744 natus
1240 2719 1338 2751 esset,
1363 2713 1404 2742 ad
1428 2723 1540 2752 quem,
1564 2713 1591 2742 si
1617 2711 1748 2741 nullum

1018 2761 1261 2787 testamentum
1286 2762 1384 2794 esset,
1408 2756 1575 2786 hereditas
1598 2755 1750 2795 perveni-

1020 2806 1083 2838 ret,
1115 2811 1222 2839 neque
1253 2805 1457 2830 testamento
1487 2803 1538 2828 est
1568 2803 1745 2838 exceptus:

1020 2843 1107 2882 quod
1124 2844 1211 2874 valet
1228 2845 1328 2874 etiam
1346 2844 1385 2873 de
1402 2842 1643 2882 adoptionibus.
1660 2851 1690 2869 v.
1708 2841 1748 2870 de

1019 2888 1116 2918 variis
1139 2888 1337 2928 agnascendi
1359 2886 1464 2918 modis
1493 2886 1610 2917 Caium
1636 2884 1748 2915 lustit.
