<?xml version="1.0" encoding="UTF-8"?>
<!DOCTYPE html PUBLIC "-//W3C//DTD XHTML 1.0 Transitional//EN"
    "http://www.w3.org/TR/xhtml1/DTD/xhtml1-transitional.dtd">
<html xmlns="http://www.w3.org/1999/xhtml" xml:lang="en" lang="en">
 <head>
  <title>
</title>
<meta http-equiv="Content-Type" content="text/html;charset=utf-8" />
  <meta name='ocr-system' content='tesseract 3.04.00' />
  <meta name='ocr-capabilities' content='ocr_page ocr_carea ocr_par ocr_line ocrx_word'/>
</head>
<body>
  <div class='ocr_page' id='page_1' title='image "./clavisciceronian00erneuoft/clavisciceronian00erneuoft_0420.png"; bbox 0 0 1920 3196; ppageno 0'>
   <div class='ocr_carea' id='block_1_1' title="bbox 227 91 1228 130">
    <p class='ocr_par' dir='ltr' id='par_1_1' title="bbox 227 91 1228 130">
     <span class='ocr_line' id='line_1_1' title="bbox 227 91 1228 130; baseline -0.001 -1"><span class='ocrx_word' id='word_1_1' title='bbox 227 91 313 129; x_wconf 76' lang='lat'><strong>414</strong></span> <span class='ocrx_word' id='word_1_2' title='bbox 753 99 900 130; x_wconf 72' lang='lat' dir='ltr'><strong>mnnx</strong></span> <span class='ocrx_word' id='word_1_3' title='bbox 930 99 1228 129; x_wconf 67' lang='lat' dir='ltr'><strong>mmmm-rm.</strong></span> 
     </span>
    </p>
   </div>
   <div class='ocr_carea' id='block_1_2' title="bbox 220 182 972 2937">
    <p class='ocr_par' dir='ltr' id='par_1_2' title="bbox 224 182 966 263">
     <span class='ocr_line' id='line_1_2' title="bbox 224 182 966 227; baseline 0.001 -9"><span class='ocrx_word' id='word_1_4' title='bbox 224 192 281 219; x_wconf 73' lang='lat' dir='ltr'><strong>ter</strong></span> <span class='ocrx_word' id='word_1_5' title='bbox 296 187 418 217; x_wconf 84' lang='lat' dir='ltr'><strong>dicitur</strong></span> <span class='ocrx_word' id='word_1_6' title='bbox 433 182 492 227; x_wconf 74' lang='lat' dir='ltr'><strong>pro</strong></span> <span class='ocrx_word' id='word_1_7' title='bbox 509 196 713 219; x_wconf 81' lang='lat' dir='ltr'><strong>conservare.</strong></span> <span class='ocrx_word' id='word_1_8' title='bbox 737 188 791 219; x_wconf 87' lang='lat' dir='ltr'><strong>Sic</strong></span> <span class='ocrx_word' id='word_1_9' title='bbox 815 187 896 220; x_wconf 85' lang='lat' dir='ltr'>Her.</span> <span class='ocrx_word' id='word_1_10' title='bbox 920 189 966 220; x_wconf 87' lang='lat' dir='ltr'><strong>iii.</strong></span> 
     </span>
     <span class='ocr_line' id='line_1_3' title="bbox 228 230 683 263; baseline -0.002 0"><span class='ocrx_word' id='word_1_11' title='bbox 228 235 259 263; x_wconf 87' lang='grc'><strong>3.</strong></span> <span class='ocrx_word' id='word_1_12' title='bbox 283 232 423 261; x_wconf 75' lang='lat' dir='ltr'><strong>retinere</strong></span> <span class='ocrx_word' id='word_1_13' title='bbox 436 230 683 262; x_wconf 82' lang='lat' dir='ltr'><strong>fortitudinem.</strong></span> 
     </span>
    </p>

    <p class='ocr_par' dir='ltr' id='par_1_3' title="bbox 227 274 972 742">
     <span class='ocr_line' id='line_1_4' title="bbox 273 274 970 314; baseline 0 -8"><span class='ocrx_word' id='word_1_14' title='bbox 273 275 482 311; x_wconf 78' lang='lat' dir='ltr'><strong>Retractare‚</strong></span> <span class='ocrx_word' id='word_1_15' title='bbox 505 274 545 305; x_wconf 89' lang='lat' dir='ltr'><strong>dc</strong></span> <span class='ocrx_word' id='word_1_16' title='bbox 570 275 785 314; x_wconf 81' lang='lat' dir='ltr'>cogitatione.</span> <span class='ocrx_word' id='word_1_17' title='bbox 809 275 878 306; x_wconf 90' lang='lat' dir='ltr'><strong>Att.</strong></span> <span class='ocrx_word' id='word_1_18' title='bbox 902 276 970 306; x_wconf 78' lang='lat' dir='ltr'><strong>viii.</strong></span> 
     </span>
     <span class='ocr_line' id='line_1_5' title="bbox 227 318 969 358; baseline 0.001 -9"><span class='ocrx_word' id='word_1_19' title='bbox 227 322 260 353; x_wconf 84' lang='lat'><strong>9.</strong></span> <span class='ocrx_word' id='word_1_20' title='bbox 285 328 407 358; x_wconf 86' lang='lat' dir='ltr'><strong>augere</strong></span> <span class='ocrx_word' id='word_1_21' title='bbox 423 318 570 348; x_wconf 88' lang='lat' dir='ltr'><strong>dolorem</strong></span> <span class='ocrx_word' id='word_1_22' title='bbox 587 319 806 349; x_wconf 66' lang='lat' dir='ltr'><strong>retractando.</strong></span> <span class='ocrx_word' id='word_1_23' title='bbox 832 319 912 349; x_wconf 86' lang='lat' dir='ltr'><strong>Nat.</strong></span> <span class='ocrx_word' id='word_1_24' title='bbox 925 320 969 350; x_wconf 92' lang='lat' dir='ltr'><strong>D.</strong></span> 
     </span>
     <span class='ocr_line' id='line_1_6' title="bbox 230 362 972 401; baseline -0.001 -8"><span class='ocrx_word' id='word_1_25' title='bbox 230 363 264 393; x_wconf 91' lang='lat' dir='ltr'><strong>ii.</strong></span> <span class='ocrx_word' id='word_1_26' title='bbox 289 364 342 394; x_wconf 74' lang='lat'><strong>28.</strong></span> <span class='ocrx_word' id='word_1_27' title='bbox 366 362 422 401; x_wconf 84' lang='lat' dir='ltr'><strong>qui</strong></span> <span class='ocrx_word' id='word_1_28' title='bbox 445 363 570 400; x_wconf 86' lang='lat' dir='ltr'><strong>omnia,</strong></span> <span class='ocrx_word' id='word_1_29' title='bbox 588 372 660 401; x_wconf 81' lang='lat' dir='ltr'><strong>quae</strong></span> <span class='ocrx_word' id='word_1_30' title='bbox 677 362 718 392; x_wconf 86' lang='lat' dir='ltr'><strong>ad</strong></span> <span class='ocrx_word' id='word_1_31' title='bbox 735 362 865 393; x_wconf 87' lang='lat' dir='ltr'><strong>cultum</strong></span> <span class='ocrx_word' id='word_1_32' title='bbox 883 363 972 393; x_wconf 86' lang='lat' dir='ltr'><strong>Deo-</strong></span> 
     </span>
     <span class='ocr_line' id='line_1_7' title="bbox 229 406 971 446; baseline 0.001 -10"><span class='ocrx_word' id='word_1_33' title='bbox 229 415 305 436; x_wconf 89' lang='lat' dir='ltr'><strong>rum</strong></span> <span class='ocrx_word' id='word_1_34' title='bbox 343 406 566 445; x_wconf 66' lang='lat' dir='ltr'><strong>pertinerent,</strong></span> <span class='ocrx_word' id='word_1_35' title='bbox 596 406 775 446; x_wconf 78' lang='lat' dir='ltr'>diligenter</span> <span class='ocrx_word' id='word_1_36' title='bbox 811 411 971 437; x_wconf 77' lang='lat' dir='ltr'><strong>retracta·</strong></span> 
     </span>
     <span class='ocr_line' id='line_1_8' title="bbox 229 449 971 489; baseline 0 -10"><span class='ocrx_word' id='word_1_37' title='bbox 229 454 305 479; x_wconf 80' lang='lat' dir='ltr'><strong>rent</strong></span> <span class='ocrx_word' id='word_1_38' title='bbox 315 461 324 478; x_wconf 92' lang='lat'><strong>.·</strong></span> <span class='ocrx_word' id='word_1_39' title='bbox 337 449 393 479; x_wconf 84' lang='lat' dir='ltr'><strong>ubi</strong></span> <span class='ocrx_word' id='word_1_40' title='bbox 405 450 507 479; x_wconf 84' lang='lat' dir='ltr'><strong>etiam</strong></span> <span class='ocrx_word' id='word_1_41' title='bbox 517 460 576 489; x_wconf 87' lang='lat' dir='ltr'><strong>pro</strong></span> <span class='ocrx_word' id='word_1_42' title='bbox 587 453 731 480; x_wconf 79' lang='lat' dir='ltr'><strong>tractare</strong></span> <span class='ocrx_word' id='word_1_43' title='bbox 743 450 869 480; x_wconf 78' lang='lat' dir='ltr'><strong>dictum</strong></span> <span class='ocrx_word' id='word_1_44' title='bbox 882 450 971 479; x_wconf 88' lang='lat' dir='ltr'><strong>vide-</strong></span> 
     </span>
     <span class='ocr_line' id='line_1_9' title="bbox 229 493 971 532; baseline 0.001 -10"><span class='ocrx_word' id='word_1_45' title='bbox 229 497 297 523; x_wconf 87' lang='lat' dir='ltr'><strong>tur.</strong></span> <span class='ocrx_word' id='word_1_46' title='bbox 315 496 334 514; x_wconf 75' lang='lat'><em>*</em></span> <span class='ocrx_word' id='word_1_47' title='bbox 349 502 514 529; x_wconf 78' lang='lat' dir='ltr'><strong>recusare,</strong></span> <span class='ocrx_word' id='word_1_48' title='bbox 530 493 751 532; x_wconf 63' lang='lat' dir='ltr'><strong>tergiversari.</strong></span> <span class='ocrx_word' id='word_1_49' title='bbox 768 493 868 523; x_wconf 76' lang='lat' dir='ltr'><strong>Tusc.</strong></span> <span class='ocrx_word' id='word_1_50' title='bbox 882 494 903 523; x_wconf 92' lang='lat' dir='ltr'><strong>i.</strong></span> <span class='ocrx_word' id='word_1_51' title='bbox 916 496 971 523; x_wconf 83' lang='lat'><strong>31.</strong></span> 
     </span>
     <span class='ocr_line' id='line_1_10' title="bbox 231 536 970 576; baseline 0 -10"><span class='ocrx_word' id='word_1_52' title='bbox 231 538 345 566; x_wconf 79' lang='lat' dir='ltr'><strong>veniet</strong></span> <span class='ocrx_word' id='word_1_53' title='bbox 359 539 503 576; x_wconf 76' lang='lat' dir='ltr'><strong>tempus,</strong></span> <span class='ocrx_word' id='word_1_54' title='bbox 520 540 554 566; x_wconf 87' lang='lat' dir='ltr'><strong>et</strong></span> <span class='ocrx_word' id='word_1_55' title='bbox 571 537 703 576; x_wconf 83' lang='lat' dir='ltr'><strong>quidem</strong></span> <span class='ocrx_word' id='word_1_56' title='bbox 722 536 886 575; x_wconf 73' lang='lat' dir='ltr'>celeriter,</span> <span class='ocrx_word' id='word_1_57' title='bbox 903 538 970 566; x_wconf 82' lang='lat' dir='ltr'><strong>sive</strong></span> 
     </span>
     <span class='ocr_line' id='line_1_11' title="bbox 228 580 969 620; baseline -0.001 -9"><span class='ocrx_word' id='word_1_58' title='bbox 228 581 434 617; x_wconf 73' lang='lat' dir='ltr'><strong>retractabis,</strong></span> <span class='ocrx_word' id='word_1_59' title='bbox 450 580 518 609; x_wconf 85' lang='lat' dir='ltr'><strong>sive</strong></span> <span class='ocrx_word' id='word_1_60' title='bbox 535 581 735 620; x_wconf 77' lang='lat' dir='ltr'>properabis.</span> <span class='ocrx_word' id='word_1_61' title='bbox 757 580 855 620; x_wconf 73' lang='lat' dir='ltr'><strong>Quod</strong></span> <span class='ocrx_word' id='word_1_62' title='bbox 876 580 917 610; x_wconf 90' lang='lat' dir='ltr'><strong>ad</strong></span> <span class='ocrx_word' id='word_1_63' title='bbox 937 580 969 609; x_wconf 89' lang='lat' dir='ltr'><strong>h.</strong></span> 
     </span>
     <span class='ocr_line' id='line_1_12' title="bbox 230 623 968 663; baseline -0.001 -9"><span class='ocrx_word' id='word_1_64' title='bbox 230 624 252 655; x_wconf 90' lang='lat' dir='ltr'><strong>l.</strong></span> <span class='ocrx_word' id='word_1_65' title='bbox 276 623 441 654; x_wconf 88' lang='lat' dir='ltr'><strong>Buherius</strong></span> <span class='ocrx_word' id='word_1_66' title='bbox 466 628 565 663; x_wconf 83' lang='lat' dir='ltr'><strong>putat</strong></span> <span class='ocrx_word' id='word_1_67' title='bbox 588 624 679 654; x_wconf 81' lang='lat' dir='ltr'><strong>aliud</strong></span> <span class='ocrx_word' id='word_1_68' title='bbox 694 634 764 654; x_wconf 83' lang='lat' dir='ltr'><strong>esse</strong></span> <span class='ocrx_word' id='word_1_69' title='bbox 782 628 968 661; x_wconf 65' lang='lat' dir='ltr'><strong>retrectare,</strong></span> 
     </span>
     <span class='ocr_line' id='line_1_13' title="bbox 231 666 969 705; baseline 0 -8"><span class='ocrx_word' id='word_1_70' title='bbox 231 667 322 698; x_wconf 78' lang='lat' dir='ltr'><strong>aliud</strong></span> <span class='ocrx_word' id='word_1_71' title='bbox 348 671 543 704; x_wconf 76' lang='lat' dir='ltr'><strong>retractare,</strong></span> <span class='ocrx_word' id='word_1_72' title='bbox 568 667 601 697; x_wconf 86' lang='lat' dir='ltr'><strong>id</strong></span> <span class='ocrx_word' id='word_1_73' title='bbox 629 666 725 697; x_wconf 87' lang='lat' dir='ltr'><strong>nihili</strong></span> <span class='ocrx_word' id='word_1_74' title='bbox 751 673 814 704; x_wconf 85' lang='lat' dir='ltr'><strong>est,</strong></span> <span class='ocrx_word' id='word_1_75' title='bbox 839 672 876 697; x_wconf 86' lang='lat' dir='ltr'><strong>ut</strong></span> <span class='ocrx_word' id='word_1_76' title='bbox 897 668 969 705; x_wconf 83' lang='lat' dir='ltr'><strong>jam</strong></span> 
     </span>
     <span class='ocr_line' id='line_1_14' title="bbox 230 710 902 742; baseline 0 -1"><span class='ocrx_word' id='word_1_77' title='bbox 230 711 365 742; x_wconf 85' lang='lat' dir='ltr'><strong>monuit</strong></span> <span class='ocrx_word' id='word_1_78' title='bbox 379 710 553 741; x_wconf 84' lang='lat' dir='ltr'><strong>Drakenb.</strong></span> <span class='ocrx_word' id='word_1_79' title='bbox 569 711 610 741; x_wconf 77' lang='lat' dir='ltr'><strong>ad</strong></span> <span class='ocrx_word' id='word_1_80' title='bbox 627 711 697 741; x_wconf 84' lang='lat' dir='ltr'><strong>Liv.</strong></span> <span class='ocrx_word' id='word_1_81' title='bbox 713 712 834 741; x_wconf 81' lang='lat' dir='ltr'><strong>xxxvii.</strong></span> <span class='ocrx_word' id='word_1_82' title='bbox 855 714 902 741; x_wconf 81' lang='lat'><strong>18.</strong></span> 
     </span>
    </p>

    <p class='ocr_par' dir='ltr' id='par_1_4' title="bbox 228 754 970 960">
     <span class='ocr_line' id='line_1_15' title="bbox 274 754 968 794; baseline -0.003 -9"><span class='ocrx_word' id='word_1_83' title='bbox 274 755 485 785; x_wconf 63' lang='lat' dir='ltr'><strong>Retractatio.</strong></span> <span class='ocrx_word' id='word_1_84' title='bbox 522 755 764 794; x_wconf 70' lang='lat' dir='ltr'><strong>tergiversatio.</strong></span> <span class='ocrx_word' id='word_1_85' title='bbox 800 754 901 784; x_wconf 87' lang='lat' dir='ltr'><strong>Tusc.</strong></span> <span class='ocrx_word' id='word_1_86' title='bbox 939 763 968 783; x_wconf 88' lang='lat' dir='ltr'><strong>v.</strong></span> 
     </span>
     <span class='ocr_line' id='line_1_16' title="bbox 229 797 970 833; baseline -0.004 -3"><span class='ocrx_word' id='word_1_87' title='bbox 229 800 282 833; x_wconf 78' lang='lat'><strong>29.</strong></span> <span class='ocrx_word' id='word_1_88' title='bbox 305 799 377 828; x_wconf 88' lang='lat' dir='ltr'><strong>sine</strong></span> <span class='ocrx_word' id='word_1_89' title='bbox 402 800 631 829; x_wconf 75' lang='lat' dir='ltr'><em>retractatione</em></span> <span class='ocrx_word' id='word_1_90' title='bbox 656 797 757 828; x_wconf 85' lang='lat' dir='ltr'><strong>libere</strong></span> <span class='ocrx_word' id='word_1_91' title='bbox 785 798 905 828; x_wconf 82' lang='lat' dir='ltr'><strong>dicere.</strong></span> <span class='ocrx_word' id='word_1_92' title='bbox 928 797 970 827; x_wconf 85' lang='lat' dir='ltr'><strong>ad</strong></span> 
     </span>
     <span class='ocr_line' id='line_1_17' title="bbox 228 841 970 873; baseline -0.003 -1"><span class='ocrx_word' id='word_1_93' title='bbox 228 843 299 873; x_wconf 80' lang='lat' dir='ltr'><strong>Att.</strong></span> <span class='ocrx_word' id='word_1_94' title='bbox 323 842 393 872; x_wconf 84' lang='lat' dir='ltr'><strong>xiii.</strong></span> <span class='ocrx_word' id='word_1_95' title='bbox 414 843 467 872; x_wconf 88' lang='grc'><strong>25.</strong></span> <span class='ocrx_word' id='word_1_96' title='bbox 490 843 560 872; x_wconf 76' lang='lat' dir='ltr'><strong>sine</strong></span> <span class='ocrx_word' id='word_1_97' title='bbox 581 842 650 872; x_wconf 84' lang='lat' dir='ltr'><strong>ulla</strong></span> <span class='ocrx_word' id='word_1_98' title='bbox 679 841 887 872; x_wconf 81' lang='lat' dir='ltr'>dubitatione</span> <span class='ocrx_word' id='word_1_99' title='bbox 912 847 970 871; x_wconf 87' lang='lat' dir='ltr'><strong>aut</strong></span> 
     </span>
     <span class='ocr_line' id='line_1_18' title="bbox 228 885 968 926; baseline -0.001 -10"><span class='ocrx_word' id='word_1_100' title='bbox 228 887 466 916; x_wconf 67' lang='lat' dir='ltr'><em>retractatione.</em></span> <span class='ocrx_word' id='word_1_101' title='bbox 484 890 536 916; x_wconf 85' lang='lat' dir='ltr'><strong>est</strong></span> <span class='ocrx_word' id='word_1_102' title='bbox 551 886 634 916; x_wconf 87' lang='lat' dir='ltr'><strong>adeo</strong></span> <span class='ocrx_word' id='word_1_103' title='bbox 649 885 762 926; x_wconf 87' lang='lat' dir='ltr'><strong>paullo</strong></span> <span class='ocrx_word' id='word_1_104' title='bbox 777 885 851 925; x_wconf 87' lang='lat' dir='ltr'><strong>plus</strong></span> <span class='ocrx_word' id='word_1_105' title='bbox 869 895 968 924; x_wconf 83' lang='lat' dir='ltr'><strong>quam</strong></span> 
     </span>
     <span class='ocr_line' id='line_1_19' title="bbox 230 929 411 960; baseline 0 -1"><span class='ocrx_word' id='word_1_106' title='bbox 230 929 411 960; x_wconf 79' lang='lat' dir='ltr'>dubitatio.</span> 
     </span>
    </p>

    <p class='ocr_par' dir='ltr' id='par_1_5' title="bbox 225 970 970 1100">
     <span class='ocr_line' id='line_1_20' title="bbox 272 970 970 1011; baseline -0.004 -7"><span class='ocrx_word' id='word_1_107' title='bbox 272 973 505 1004; x_wconf 58' lang='lat' dir='ltr'><strong>Reti-aetatior.</strong></span> <span class='ocrx_word' id='word_1_108' title='bbox 541 971 611 1002; x_wconf 76' lang='lat' dir='ltr'><strong>Att.</strong></span> <span class='ocrx_word' id='word_1_109' title='bbox 643 973 706 1003; x_wconf 89' lang='lat' dir='ltr'><strong>xvi.</strong></span> <span class='ocrx_word' id='word_1_110' title='bbox 738 975 769 1004; x_wconf 88' lang='grc'><strong>3.</strong></span> <span class='ocrx_word' id='word_1_111' title='bbox 808 970 970 1011; x_wconf 69' lang='grc' dir='ltr'><strong>σύνταγμα</strong></span> 
     </span>
     <span class='ocr_line' id='line_1_21' title="bbox 225 1017 970 1053; baseline -0.004 -5"><span class='ocrx_word' id='word_1_112' title='bbox 225 1019 439 1048; x_wconf 61' lang='lat' dir='ltr'><strong>rarae-talias</strong></span> <span class='ocrx_word' id='word_1_113' title='bbox 449 1029 458 1046; x_wconf 90' lang='grc'><strong>.·</strong></span> <span class='ocrx_word' id='word_1_114' title='bbox 475 1017 597 1046; x_wconf 82' lang='lat' dir='ltr'><strong>iterum</strong></span> <span class='ocrx_word' id='word_1_115' title='bbox 612 1026 801 1053; x_wconf 84' lang='lat' dir='ltr'><strong>excussum,</strong></span> <span class='ocrx_word' id='word_1_116' title='bbox 813 1017 970 1046; x_wconf 83' lang='lat' dir='ltr'><strong>emenda-</strong></span> 
     </span>
     <span class='ocr_line' id='line_1_22' title="bbox 227 1060 847 1100; baseline -0.005 -8"><span class='ocrx_word' id='word_1_117' title='bbox 227 1066 316 1098; x_wconf 83' lang='lat' dir='ltr'><strong>tum,</strong></span> <span class='ocrx_word' id='word_1_118' title='bbox 334 1071 439 1100; x_wconf 87' lang='lat' dir='ltr'><strong>eoque</strong></span> <span class='ocrx_word' id='word_1_119' title='bbox 455 1065 489 1090; x_wconf 92' lang='lat' dir='ltr'><strong>et</strong></span> <span class='ocrx_word' id='word_1_120' title='bbox 505 1060 692 1090; x_wconf 71' lang='lat' dir='ltr'>accuratius</span> <span class='ocrx_word' id='word_1_121' title='bbox 708 1060 847 1090; x_wconf 84' lang='lat' dir='ltr'><strong>factum.</strong></span> 
     </span>
    </p>

    <p class='ocr_par' dir='ltr' id='par_1_6' title="bbox 228 1103 968 1186">
     <span class='ocr_line' id='line_1_23' title="bbox 273 1103 968 1142; baseline -0.003 -7"><span class='ocrx_word' id='word_1_122' title='bbox 273 1105 468 1142; x_wconf 75' lang='lat' dir='ltr'><em>Retrahere,</em></span> <span class='ocrx_word' id='word_1_123' title='bbox 483 1103 630 1141; x_wconf 80' lang='lat' dir='ltr'>trahere,</span> <span class='ocrx_word' id='word_1_124' title='bbox 648 1104 781 1134; x_wconf 88' lang='lat' dir='ltr'><strong>ducere.</strong></span> <span class='ocrx_word' id='word_1_125' title='bbox 804 1104 893 1134; x_wconf 83' lang='lat' dir='ltr'><strong>Part.</strong></span> <span class='ocrx_word' id='word_1_126' title='bbox 915 1106 968 1138; x_wconf 84' lang='lat'><strong>39.</strong></span> 
     </span>
     <span class='ocr_line' id='line_1_24' title="bbox 228 1147 862 1186; baseline -0.003 -7"><span class='ocrx_word' id='word_1_127' title='bbox 228 1150 395 1180; x_wconf 75' lang='lat' dir='ltr'><em>retrahere</em></span> <span class='ocrx_word' id='word_1_128' title='bbox 411 1149 444 1178; x_wconf 90' lang='lat' dir='ltr'><strong>in</strong></span> <span class='ocrx_word' id='word_1_129' title='bbox 461 1148 574 1178; x_wconf 85' lang='lat' dir='ltr'><strong>odium</strong></span> <span class='ocrx_word' id='word_1_130' title='bbox 587 1148 710 1186; x_wconf 76' lang='lat' dir='ltr'><strong>judicis</strong></span> <span class='ocrx_word' id='word_1_131' title='bbox 726 1147 862 1186; x_wconf 87' lang='lat' dir='ltr'><strong>aliquid.</strong></span> 
     </span>
    </p>

    <p class='ocr_par' dir='ltr' id='par_1_7' title="bbox 231 1191 968 1276">
     <span class='ocr_line' id='line_1_25' title="bbox 272 1191 968 1229; baseline -0.004 -6"><span class='ocrx_word' id='word_1_132' title='bbox 272 1192 445 1229; x_wconf 74' lang='lat' dir='ltr'><strong>Retrasus,</strong></span> <span class='ocrx_word' id='word_1_133' title='bbox 463 1191 605 1221; x_wconf 78' lang='lat' dir='ltr'><strong>abditus.</strong></span> <span class='ocrx_word' id='word_1_134' title='bbox 633 1192 689 1222; x_wconf 95' lang='lat' dir='ltr'><strong>Or.</strong></span> <span class='ocrx_word' id='word_1_135' title='bbox 715 1192 738 1222; x_wconf 90' lang='lat' dir='ltr'><strong>i.</strong></span> <span class='ocrx_word' id='word_1_136' title='bbox 766 1195 814 1226; x_wconf 87' lang='lat'><strong>19.</strong></span> <span class='ocrx_word' id='word_1_137' title='bbox 837 1195 968 1221; x_wconf 76' lang='lat' dir='ltr'><strong>‘retrusa</strong></span> 
     </span>
     <span class='ocr_line' id='line_1_26' title="bbox 231 1235 631 1276; baseline -0.005 -10"><span class='ocrx_word' id='word_1_138' title='bbox 231 1237 267 1267; x_wconf 89' lang='lat' dir='ltr'><strong>in</strong></span> <span class='ocrx_word' id='word_1_139' title='bbox 285 1236 396 1266; x_wconf 87' lang='lat' dir='ltr'><strong>media</strong></span> <span class='ocrx_word' id='word_1_140' title='bbox 410 1235 631 1276; x_wconf 81' lang='lat' dir='ltr'><strong>philosophia.</strong></span> 
     </span>
    </p>

    <p class='ocr_par' dir='ltr' id='par_1_8' title="bbox 228 1276 970 1355">
     <span class='ocr_line' id='line_1_27' title="bbox 271 1276 970 1318; baseline -0.004 -8"><span class='ocrx_word' id='word_1_141' title='bbox 271 1279 470 1317; x_wconf 77' lang='lat' dir='ltr'><strong>Retundere,</strong></span> <span class='ocrx_word' id='word_1_142' title='bbox 487 1280 718 1318; x_wconf 83' lang='lat' dir='ltr'><strong>comprimere.</strong></span> <span class='ocrx_word' id='word_1_143' title='bbox 742 1276 784 1308; x_wconf 88' lang='lat' dir='ltr'><strong>ad</strong></span> <span class='ocrx_word' id='word_1_144' title='bbox 806 1278 883 1309; x_wconf 88' lang='lat' dir='ltr'><strong>Div.</strong></span> <span class='ocrx_word' id='word_1_145' title='bbox 901 1278 970 1308; x_wconf 88' lang='lat' dir='ltr'><strong>viii.</strong></span> 
     </span>
     <span class='ocr_line' id='line_1_28' title="bbox 228 1324 604 1355; baseline -0.008 0"><span class='ocrx_word' id='word_1_146' title='bbox 228 1324 259 1355; x_wconf 88' lang='lat'><strong>6.</strong></span> <span class='ocrx_word' id='word_1_147' title='bbox 284 1324 407 1354; x_wconf 79' lang='lat' dir='ltr'><strong>retudit</strong></span> <span class='ocrx_word' id='word_1_148' title='bbox 423 1333 604 1353; x_wconf 76' lang='lat' dir='ltr'><strong>sermones.</strong></span> 
     </span>
    </p>

    <p class='ocr_par' dir='ltr' id='par_1_9' title="bbox 226 1365 970 1450">
     <span class='ocr_line' id='line_1_29' title="bbox 273 1365 970 1405; baseline -0.003 -8"><span class='ocrx_word' id='word_1_149' title='bbox 273 1367 426 1405; x_wconf 62' lang='lat' dir='ltr'><strong>Remus,</strong></span> <span class='ocrx_word' id='word_1_150' title='bbox 451 1367 605 1404; x_wconf 86' lang='lat' dir='ltr'><strong>obtusus,</strong></span> <span class='ocrx_word' id='word_1_151' title='bbox 629 1366 741 1397; x_wconf 82' lang='lat' dir='ltr'><strong>hebes.</strong></span> <span class='ocrx_word' id='word_1_152' title='bbox 768 1366 845 1397; x_wconf 83' lang='lat' dir='ltr'><strong>Div.</strong></span> <span class='ocrx_word' id='word_1_153' title='bbox 871 1365 892 1396; x_wconf 90' lang='lat' dir='ltr'><strong>i.</strong></span> <span class='ocrx_word' id='word_1_154' title='bbox 917 1365 970 1397; x_wconf 87' lang='lat'><strong>36.</strong></span> 
     </span>
     <span class='ocr_line' id='line_1_30' title="bbox 226 1411 580 1450; baseline -0.006 -8"><span class='ocrx_word' id='word_1_155' title='bbox 226 1416 376 1442; x_wconf 76' lang='lat' dir='ltr'><strong>retusum</strong></span> <span class='ocrx_word' id='word_1_156' title='bbox 394 1411 580 1450; x_wconf 84' lang='lat' dir='ltr'><strong>ingenium.</strong></span> 
     </span>
    </p>

    <p class='ocr_par' dir='ltr' id='par_1_10' title="bbox 228 1454 970 1539">
     <span class='ocr_line' id='line_1_31' title="bbox 271 1454 970 1491; baseline -0.006 -5"><span class='ocrx_word' id='word_1_157' title='bbox 271 1455 451 1491; x_wconf 78' lang='lat' dir='ltr'><strong>ReveZlere,</strong></span> <span class='ocrx_word' id='word_1_158' title='bbox 475 1454 604 1484; x_wconf 78' lang='lat' dir='ltr'><strong>tollere..</strong></span> <span class='ocrx_word' id='word_1_159' title='bbox 627 1454 698 1484; x_wconf 86' lang='lat' dir='ltr'><strong>Att.</strong></span> <span class='ocrx_word' id='word_1_160' title='bbox 722 1462 751 1483; x_wconf 83' lang='lat' dir='ltr'><strong>v.</strong></span> <span class='ocrx_word' id='word_1_161' title='bbox 776 1455 829 1484; x_wconf 83' lang='grc'><strong>20.</strong></span> <span class='ocrx_word' id='word_1_162' title='bbox 853 1462 970 1483; x_wconf 82' lang='lat' dir='ltr'><strong>omnes</strong></span> 
     </span>
     <span class='ocr_line' id='line_1_32' title="bbox 228 1498 781 1539; baseline -0.005 -10"><span class='ocrx_word' id='word_1_163' title='bbox 228 1499 366 1539; x_wconf 87' lang='lat' dir='ltr'><strong>injurias</strong></span> <span class='ocrx_word' id='word_1_164' title='bbox 382 1499 569 1529; x_wconf 75' lang='lat' dir='ltr'><strong>revellimus</strong></span> <span class='ocrx_word' id='word_1_165' title='bbox 584 1498 781 1537; x_wconf 86' lang='lat' dir='ltr'><strong>superiores.</strong></span> 
     </span>
    </p>

    <p class='ocr_par' dir='ltr' id='par_1_11' title="bbox 227 1541 970 1670">
     <span class='ocr_line' id='line_1_33' title="bbox 245 1541 969 1580; baseline -0.006 -6"><span class='ocrx_word' id='word_1_166' title='bbox 245 1550 252 1553; x_wconf 51' lang='lat'><em>⁶</em></span> <span class='ocrx_word' id='word_1_167' title='bbox 271 1543 442 1580; x_wconf 62' lang='lat' dir='ltr'><strong>Rea-erem,</strong></span> <span class='ocrx_word' id='word_1_168' title='bbox 468 1551 595 1579; x_wconf 88' lang='lat' dir='ltr'><strong>vereor,</strong></span> <span class='ocrx_word' id='word_1_169' title='bbox 621 1541 738 1571; x_wconf 88' lang='lat' dir='ltr'><strong>timeo.</strong></span> <span class='ocrx_word' id='word_1_170' title='bbox 768 1541 826 1571; x_wconf 84' lang='lat' dir='ltr'><strong>Or.</strong></span> <span class='ocrx_word' id='word_1_171' title='bbox 854 1541 888 1571; x_wconf 88' lang='lat' dir='ltr'><strong>ii.</strong></span> <span class='ocrx_word' id='word_1_172' title='bbox 917 1542 969 1571; x_wconf 78' lang='grc'><strong>28.</strong></span> 
     </span>
     <span class='ocr_line' id='line_1_34' title="bbox 227 1584 970 1617; baseline -0.005 0"><span class='ocrx_word' id='word_1_173' title='bbox 227 1586 337 1617; x_wconf 86' lang='lat' dir='ltr'><strong>dicam</strong></span> <span class='ocrx_word' id='word_1_174' title='bbox 367 1587 458 1616; x_wconf 88' lang='lat' dir='ltr'><strong>enim</strong></span> <span class='ocrx_word' id='word_1_175' title='bbox 490 1595 557 1616; x_wconf 91' lang='lat' dir='ltr'><strong>non</strong></span> <span class='ocrx_word' id='word_1_176' title='bbox 592 1595 741 1615; x_wconf 66' lang='lat' dir='ltr'><strong>‘reverens</strong></span> <span class='ocrx_word' id='word_1_177' title='bbox 777 1584 970 1615; x_wconf 82' lang='lat' dir='ltr'><strong>assentandi</strong></span> 
     </span>
     <span class='ocr_line' id='line_1_35' title="bbox 227 1630 466 1670; baseline -0.004 -9"><span class='ocrx_word' id='word_1_178' title='bbox 227 1630 466 1670; x_wconf 71' lang='lat' dir='ltr'><strong>suspicionem.</strong></span> 
     </span>
    </p>

    <p class='ocr_par' dir='ltr' id='par_1_12' title="bbox 226 1672 971 1792">
     <span class='ocr_line' id='line_1_36' title="bbox 270 1672 968 1705; baseline -0.004 0"><span class='ocrx_word' id='word_1_179' title='bbox 270 1675 413 1705; x_wconf 74' lang='lat' dir='ltr'><strong>Reverti.</strong></span> <span class='ocrx_word' id='word_1_180' title='bbox 439 1673 520 1703; x_wconf 88' lang='lat' dir='ltr'><strong>Coel.</strong></span> <span class='ocrx_word' id='word_1_181' title='bbox 544 1676 576 1704; x_wconf 89' lang='lat'><strong>3.</strong></span> <span class='ocrx_word' id='word_1_182' title='bbox 604 1679 644 1703; x_wconf 93' lang='lat' dir='ltr'><strong>ut</strong></span> <span class='ocrx_word' id='word_1_183' title='bbox 668 1672 709 1702; x_wconf 88' lang='lat' dir='ltr'><strong>ad</strong></span> <span class='ocrx_word' id='word_1_184' title='bbox 733 1682 787 1702; x_wconf 88' lang='lat' dir='ltr'><strong>me</strong></span> <span class='ocrx_word' id='word_1_185' title='bbox 810 1677 968 1702; x_wconf 74' lang='lat' dir='ltr'><strong>revertar.</strong></span> 
     </span>
     <span class='ocr_line' id='line_1_37' title="bbox 226 1716 971 1758; baseline -0.004 -10"><span class='ocrx_word' id='word_1_186' title='bbox 226 1717 249 1748; x_wconf 85' lang='lat' dir='ltr'><strong>i.</strong></span> <span class='ocrx_word' id='word_1_187' title='bbox 266 1728 295 1748; x_wconf 88' lang='lat' dir='ltr'><strong>e.</strong></span> <span class='ocrx_word' id='word_1_188' title='bbox 314 1718 354 1748; x_wconf 91' lang='lat' dir='ltr'><strong>de</strong></span> <span class='ocrx_word' id='word_1_189' title='bbox 369 1727 423 1748; x_wconf 91' lang='lat' dir='ltr'><strong>me</strong></span> <span class='ocrx_word' id='word_1_190' title='bbox 438 1717 548 1748; x_wconf 90' lang='lat' dir='ltr'><strong>dicere</strong></span> <span class='ocrx_word' id='word_1_191' title='bbox 563 1717 734 1758; x_wconf 87' lang='lat' dir='ltr'><strong>incipiam.</strong></span> <span class='ocrx_word' id='word_1_192' title='bbox 751 1726 829 1746; x_wconf 83' lang='lat' dir='ltr'><strong>nam</strong></span> <span class='ocrx_word' id='word_1_193' title='bbox 842 1716 971 1746; x_wconf 79' lang='lat' dir='ltr'><strong>dixerat</strong></span> 
     </span>
     <span class='ocr_line' id='line_1_38' title="bbox 229 1762 364 1792; baseline 0 0"><span class='ocrx_word' id='word_1_194' title='bbox 229 1762 270 1792; x_wconf 89' lang='lat' dir='ltr'><strong>de</strong></span> <span class='ocrx_word' id='word_1_195' title='bbox 288 1762 364 1792; x_wconf 87' lang='lat' dir='ltr'><strong>alio.</strong></span> 
     </span>
    </p>

    <p class='ocr_par' dir='ltr' id='par_1_13' title="bbox 227 1803 971 1923">
     <span class='ocr_line' id='line_1_39' title="bbox 271 1803 971 1843; baseline -0.004 -7"><span class='ocrx_word' id='word_1_196' title='bbox 271 1805 460 1843; x_wconf 79' lang='lat' dir='ltr'><strong>Revineere,</strong></span> <span class='ocrx_word' id='word_1_197' title='bbox 477 1805 686 1835; x_wconf 81' lang='lat' dir='ltr'><strong>convincere.</strong></span> <span class='ocrx_word' id='word_1_198' title='bbox 708 1803 808 1834; x_wconf 87' lang='lat' dir='ltr'><strong>Arch.</strong></span> <span class='ocrx_word' id='word_1_199' title='bbox 829 1803 860 1834; x_wconf 88' lang='lat'><strong>6.</strong></span> <span class='ocrx_word' id='word_1_200' title='bbox 885 1813 971 1833; x_wconf 86' lang='lat' dir='ltr'><strong>nun-</strong></span> 
     </span>
     <span class='ocr_line' id='line_1_40' title="bbox 227 1847 971 1889; baseline -0.004 -10"><span class='ocrx_word' id='word_1_201' title='bbox 227 1859 328 1889; x_wconf 84' lang='lat' dir='ltr'><strong>quam</strong></span> <span class='ocrx_word' id='word_1_202' title='bbox 351 1859 458 1888; x_wconf 89' lang='lat' dir='ltr'><strong>neque</strong></span> <span class='ocrx_word' id='word_1_203' title='bbox 478 1859 538 1879; x_wconf 92' lang='lat' dir='ltr'><strong>suo</strong></span> <span class='ocrx_word' id='word_1_204' title='bbox 554 1858 662 1888; x_wconf 88' lang='lat' dir='ltr'><strong>neque</strong></span> <span class='ocrx_word' id='word_1_205' title='bbox 679 1848 863 1879; x_wconf 87' lang='lat' dir='ltr'><strong>amicorum</strong></span> <span class='ocrx_word' id='word_1_206' title='bbox 880 1847 971 1886; x_wconf 85' lang='lat' dir='ltr'><strong>judi-</strong></span> 
     </span>
     <span class='ocr_line' id='line_1_41' title="bbox 227 1891 969 1923; baseline -0.003 0"><span class='ocrx_word' id='word_1_207' title='bbox 227 1894 279 1923; x_wconf 79' lang='lat' dir='ltr'><strong>cio</strong></span> <span class='ocrx_word' id='word_1_208' title='bbox 293 1895 486 1923; x_wconf 75' lang='lat' dir='ltr'><strong>revincetur.</strong></span> <span class='ocrx_word' id='word_1_209' title='bbox 502 1903 532 1922; x_wconf 90' lang='lat' dir='ltr'><strong>v.</strong></span> <span class='ocrx_word' id='word_1_210' title='bbox 549 1893 692 1923; x_wconf 86' lang='lat' dir='ltr'><strong>Gronov.</strong></span> <span class='ocrx_word' id='word_1_211' title='bbox 709 1891 751 1921; x_wconf 84' lang='lat' dir='ltr'><strong>ad</strong></span> <span class='ocrx_word' id='word_1_212' title='bbox 763 1891 847 1921; x_wconf 90' lang='lat' dir='ltr'><strong>Gell.</strong></span> <span class='ocrx_word' id='word_1_213' title='bbox 861 1891 902 1920; x_wconf 91' lang='lat' dir='ltr'><strong>vi.</strong></span> <span class='ocrx_word' id='word_1_214' title='bbox 920 1894 969 1921; x_wconf 87' lang='lat'><strong>11.</strong></span> 
     </span>
    </p>

    <p class='ocr_par' dir='ltr' id='par_1_14' title="bbox 226 1936 971 2063">
     <span class='ocr_line' id='line_1_42' title="bbox 271 1936 971 1968; baseline -0.006 0"><span class='ocrx_word' id='word_1_215' title='bbox 271 1936 489 1968; x_wconf 64' lang='lat' dir='ltr'><strong>Rem-escere.</strong></span> <span class='ocrx_word' id='word_1_216' title='bbox 520 1937 614 1967; x_wconf 87' lang='lat' dir='ltr'><strong>Prov.</strong></span> <span class='ocrx_word' id='word_1_217' title='bbox 633 1936 669 1966; x_wconf 90' lang='lat' dir='ltr'><strong>C.</strong></span> <span class='ocrx_word' id='word_1_218' title='bbox 690 1938 739 1966; x_wconf 87' lang='lat'><strong>14.</strong></span> <span class='ocrx_word' id='word_1_219' title='bbox 769 1936 971 1965; x_wconf 74' lang='lat' dir='ltr'><strong>revirescunt</strong></span> 
     </span>
     <span class='ocr_line' id='line_1_43' title="bbox 227 1979 970 2020; baseline -0.003 -9"><span class='ocrx_word' id='word_1_220' title='bbox 227 1991 291 2012; x_wconf 85' lang='lat' dir='ltr'><strong>res.</strong></span> <span class='ocrx_word' id='word_1_221' title='bbox 316 1981 355 2011; x_wconf 90' lang='lat' dir='ltr'><strong>de</strong></span> <span class='ocrx_word' id='word_1_222' title='bbox 377 1981 493 2019; x_wconf 83' lang='lat' dir='ltr'><strong>Gallis,</strong></span> <span class='ocrx_word' id='word_1_223' title='bbox 512 1981 582 2020; x_wconf 84' lang='lat' dir='ltr'><strong>qui,</strong></span> <span class='ocrx_word' id='word_1_224' title='bbox 603 1979 807 2019; x_wconf 87' lang='lat' dir='ltr'><strong>recuperatis</strong></span> <span class='ocrx_word' id='word_1_225' title='bbox 831 1979 970 2018; x_wconf 84' lang='lat' dir='ltr'><strong>viribus,</strong></span> 
     </span>
     <span class='ocr_line' id='line_1_44' title="bbox 226 2023 741 2063; baseline -0.006 -8"><span class='ocrx_word' id='word_1_226' title='bbox 226 2025 317 2056; x_wconf 87' lang='lat' dir='ltr'><strong>bella</strong></span> <span class='ocrx_word' id='word_1_227' title='bbox 332 2025 519 2054; x_wconf 78' lang='lat' dir='ltr'><strong>instaurare</strong></span> <span class='ocrx_word' id='word_1_228' title='bbox 536 2023 741 2063; x_wconf 78' lang='lat' dir='ltr'><strong>cogitabant.</strong></span> 
     </span>
    </p>

    <p class='ocr_par' dir='ltr' id='par_1_15' title="bbox 223 2066 971 2188">
     <span class='ocr_line' id='line_1_45' title="bbox 271 2066 971 2099; baseline -0.004 0"><span class='ocrx_word' id='word_1_229' title='bbox 271 2069 482 2099; x_wconf 69' lang='lat' dir='ltr'><strong>Revim‘seere.</strong></span> <span class='ocrx_word' id='word_1_230' title='bbox 507 2067 592 2097; x_wconf 89' lang='lat' dir='ltr'><strong>Phil.</strong></span> <span class='ocrx_word' id='word_1_231' title='bbox 610 2067 664 2097; x_wconf 91' lang='lat' dir='ltr'><strong>vii.</strong></span> <span class='ocrx_word' id='word_1_232' title='bbox 686 2070 712 2096; x_wconf 93' lang='lat' dir='ltr'><strong>l.</strong></span> <span class='ocrx_word' id='word_1_233' title='bbox 733 2066 773 2097; x_wconf 87' lang='lat' dir='ltr'><strong>ad</strong></span> <span class='ocrx_word' id='word_1_234' title='bbox 790 2067 971 2096; x_wconf 86' lang='lat' dir='ltr'><strong>auetorita-</strong></span> 
     </span>
     <span class='ocr_line' id='line_1_46' title="bbox 223 2110 971 2153; baseline -0.005 -10"><span class='ocrx_word' id='word_1_235' title='bbox 223 2113 269 2143; x_wconf 82' lang='lat' dir='ltr'><strong>tis</strong></span> <span class='ocrx_word' id='word_1_236' title='bbox 286 2112 435 2152; x_wconf 89' lang='lat' dir='ltr'><strong>pristinae</strong></span> <span class='ocrx_word' id='word_1_237' title='bbox 451 2121 545 2153; x_wconf 88' lang='lat' dir='ltr'><strong>spem</strong></span> <span class='ocrx_word' id='word_1_238' title='bbox 561 2112 759 2142; x_wconf 68' lang='lat' dir='ltr'><strong>reviviscere.</strong></span> <span class='ocrx_word' id='word_1_239' title='bbox 796 2110 903 2140; x_wconf 78' lang='lat' dir='ltr'><strong>Graev.</strong></span> <span class='ocrx_word' id='word_1_240' title='bbox 921 2120 971 2140; x_wconf 86' lang='lat' dir='ltr'><strong>re-</strong></span> 
     </span>
     <span class='ocr_line' id='line_1_47' title="bbox 224 2166 398 2188; baseline 0 -2"><span class='ocrx_word' id='word_1_241' title='bbox 224 2166 398 2188; x_wconf 78' lang='lat' dir='ltr'><strong>virescere.</strong></span> 
     </span>
    </p>

    <p class='ocr_par' dir='ltr' id='par_1_16' title="bbox 220 2197 969 2937">
     <span class='ocr_line' id='line_1_48' title="bbox 270 2197 969 2236; baseline -0.006 -5"><span class='ocrx_word' id='word_1_242' title='bbox 270 2200 446 2236; x_wconf 77' lang='lat' dir='ltr'><strong>Revocare,</strong></span> <span class='ocrx_word' id='word_1_243' title='bbox 459 2199 602 2228; x_wconf 86' lang='lat' dir='ltr'><strong>invitare</strong></span> <span class='ocrx_word' id='word_1_244' title='bbox 618 2208 696 2228; x_wconf 88' lang='lat' dir='ltr'><strong>eum</strong></span> <span class='ocrx_word' id='word_1_245' title='bbox 713 2197 755 2228; x_wconf 87' lang='lat' dir='ltr'><strong>ad</strong></span> <span class='ocrx_word' id='word_1_246' title='bbox 767 2197 969 2235; x_wconf 85' lang='lat' dir='ltr'><strong>convivium,</strong></span> 
     </span>
     <span class='ocr_line' id='line_1_49' title="bbox 227 2241 968 2283; baseline -0.003 -9"><span class='ocrx_word' id='word_1_247' title='bbox 227 2252 247 2274; x_wconf 77' lang='lat' dir='ltr'><strong>a</strong></span> <span class='ocrx_word' id='word_1_248' title='bbox 258 2254 322 2283; x_wconf 92' lang='lat' dir='ltr'><strong>quo</strong></span> <span class='ocrx_word' id='word_1_249' title='bbox 335 2248 414 2273; x_wconf 83' lang='lat' dir='ltr'><strong>ante</strong></span> <span class='ocrx_word' id='word_1_250' title='bbox 431 2244 562 2283; x_wconf 82' lang='lat' dir='ltr'><strong>excepti</strong></span> <span class='ocrx_word' id='word_1_251' title='bbox 575 2252 702 2273; x_wconf 86' lang='lat' dir='ltr'><strong>sumus.</strong></span> <span class='ocrx_word' id='word_1_252' title='bbox 718 2242 815 2272; x_wconf 88' lang='lat' dir='ltr'><strong>Rosc.</strong></span> <span class='ocrx_word' id='word_1_253' title='bbox 828 2241 902 2281; x_wconf 67' lang='lat' dir='ltr'><strong>Am.</strong></span> <span class='ocrx_word' id='word_1_254' title='bbox 920 2245 968 2272; x_wconf 80' lang='lat'><strong>18.</strong></span> 
     </span>
     <span class='ocr_line' id='line_1_50' title="bbox 225 2284 968 2324; baseline -0.005 -6"><span class='ocrx_word' id='word_1_255' title='bbox 225 2288 309 2319; x_wconf 67' lang='lat' dir='ltr'><strong>*On</strong></span> <span class='ocrx_word' id='word_1_256' title='bbox 327 2287 361 2317; x_wconf 91' lang='lat' dir='ltr'><strong>ii.</strong></span> <span class='ocrx_word' id='word_1_257' title='bbox 378 2288 430 2318; x_wconf 83' lang='grc'><strong>52.</strong></span> <span class='ocrx_word' id='word_1_258' title='bbox 455 2286 496 2316; x_wconf 87' lang='lat' dir='ltr'><strong>ad</strong></span> <span class='ocrx_word' id='word_1_259' title='bbox 512 2296 587 2316; x_wconf 85' lang='lat' dir='ltr'><strong>suas</strong></span> <span class='ocrx_word' id='word_1_260' title='bbox 600 2296 650 2316; x_wconf 85' lang='lat' dir='ltr'><strong>res</strong></span> <span class='ocrx_word' id='word_1_261' title='bbox 665 2295 812 2316; x_wconf 66' lang='lat' dir='ltr'><strong>ret-ocare</strong></span> <span class='ocrx_word' id='word_1_262' title='bbox 823 2284 968 2324; x_wconf 80' lang='lat' dir='ltr'><strong>aliquem</strong></span> 
     </span>
     <span class='ocr_line' id='line_1_51' title="bbox 225 2329 969 2369; baseline -0.005 -7"><span class='ocrx_word' id='word_1_263' title='bbox 225 2331 362 2368; x_wconf 85' lang='lat' dir='ltr'><strong>dicitur,</strong></span> <span class='ocrx_word' id='word_1_264' title='bbox 372 2331 428 2369; x_wconf 89' lang='lat' dir='ltr'><strong>qui</strong></span> <span class='ocrx_word' id='word_1_265' title='bbox 446 2331 474 2359; x_wconf 89' lang='lat' dir='ltr'><strong>ei</strong></span> <span class='ocrx_word' id='word_1_266' title='bbox 493 2330 526 2360; x_wconf 89' lang='lat' dir='ltr'><strong>in</strong></span> <span class='ocrx_word' id='word_1_267' title='bbox 544 2330 739 2360; x_wconf 82' lang='lat' dir='ltr'><strong>memoriam</strong></span> <span class='ocrx_word' id='word_1_268' title='bbox 752 2329 969 2368; x_wconf 77' lang='lat' dir='ltr'><strong>1·edigit,quae</strong></span> 
     </span>
     <span class='ocr_line' id='line_1_52' title="bbox 224 2372 968 2415; baseline -0.004 -9"><span class='ocrx_word' id='word_1_269' title='bbox 224 2375 289 2415; x_wconf 84' lang='lat' dir='ltr'><strong>ipsi</strong></span> <span class='ocrx_word' id='word_1_270' title='bbox 305 2374 511 2411; x_wconf 84' lang='lat' dir='ltr'><strong>acciderunt,</strong></span> <span class='ocrx_word' id='word_1_271' title='bbox 528 2379 587 2403; x_wconf 87' lang='lat' dir='ltr'><strong>aut</strong></span> <span class='ocrx_word' id='word_1_272' title='bbox 603 2374 672 2413; x_wconf 88' lang='lat' dir='ltr'><strong>ipse</strong></span> <span class='ocrx_word' id='word_1_273' title='bbox 688 2372 780 2403; x_wconf 82' lang='lat' dir='ltr'><strong>fecit.</strong></span> <span class='ocrx_word' id='word_1_274' title='bbox 804 2372 823 2390; x_wconf 64' lang='lat'><strong>³*</strong></span> <span class='ocrx_word' id='word_1_275' title='bbox 835 2372 968 2403; x_wconf 84' lang='lat' dir='ltr'><strong>referre.</strong></span> 
     </span>
     <span class='ocr_line' id='line_1_53' title="bbox 226 2415 968 2455; baseline -0.005 -6"><span class='ocrx_word' id='word_1_276' title='bbox 226 2419 334 2449; x_wconf 83' lang='lat' dir='ltr'><strong>Flacc.</strong></span> <span class='ocrx_word' id='word_1_277' title='bbox 364 2420 413 2449; x_wconf 89' lang='grc'><strong>12.</strong></span> <span class='ocrx_word' id='word_1_278' title='bbox 446 2428 594 2447; x_wconf 76' lang='lat' dir='ltr'><strong>revocare</strong></span> <span class='ocrx_word' id='word_1_279' title='bbox 623 2417 737 2447; x_wconf 88' lang='lat' dir='ltr'><strong>omnia</strong></span> <span class='ocrx_word' id='word_1_280' title='bbox 762 2416 803 2446; x_wconf 86' lang='lat' dir='ltr'><strong>ad</strong></span> <span class='ocrx_word' id='word_1_281' title='bbox 829 2415 968 2455; x_wconf 84' lang='lat' dir='ltr'><strong>gloriam</strong></span> 
     </span>
     <span class='ocr_line' id='line_1_54' title="bbox 222 2459 969 2503; baseline -0.005 -11"><span class='ocrx_word' id='word_1_282' title='bbox 222 2462 514 2503; x_wconf 73' lang='lat' dir='ltr'><strong>splendoremque.</strong></span> <span class='ocrx_word' id='word_1_283' title='bbox 538 2460 724 2501; x_wconf 67' lang='lat' dir='ltr'><strong>*expedire</strong></span> <span class='ocrx_word' id='word_1_284' title='bbox 747 2469 781 2490; x_wconf 89' lang='lat' dir='ltr'><strong>se</strong></span> <span class='ocrx_word' id='word_1_285' title='bbox 804 2470 843 2489; x_wconf 85' lang='lat' dir='ltr'><strong>ex</strong></span> <span class='ocrx_word' id='word_1_286' title='bbox 859 2469 893 2489; x_wconf 89' lang='lat' dir='ltr'><strong>re</strong></span> <span class='ocrx_word' id='word_1_287' title='bbox 910 2459 969 2489; x_wconf 79' lang='lat' dir='ltr'><strong>ali-</strong></span> 
     </span>
     <span class='ocr_line' id='line_1_55' title="bbox 224 2503 968 2546; baseline -0.005 -10"><span class='ocrx_word' id='word_1_288' title='bbox 224 2516 303 2546; x_wconf 85' lang='lat' dir='ltr'><strong>qua,</strong></span> <span class='ocrx_word' id='word_1_289' title='bbox 320 2507 355 2536; x_wconf 89' lang='lat' dir='ltr'><strong>in</strong></span> <span class='ocrx_word' id='word_1_290' title='bbox 379 2515 480 2544; x_wconf 89' lang='lat' dir='ltr'><strong>quam</strong></span> <span class='ocrx_word' id='word_1_291' title='bbox 504 2514 563 2535; x_wconf 87' lang='lat' dir='ltr'><strong>nos</strong></span> <span class='ocrx_word' id='word_1_292' title='bbox 587 2504 799 2534; x_wconf 87' lang='lat' dir='ltr'><strong>immisimus.</strong></span> <span class='ocrx_word' id='word_1_293' title='bbox 836 2503 900 2532; x_wconf 74' lang='lat' dir='ltr'><strong>Pis.</strong></span> <span class='ocrx_word' id='word_1_294' title='bbox 916 2505 968 2537; x_wconf 82' lang='grc'><strong>29.</strong></span> 
     </span>
     <span class='ocr_line' id='line_1_56' title="bbox 224 2546 967 2588; baseline -0.008 -7"><span class='ocrx_word' id='word_1_295' title='bbox 224 2559 375 2581; x_wconf 78' lang='lat' dir='ltr'><strong>revoeare</strong></span> <span class='ocrx_word' id='word_1_296' title='bbox 402 2559 436 2579; x_wconf 90' lang='lat' dir='ltr'><strong>se</strong></span> <span class='ocrx_word' id='word_1_297' title='bbox 467 2558 534 2578; x_wconf 89' lang='lat' dir='ltr'><strong>non</strong></span> <span class='ocrx_word' id='word_1_298' title='bbox 565 2552 711 2588; x_wconf 82' lang='lat' dir='ltr'><strong>poterat,</strong></span> <span class='ocrx_word' id='word_1_299' title='bbox 738 2546 967 2577; x_wconf 77' lang='lat' dir='ltr'><strong>familiaritate</strong></span> 
     </span>
     <span class='ocr_line' id='line_1_57' title="bbox 225 2591 968 2634; baseline -0.008 -9"><span class='ocrx_word' id='word_1_300' title='bbox 225 2593 431 2634; x_wconf 81' lang='lat' dir='ltr'><strong>implicatus.</strong></span> <span class='ocrx_word' id='word_1_301' title='bbox 455 2592 474 2610; x_wconf 65' lang='lat'><strong>²*</strong></span> <span class='ocrx_word' id='word_1_302' title='bbox 485 2592 585 2622; x_wconf 92' lang='lat' dir='ltr'><strong>Dom.</strong></span> <span class='ocrx_word' id='word_1_303' title='bbox 603 2594 654 2623; x_wconf 81' lang='lat'><strong>55.</strong></span> <span class='ocrx_word' id='word_1_304' title='bbox 679 2601 828 2622; x_wconf 77' lang='lat' dir='ltr'><strong>revocare</strong></span> <span class='ocrx_word' id='word_1_305' title='bbox 840 2600 873 2619; x_wconf 88' lang='lat' dir='ltr'><strong>se</strong></span> <span class='ocrx_word' id='word_1_306' title='bbox 887 2591 968 2620; x_wconf 90' lang='lat' dir='ltr'><strong>dici-</strong></span> 
     </span>
     <span class='ocr_line' id='line_1_58' title="bbox 222 2634 966 2676; baseline -0.007 -8"><span class='ocrx_word' id='word_1_307' title='bbox 222 2642 293 2675; x_wconf 79' lang='lat' dir='ltr'><strong>tur,</strong></span> <span class='ocrx_word' id='word_1_308' title='bbox 311 2637 368 2676; x_wconf 88' lang='lat' dir='ltr'><strong>qui</strong></span> <span class='ocrx_word' id='word_1_309' title='bbox 391 2636 524 2666; x_wconf 84' lang='lat' dir='ltr'><strong>haesitat</strong></span> <span class='ocrx_word' id='word_1_310' title='bbox 548 2636 582 2665; x_wconf 92' lang='lat' dir='ltr'><strong>in</strong></span> <span class='ocrx_word' id='word_1_311' title='bbox 606 2635 760 2674; x_wconf 84' lang='lat' dir='ltr'><strong>legendo,</strong></span> <span class='ocrx_word' id='word_1_312' title='bbox 781 2634 966 2671; x_wconf 84' lang='lat' dir='ltr'><strong>recitando,</strong></span> 
     </span>
     <span class='ocr_line' id='line_1_59' title="bbox 224 2679 966 2715; baseline -0.005 -4"><span class='ocrx_word' id='word_1_313' title='bbox 224 2681 377 2712; x_wconf 83' lang='lat' dir='ltr'><strong>dicendo.</strong></span> <span class='ocrx_word' id='word_1_314' title='bbox 415 2680 435 2698; x_wconf 69' lang='lat'><strong>&#39;¹²</strong></span> <span class='ocrx_word' id='word_1_315' title='bbox 450 2683 577 2710; x_wconf 87' lang='lat' dir='ltr'><strong>actores</strong></span> <span class='ocrx_word' id='word_1_316' title='bbox 616 2679 777 2709; x_wconf 80' lang='lat' dir='ltr'><strong>dicuntur</strong></span> <span class='ocrx_word' id='word_1_317' title='bbox 808 2680 966 2715; x_wconf 72' lang='lat' dir='ltr'><strong>revocari,</strong></span> 
     </span>
     <span class='ocr_line' id='line_1_60' title="bbox 224 2724 967 2764; baseline -0.004 -9"><span class='ocrx_word' id='word_1_318' title='bbox 224 2735 304 2756; x_wconf 71' lang='lat' dir='ltr'><strong>eum</strong></span> <span class='ocrx_word' id='word_1_319' title='bbox 313 2724 478 2764; x_wconf 87' lang='lat' dir='ltr'><strong>jubentur</strong></span> <span class='ocrx_word' id='word_1_320' title='bbox 494 2733 513 2753; x_wconf 90' lang='lat' dir='ltr'><strong>a</strong></span> <span class='ocrx_word' id='word_1_321' title='bbox 528 2726 716 2763; x_wconf 68' lang='lat' dir='ltr'><strong>spectatore</strong></span> <span class='ocrx_word' id='word_1_322' title='bbox 734 2724 882 2761; x_wconf 83' lang='lat' dir='ltr'><strong>repetere</strong></span> <span class='ocrx_word' id='word_1_323' title='bbox 897 2732 967 2752; x_wconf 77' lang='lat' dir='ltr'><strong>ver—</strong></span> 
     </span>
     <span class='ocr_line' id='line_1_61' title="bbox 222 2765 966 2807; baseline -0.007 -8"><span class='ocrx_word' id='word_1_324' title='bbox 222 2778 281 2800; x_wconf 82' lang='lat' dir='ltr'><strong>sus</strong></span> <span class='ocrx_word' id='word_1_325' title='bbox 298 2768 437 2807; x_wconf 77' lang='lat' dir='ltr'><strong>aliquos.</strong></span> <span class='ocrx_word' id='word_1_326' title='bbox 459 2767 597 2798; x_wconf 83' lang='lat' dir='ltr'><strong>Tuscul.</strong></span> <span class='ocrx_word' id='word_1_327' title='bbox 614 2766 656 2796; x_wconf 90' lang='lat' dir='ltr'><strong>iv.</strong></span> <span class='ocrx_word' id='word_1_328' title='bbox 673 2768 726 2800; x_wconf 88' lang='grc'><strong>29.</strong></span> <span class='ocrx_word' id='word_1_329' title='bbox 750 2766 901 2795; x_wconf 81' lang='lat' dir='ltr'><strong>Socrates</strong></span> <span class='ocrx_word' id='word_1_330' title='bbox 918 2765 966 2795; x_wconf 77' lang='lat' dir='ltr'><strong>di-</strong></span> 
     </span>
     <span class='ocr_line' id='line_1_62' title="bbox 224 2808 965 2849; baseline -0.003 -7"><span class='ocrx_word' id='word_1_331' title='bbox 224 2813 314 2842; x_wconf 76' lang='lat' dir='ltr'><strong>eitur</strong></span> <span class='ocrx_word' id='word_1_332' title='bbox 341 2817 394 2842; x_wconf 87' lang='lat' dir='ltr'><strong>ter</strong></span> <span class='ocrx_word' id='word_1_333' title='bbox 422 2820 583 2842; x_wconf 77' lang='lat' dir='ltr'><strong>revocasse</strong></span> <span class='ocrx_word' id='word_1_334' title='bbox 614 2819 726 2839; x_wconf 84' lang='lat' dir='ltr'><strong>versus</strong></span> <span class='ocrx_word' id='word_1_335' title='bbox 756 2810 890 2849; x_wconf 86' lang='lat' dir='ltr'><strong>primos.</strong></span> <span class='ocrx_word' id='word_1_336' title='bbox 923 2808 965 2840; x_wconf 78' lang='lat' dir='ltr'><strong>cf.</strong></span> 
     </span>
     <span class='ocr_line' id='line_1_63' title="bbox 225 2852 966 2892; baseline -0.008 -5"><span class='ocrx_word' id='word_1_337' title='bbox 225 2856 317 2887; x_wconf 86' lang='lat' dir='ltr'><strong>Sext.</strong></span> <span class='ocrx_word' id='word_1_338' title='bbox 334 2856 386 2887; x_wconf 84' lang='lat'><strong>56.</strong></span> <span class='ocrx_word' id='word_1_339' title='bbox 403 2857 455 2886; x_wconf 89' lang='grc'><strong>58.</strong></span> <span class='ocrx_word' id='word_1_340' title='bbox 479 2858 513 2885; x_wconf 83' lang='lat' dir='ltr'><strong>et</strong></span> <span class='ocrx_word' id='word_1_341' title='bbox 528 2854 573 2885; x_wconf 91' lang='lat' dir='ltr'><strong>ibi</strong></span> <span class='ocrx_word' id='word_1_342' title='bbox 590 2853 724 2884; x_wconf 90' lang='lat' dir='ltr'><strong>Abram.</strong></span> <span class='ocrx_word' id='word_1_343' title='bbox 741 2852 798 2882; x_wconf 89' lang='lat' dir='ltr'><strong>sed</strong></span> <span class='ocrx_word' id='word_1_344' title='bbox 814 2853 847 2882; x_wconf 88' lang='lat' dir='ltr'><strong>in</strong></span> <span class='ocrx_word' id='word_1_345' title='bbox 865 2862 966 2892; x_wconf 82' lang='lat' dir='ltr'><strong>gene-</strong></span> 
     </span>
     <span class='ocr_line' id='line_1_64' title="bbox 220 2896 965 2937; baseline -0.008 -5"><span class='ocrx_word' id='word_1_346' title='bbox 220 2906 262 2931; x_wconf 65' lang='lat' dir='ltr'><strong>re</strong></span> <span class='ocrx_word' id='word_1_347' title='bbox 285 2900 429 2932; x_wconf 72' lang='lat' dir='ltr'><strong>revocari</strong></span> <span class='ocrx_word' id='word_1_348' title='bbox 451 2898 623 2936; x_wconf 84' lang='lat' dir='ltr'><strong>dicuntur,</strong></span> <span class='ocrx_word' id='word_1_349' title='bbox 646 2897 704 2937; x_wconf 83' lang='lat' dir='ltr'><strong>qui</strong></span> <span class='ocrx_word' id='word_1_350' title='bbox 727 2896 870 2928; x_wconf 82' lang='lat' dir='ltr'><strong>eandem</strong></span> <span class='ocrx_word' id='word_1_351' title='bbox 893 2906 965 2930; x_wconf 85' lang='lat' dir='ltr'><strong>rem</strong></span> 
     </span>
    </p>
   </div>
   <div class='ocr_carea' id='block_1_3' title="bbox 1011 178 1755 228">
    <p class='ocr_par' dir='ltr' id='par_1_17' title="bbox 1011 178 1755 228">
     <span class='ocr_line' id='line_1_65' title="bbox 1011 178 1755 228; baseline 0 -9"><span class='ocrx_word' id='word_1_352' title='bbox 1011 189 1118 219; x_wconf 84' lang='lat' dir='ltr'><strong>altera</strong></span> <span class='ocrx_word' id='word_1_353' title='bbox 1131 189 1200 219; x_wconf 82' lang='lat' dir='ltr'><strong>vice</strong></span> <span class='ocrx_word' id='word_1_354' title='bbox 1217 186 1346 218; x_wconf 80' lang='lat' dir='ltr'><strong>dicunt.</strong></span> <span class='ocrx_word' id='word_1_355' title='bbox 1374 185 1474 218; x_wconf 87' lang='lat' dir='ltr'><strong>Areh.</strong></span> <span class='ocrx_word' id='word_1_356' title='bbox 1491 189 1522 219; x_wconf 78' lang='lat'><strong>8.</strong></span> <span class='ocrx_word' id='word_1_357' title='bbox 1553 188 1572 210; x_wconf 66' lang='lat'><strong>⁵*</strong></span> <span class='ocrx_word' id='word_1_358' title='bbox 1583 188 1679 226; x_wconf 76' lang='lat' dir='ltr'><strong>item,</strong></span> <span class='ocrx_word' id='word_1_359' title='bbox 1695 178 1755 228; x_wconf 66' lang='lat' dir='ltr'><strong>qui</strong></span> 
     </span>
    </p>
   </div>
   <div class='ocr_carea' id='block_1_4' title="bbox 1005 230 1753 272">
    <p class='ocr_par' dir='ltr' id='par_1_18' title="bbox 1005 230 1753 272">
     <span class='ocr_line' id='line_1_66' title="bbox 1005 230 1753 272; baseline 0 -9"><span class='ocrx_word' id='word_1_360' title='bbox 1005 233 1173 271; x_wconf 73' lang='lat' dir='ltr'><strong>jubentur</strong></span> <span class='ocrx_word' id='word_1_361' title='bbox 1188 230 1294 261; x_wconf 84' lang='lat' dir='ltr'><strong>altera</strong></span> <span class='ocrx_word' id='word_1_362' title='bbox 1307 232 1378 261; x_wconf 81' lang='lat' dir='ltr'><strong>vice</strong></span> <span class='ocrx_word' id='word_1_363' title='bbox 1395 231 1554 262; x_wconf 86' lang='lat' dir='ltr'><strong>accusari.</strong></span> <span class='ocrx_word' id='word_1_364' title='bbox 1586 232 1628 272; x_wconf 74' lang='lat' dir='ltr'><strong>Q.</strong></span> <span class='ocrx_word' id='word_1_365' title='bbox 1647 231 1699 262; x_wconf 86' lang='lat' dir='ltr'><strong>Fr.</strong></span> <span class='ocrx_word' id='word_1_366' title='bbox 1715 232 1753 264; x_wconf 86' lang='lat' dir='ltr'><strong>ii.</strong></span> 
     </span>
    </p>
   </div>
   <div class='ocr_carea' id='block_1_5' title="bbox 1012 274 1756 750">
    <p class='ocr_par' dir='ltr' id='par_1_19' title="bbox 1012 274 1756 704">
     <span class='ocr_line' id='line_1_67' title="bbox 1013 274 1754 316; baseline -0.001 -10"><span class='ocrx_word' id='word_1_367' title='bbox 1013 277 1042 307; x_wconf 92' lang='lat'><strong>6.</strong></span> <span class='ocrx_word' id='word_1_368' title='bbox 1058 276 1201 316; x_wconf 86' lang='lat' dir='ltr'><strong>populus</strong></span> <span class='ocrx_word' id='word_1_369' title='bbox 1213 280 1350 306; x_wconf 72' lang='lat' dir='ltr'><strong>revocat.</strong></span> <span class='ocrx_word' id='word_1_370' title='bbox 1366 274 1591 313; x_wconf 52' lang='lat' dir='ltr'><strong>*instaurarffi</strong></span> <span class='ocrx_word' id='word_1_371' title='bbox 1605 276 1754 306; x_wconf 86' lang='lat' dir='ltr'><strong>reficere.</strong></span> 
     </span>
     <span class='ocr_line' id='line_1_68' title="bbox 1013 319 1753 359; baseline 0 -10"><span class='ocrx_word' id='word_1_372' title='bbox 1013 320 1055 351; x_wconf 87' lang='lat' dir='ltr'><strong>ad</strong></span> <span class='ocrx_word' id='word_1_373' title='bbox 1078 320 1154 349; x_wconf 90' lang='lat' dir='ltr'><strong>Div.</strong></span> <span class='ocrx_word' id='word_1_374' title='bbox 1170 319 1226 349; x_wconf 90' lang='lat' dir='ltr'><strong>vii.</strong></span> <span class='ocrx_word' id='word_1_375' title='bbox 1245 319 1298 349; x_wconf 84' lang='grc'><strong>26.</strong></span> <span class='ocrx_word' id='word_1_376' title='bbox 1337 319 1420 349; x_wconf 76' lang='lat' dir='ltr'><strong>vires</strong></span> <span class='ocrx_word' id='word_1_377' title='bbox 1445 324 1479 349; x_wconf 88' lang='lat' dir='ltr'><strong>et</strong></span> <span class='ocrx_word' id='word_1_378' title='bbox 1503 329 1621 359; x_wconf 86' lang='lat' dir='ltr'><strong>corpus</strong></span> <span class='ocrx_word' id='word_1_379' title='bbox 1645 319 1753 350; x_wconf 89' lang='lat' dir='ltr'><strong>amisi.</strong></span> 
     </span>
     <span class='ocr_line' id='line_1_69' title="bbox 1012 362 1756 403; baseline 0 -11"><span class='ocrx_word' id='word_1_380' title='bbox 1012 363 1076 392; x_wconf 79' lang='lat' dir='ltr'><strong>Sed</strong></span> <span class='ocrx_word' id='word_1_381' title='bbox 1093 364 1118 393; x_wconf 89' lang='lat' dir='ltr'><strong>si</strong></span> <span class='ocrx_word' id='word_1_382' title='bbox 1137 362 1289 392; x_wconf 87' lang='lat' dir='ltr'><strong>morbum</strong></span> <span class='ocrx_word' id='word_1_383' title='bbox 1308 362 1478 402; x_wconf 84' lang='lat' dir='ltr'><strong>depulero‚</strong></span> <span class='ocrx_word' id='word_1_384' title='bbox 1496 362 1607 400; x_wconf 82' lang='lat' dir='ltr'><strong>facile,</strong></span> <span class='ocrx_word' id='word_1_385' title='bbox 1624 368 1661 392; x_wconf 87' lang='lat' dir='ltr'><strong>ut</strong></span> <span class='ocrx_word' id='word_1_386' title='bbox 1679 372 1756 403; x_wconf 91' lang='lat' dir='ltr'><strong>spe-</strong></span> 
     </span>
     <span class='ocr_line' id='line_1_70' title="bbox 1013 406 1752 444; baseline 0 -8"><span class='ocrx_word' id='word_1_387' title='bbox 1013 416 1061 444; x_wconf 87' lang='lat' dir='ltr'><strong>ro,</strong></span> <span class='ocrx_word' id='word_1_388' title='bbox 1079 406 1136 436; x_wconf 83' lang='lat' dir='ltr'><strong>illa</strong></span> <span class='ocrx_word' id='word_1_389' title='bbox 1157 407 1316 436; x_wconf 72' lang='lat' dir='ltr'><strong>revocabo.</strong></span> <span class='ocrx_word' id='word_1_390' title='bbox 1350 416 1378 436; x_wconf 93' lang='lat' dir='ltr'><strong>v.</strong></span> <span class='ocrx_word' id='word_1_391' title='bbox 1403 406 1504 436; x_wconf 87' lang='lat' dir='ltr'><strong>Gron.</strong></span> <span class='ocrx_word' id='word_1_392' title='bbox 1532 406 1610 437; x_wconf 81' lang='lat' dir='ltr'><strong>obs.</strong></span> <span class='ocrx_word' id='word_1_393' title='bbox 1638 406 1673 436; x_wconf 91' lang='lat' dir='ltr'><strong>ii.</strong></span> <span class='ocrx_word' id='word_1_394' title='bbox 1702 409 1752 441; x_wconf 88' lang='lat'><strong>19.</strong></span> 
     </span>
     <span class='ocr_line' id='line_1_71' title="bbox 1012 449 1753 490; baseline 0.001 -11"><span class='ocrx_word' id='word_1_395' title='bbox 1012 450 1228 490; x_wconf 73' lang='lat' dir='ltr'><strong>*temperare</strong></span> <span class='ocrx_word' id='word_1_396' title='bbox 1258 450 1332 487; x_wconf 84' lang='lat' dir='ltr'><strong>sibi,</strong></span> <span class='ocrx_word' id='word_1_397' title='bbox 1362 449 1496 487; x_wconf 85' lang='lat' dir='ltr'><strong>dicitur,</strong></span> <span class='ocrx_word' id='word_1_398' title='bbox 1526 460 1675 480; x_wconf 78' lang='lat' dir='ltr'><strong>revocare</strong></span> <span class='ocrx_word' id='word_1_399' title='bbox 1705 459 1753 487; x_wconf 86' lang='lat' dir='ltr'><strong>se,</strong></span> 
     </span>
     <span class='ocr_line' id='line_1_72' title="bbox 1012 492 1752 533; baseline 0 -10"><span class='ocrx_word' id='word_1_400' title='bbox 1012 493 1083 523; x_wconf 79' lang='lat' dir='ltr'><strong>Att.</strong></span> <span class='ocrx_word' id='word_1_401' title='bbox 1100 493 1170 523; x_wconf 80' lang='lat' dir='ltr'><strong>xiii.</strong></span> <span class='ocrx_word' id='word_1_402' title='bbox 1192 497 1218 523; x_wconf 95' lang='lat'><strong>1.</strong></span> <span class='ocrx_word' id='word_1_403' title='bbox 1235 492 1438 533; x_wconf 69' lang='lat' dir='ltr'><strong>*coi-rigere.</strong></span> <span class='ocrx_word' id='word_1_404' title='bbox 1460 494 1536 523; x_wconf 87' lang='lat' dir='ltr'><strong>Div.</strong></span> <span class='ocrx_word' id='word_1_405' title='bbox 1554 495 1587 523; x_wconf 90' lang='lat' dir='ltr'><strong>ii.</strong></span> <span class='ocrx_word' id='word_1_406' title='bbox 1602 494 1655 524; x_wconf 83' lang='lat'><strong>46.</strong></span> <span class='ocrx_word' id='word_1_407' title='bbox 1674 503 1752 523; x_wconf 86' lang='lat' dir='ltr'><strong>cum</strong></span> 
     </span>
     <span class='ocr_line' id='line_1_73' title="bbox 1013 537 1754 576; baseline 0.001 -10"><span class='ocrx_word' id='word_1_408' title='bbox 1013 537 1062 567; x_wconf 82' lang='lat' dir='ltr'><strong>ita</strong></span> <span class='ocrx_word' id='word_1_409' title='bbox 1089 537 1157 566; x_wconf 85' lang='lat' dir='ltr'><strong>nati</strong></span> <span class='ocrx_word' id='word_1_410' title='bbox 1184 541 1308 574; x_wconf 82' lang='lat' dir='ltr'><strong>essent,</strong></span> <span class='ocrx_word' id='word_1_411' title='bbox 1332 542 1371 567; x_wconf 89' lang='lat' dir='ltr'><strong>ut</strong></span> <span class='ocrx_word' id='word_1_412' title='bbox 1397 537 1548 576; x_wconf 78' lang='lat' dir='ltr'><strong>quaedam</strong></span> <span class='ocrx_word' id='word_1_413' title='bbox 1574 537 1754 576; x_wconf 81' lang='lat' dir='ltr'><strong>depravata</strong></span> 
     </span>
     <span class='ocr_line' id='line_1_74' title="bbox 1013 580 1755 619; baseline 0 -9"><span class='ocrx_word' id='word_1_414' title='bbox 1013 580 1187 618; x_wconf 83' lang='lat' dir='ltr'><strong>haberent,</strong></span> <span class='ocrx_word' id='word_1_415' title='bbox 1211 581 1469 610; x_wconf 78' lang='lat' dir='ltr'><strong>restituerentur</strong></span> <span class='ocrx_word' id='word_1_416' title='bbox 1490 584 1525 610; x_wconf 88' lang='lat' dir='ltr'><strong>et</strong></span> <span class='ocrx_word' id='word_1_417' title='bbox 1549 581 1755 619; x_wconf 83' lang='lat' dir='ltr'><strong>corrigeren-</strong></span> 
     </span>
     <span class='ocr_line' id='line_1_75' title="bbox 1012 624 1753 664; baseline 0.001 -11"><span class='ocrx_word' id='word_1_418' title='bbox 1012 627 1068 653; x_wconf 85' lang='lat' dir='ltr'><strong>tur</strong></span> <span class='ocrx_word' id='word_1_419' title='bbox 1091 624 1131 653; x_wconf 86' lang='lat' dir='ltr'><strong>ab</strong></span> <span class='ocrx_word' id='word_1_420' title='bbox 1156 628 1288 661; x_wconf 82' lang='lat' dir='ltr'><strong>natura,</strong></span> <span class='ocrx_word' id='word_1_421' title='bbox 1309 634 1386 654; x_wconf 86' lang='lat' dir='ltr'><strong>cum</strong></span> <span class='ocrx_word' id='word_1_422' title='bbox 1409 634 1443 654; x_wconf 82' lang='lat' dir='ltr'><strong>se</strong></span> <span class='ocrx_word' id='word_1_423' title='bbox 1469 625 1542 664; x_wconf 84' lang='lat' dir='ltr'><strong>ipsa</strong></span> <span class='ocrx_word' id='word_1_424' title='bbox 1564 627 1753 662; x_wconf 76' lang='lat' dir='ltr'><strong>revocasset,</strong></span> 
     </span>
     <span class='ocr_line' id='line_1_76' title="bbox 1013 668 1445 704; baseline 0 -7"><span class='ocrx_word' id='word_1_425' title='bbox 1013 673 1076 697; x_wconf 88' lang='lat' dir='ltr'><strong>aut</strong></span> <span class='ocrx_word' id='word_1_426' title='bbox 1092 671 1174 704; x_wconf 83' lang='lat' dir='ltr'><strong>arte,</strong></span> <span class='ocrx_word' id='word_1_427' title='bbox 1192 671 1251 697; x_wconf 87' lang='lat' dir='ltr'><strong>aut</strong></span> <span class='ocrx_word' id='word_1_428' title='bbox 1268 668 1445 697; x_wconf 84' lang='lat' dir='ltr'><strong>medicina.</strong></span> 
     </span>
    </p>

    <p class='ocr_par' dir='ltr' id='par_1_20' title="bbox 1056 710 1753 750">
     <span class='ocr_line' id='line_1_77' title="bbox 1056 710 1753 750; baseline 0 -10"><span class='ocrx_word' id='word_1_429' title='bbox 1056 711 1200 748; x_wconf 69' lang='lat' dir='ltr'><strong>Rerolvi,</strong></span> <span class='ocrx_word' id='word_1_430' title='bbox 1218 711 1321 741; x_wconf 90' lang='lat' dir='ltr'><strong>redire</strong></span> <span class='ocrx_word' id='word_1_431' title='bbox 1345 710 1466 750; x_wconf 86' lang='lat' dir='ltr'><strong>aliquo.</strong></span> <span class='ocrx_word' id='word_1_432' title='bbox 1489 711 1592 741; x_wconf 78' lang='lat' dir='ltr'><strong>Attio.</strong></span> <span class='ocrx_word' id='word_1_433' title='bbox 1612 711 1679 741; x_wconf 83' lang='lat' dir='ltr'><strong>xiii.</strong></span> <span class='ocrx_word' id='word_1_434' title='bbox 1700 710 1753 741; x_wconf 73' lang='lat'><strong>26.</strong></span> 
     </span>
    </p>
   </div>
   <div class='ocr_carea' id='block_1_6' title="bbox 1012 753 1766 793">
    <p class='ocr_par' dir='ltr' id='par_1_21' title="bbox 1012 753 1766 793">
     <span class='ocr_line' id='line_1_78' title="bbox 1012 753 1766 793; baseline 0 -9"><span class='ocrx_word' id='word_1_435' title='bbox 1012 757 1153 784; x_wconf 76' lang='lat' dir='ltr'><strong>revolvor</strong></span> <span class='ocrx_word' id='word_1_436' title='bbox 1177 755 1361 784; x_wconf 86' lang='lat' dir='ltr'><strong>identidem</strong></span> <span class='ocrx_word' id='word_1_437' title='bbox 1388 755 1423 784; x_wconf 89' lang='lat' dir='ltr'><strong>in</strong></span> <span class='ocrx_word' id='word_1_438' title='bbox 1444 753 1687 784; x_wconf 81' lang='lat' dir='ltr'><strong>Tusculanum.</strong></span> <span class='ocrx_word' id='word_1_439' title='bbox 1711 753 1766 793; x_wconf 47' lang='lat' dir='ltr'><strong>cf..</strong></span> 
     </span>
    </p>
   </div>
   <div class='ocr_carea' id='block_1_7' title="bbox 1007 799 1757 2939">
    <p class='ocr_par' dir='ltr' id='par_1_22' title="bbox 1013 799 1261 829">
     <span class='ocr_line' id='line_1_79' title="bbox 1013 799 1261 829; baseline 0 -1"><span class='ocrx_word' id='word_1_440' title='bbox 1013 799 1070 829; x_wconf 82' lang='lat' dir='ltr'><strong>Or.</strong></span> <span class='ocrx_word' id='word_1_441' title='bbox 1085 799 1119 828; x_wconf 80' lang='lat' dir='ltr'><strong>ii.</strong></span> <span class='ocrx_word' id='word_1_442' title='bbox 1137 802 1189 829; x_wconf 88' lang='grc'><strong>30.</strong></span> <span class='ocrx_word' id='word_1_443' title='bbox 1208 802 1261 829; x_wconf 86' lang='grc'><strong>31.</strong></span> 
     </span>
    </p>

    <p class='ocr_par' dir='ltr' id='par_1_23' title="bbox 1011 839 1756 1055">
     <span class='ocr_line' id='line_1_80' title="bbox 1057 839 1753 880; baseline -0.004 -8"><span class='ocrx_word' id='word_1_444' title='bbox 1057 842 1158 878; x_wconf 73' lang='lat' dir='ltr'><strong>Reus,</strong></span> <span class='ocrx_word' id='word_1_445' title='bbox 1173 843 1198 872; x_wconf 88' lang='lat' dir='ltr'><strong>is</strong></span> <span class='ocrx_word' id='word_1_446' title='bbox 1223 842 1317 880; x_wconf 88' lang='lat' dir='ltr'><strong>cujus</strong></span> <span class='ocrx_word' id='word_1_447' title='bbox 1340 851 1390 871; x_wconf 87' lang='lat' dir='ltr'><strong>res</strong></span> <span class='ocrx_word' id='word_1_448' title='bbox 1413 842 1538 880; x_wconf 78' lang='lat' dir='ltr'><strong>agitur,</strong></span> <span class='ocrx_word' id='word_1_449' title='bbox 1556 849 1624 870; x_wconf 90' lang='lat' dir='ltr'><strong>non</strong></span> <span class='ocrx_word' id='word_1_450' title='bbox 1644 839 1753 870; x_wconf 87' lang='lat' dir='ltr'><strong>solum</strong></span> 
     </span>
     <span class='ocr_line' id='line_1_81' title="bbox 1012 884 1755 923; baseline -0.003 -7"><span class='ocrx_word' id='word_1_451' title='bbox 1012 890 1202 921; x_wconf 61' lang='lat' dir='ltr'><strong>accusatum,</strong></span> <span class='ocrx_word' id='word_1_452' title='bbox 1220 886 1277 915; x_wconf 86' lang='lat' dir='ltr'><strong>sed</strong></span> <span class='ocrx_word' id='word_1_453' title='bbox 1293 885 1395 914; x_wconf 87' lang='lat' dir='ltr'><strong>etiam</strong></span> <span class='ocrx_word' id='word_1_454' title='bbox 1412 886 1450 922; x_wconf 86' lang='lat' dir='ltr'><strong>is,</strong></span> <span class='ocrx_word' id='word_1_455' title='bbox 1468 885 1556 914; x_wconf 87' lang='lat' dir='ltr'><strong>unde</strong></span> <span class='ocrx_word' id='word_1_456' title='bbox 1578 884 1705 923; x_wconf 79' lang='lat' dir='ltr'><strong>petitur</strong></span> <span class='ocrx_word' id='word_1_457' title='bbox 1719 887 1755 914; x_wconf 82' lang='lat' dir='ltr'><strong>et</strong></span> 
     </span>
     <span class='ocr_line' id='line_1_82' title="bbox 1012 927 1756 970; baseline -0.003 -11"><span class='ocrx_word' id='word_1_458' title='bbox 1012 929 1148 970; x_wconf 87' lang='lat' dir='ltr'><strong>petitor.</strong></span> <span class='ocrx_word' id='word_1_459' title='bbox 1173 929 1230 959; x_wconf 94' lang='lat' dir='ltr'><strong>Or.</strong></span> <span class='ocrx_word' id='word_1_460' title='bbox 1246 929 1280 958; x_wconf 92' lang='lat' dir='ltr'><strong>ii.</strong></span> <span class='ocrx_word' id='word_1_461' title='bbox 1297 932 1351 962; x_wconf 86' lang='lat'><strong>79.</strong></span> <span class='ocrx_word' id='word_1_462' title='bbox 1374 928 1431 959; x_wconf 88' lang='lat' dir='ltr'><strong>ubi</strong></span> <span class='ocrx_word' id='word_1_463' title='bbox 1455 928 1526 958; x_wconf 89' lang='lat' dir='ltr'><strong>haec</strong></span> <span class='ocrx_word' id='word_1_464' title='bbox 1551 928 1691 967; x_wconf 85' lang='lat' dir='ltr'><strong>antiqua</strong></span> <span class='ocrx_word' id='word_1_465' title='bbox 1712 927 1756 957; x_wconf 62' lang='lat' dir='ltr'><strong>si⁴</strong></span> 
     </span>
     <span class='ocr_line' id='line_1_83' title="bbox 1013 971 1756 1012; baseline 0 -10"><span class='ocrx_word' id='word_1_466' title='bbox 1013 973 1183 1012; x_wconf 80' lang='lat' dir='ltr'><strong>gnificatio</strong></span> <span class='ocrx_word' id='word_1_467' title='bbox 1208 982 1278 1002; x_wconf 77' lang='lat' dir='ltr'><strong>esse</strong></span> <span class='ocrx_word' id='word_1_468' title='bbox 1305 972 1436 1002; x_wconf 83' lang='lat' dir='ltr'><strong>dicitur.</strong></span> <span class='ocrx_word' id='word_1_469' title='bbox 1463 972 1505 1002; x_wconf 79' lang='lat' dir='ltr'><strong>cf.</strong></span> <span class='ocrx_word' id='word_1_470' title='bbox 1528 971 1607 1001; x_wconf 89' lang='lat' dir='ltr'><strong>ibid.</strong></span> <span class='ocrx_word' id='word_1_471' title='bbox 1633 974 1687 1002; x_wconf 83' lang='lat'><strong>43.</strong></span> <span class='ocrx_word' id='word_1_472' title='bbox 1720 975 1756 1002; x_wconf 81' lang='lat' dir='ltr'><strong>et</strong></span> 
     </span>
     <span class='ocr_line' id='line_1_84' title="bbox 1011 1015 1516 1055; baseline -0.002 -9"><span class='ocrx_word' id='word_1_473' title='bbox 1011 1017 1133 1047; x_wconf 85' lang='lat' dir='ltr'><strong>Alciati</strong></span> <span class='ocrx_word' id='word_1_474' title='bbox 1152 1017 1293 1055; x_wconf 79' lang='lat' dir='ltr'><strong>Parcrga</strong></span> <span class='ocrx_word' id='word_1_475' title='bbox 1306 1015 1396 1046; x_wconf 80' lang='lat' dir='ltr'><strong>Juris</strong></span> <span class='ocrx_word' id='word_1_476' title='bbox 1414 1017 1448 1046; x_wconf 92' lang='lat' dir='ltr'><strong>ii.</strong></span> <span class='ocrx_word' id='word_1_477' title='bbox 1469 1019 1516 1046; x_wconf 84' lang='lat' dir='ltr'><strong>lo.</strong></span> 
     </span>
    </p>

    <p class='ocr_par' dir='ltr' id='par_1_24' title="bbox 1013 1058 1756 1186">
     <span class='ocr_line' id='line_1_85' title="bbox 1057 1058 1756 1098; baseline -0.001 -8"><span class='ocrx_word' id='word_1_478' title='bbox 1057 1060 1130 1090; x_wconf 60' lang='lat' dir='ltr'><strong>Rea:</strong></span> <span class='ocrx_word' id='word_1_479' title='bbox 1152 1070 1333 1090; x_wconf 79' lang='lat' dir='ltr'><strong>sacrorum.</strong></span> <span class='ocrx_word' id='word_1_480' title='bbox 1358 1060 1459 1090; x_wconf 86' lang='lat' dir='ltr'><strong>Dom.</strong></span> <span class='ocrx_word' id='word_1_481' title='bbox 1480 1062 1527 1090; x_wconf 83' lang='lat'><strong>14.</strong></span> <span class='ocrx_word' id='word_1_482' title='bbox 1552 1060 1586 1089; x_wconf 89' lang='lat' dir='ltr'><strong>in</strong></span> <span class='ocrx_word' id='word_1_483' title='bbox 1605 1058 1756 1098; x_wconf 81' lang='lat' dir='ltr'><strong>Collegio</strong></span> 
     </span>
     <span class='ocr_line' id='line_1_86' title="bbox 1013 1102 1755 1140; baseline 0 -7"><span class='ocrx_word' id='word_1_484' title='bbox 1013 1104 1215 1134; x_wconf 79' lang='lat' dir='ltr'><strong>Pontificum</strong></span> <span class='ocrx_word' id='word_1_485' title='bbox 1240 1103 1351 1134; x_wconf 87' lang='lat' dir='ltr'><strong>locum</strong></span> <span class='ocrx_word' id='word_1_486' title='bbox 1376 1103 1487 1133; x_wconf 86' lang='lat' dir='ltr'><strong>habet.</strong></span> <span class='ocrx_word' id='word_1_487' title='bbox 1511 1102 1551 1132; x_wconf 91' lang='lat' dir='ltr'><strong>de</strong></span> <span class='ocrx_word' id='word_1_488' title='bbox 1575 1113 1626 1140; x_wconf 90' lang='lat' dir='ltr'><strong>eo,</strong></span> <span class='ocrx_word' id='word_1_489' title='bbox 1644 1106 1679 1133; x_wconf 82' lang='lat' dir='ltr'><strong>et</strong></span> <span class='ocrx_word' id='word_1_490' title='bbox 1694 1112 1755 1133; x_wconf 81' lang='lat' dir='ltr'><strong>eui·</strong></span> 
     </span>
     <span class='ocr_line' id='line_1_87' title="bbox 1014 1147 1754 1186; baseline 0.001 -9"><span class='ocrx_word' id='word_1_491' title='bbox 1014 1148 1075 1177; x_wconf 89' lang='lat' dir='ltr'><strong>hoc</strong></span> <span class='ocrx_word' id='word_1_492' title='bbox 1092 1157 1214 1178; x_wconf 86' lang='lat' dir='ltr'><strong>nomen</strong></span> <span class='ocrx_word' id='word_1_493' title='bbox 1233 1148 1398 1184; x_wconf 87' lang='lat' dir='ltr'><strong>habuerit,</strong></span> <span class='ocrx_word' id='word_1_494' title='bbox 1416 1147 1488 1186; x_wconf 83' lang='lat' dir='ltr'><strong>lege</strong></span> <span class='ocrx_word' id='word_1_495' title='bbox 1503 1147 1575 1177; x_wconf 86' lang='lat' dir='ltr'><strong>Liv.</strong></span> <span class='ocrx_word' id='word_1_496' title='bbox 1590 1147 1622 1176; x_wconf 88' lang='lat' dir='ltr'><strong>ii.</strong></span> <span class='ocrx_word' id='word_1_497' title='bbox 1636 1149 1666 1177; x_wconf 75' lang='grc'><strong>2.</strong></span> <span class='ocrx_word' id='word_1_498' title='bbox 1678 1147 1754 1178; x_wconf 87' lang='lat' dir='ltr'><strong>init.</strong></span> 
     </span>
    </p>

    <p class='ocr_par' dir='ltr' id='par_1_25' title="bbox 1012 1189 1756 1275">
     <span class='ocr_line' id='line_1_88' title="bbox 1056 1189 1756 1230; baseline -0.003 -9"><span class='ocrx_word' id='word_1_499' title='bbox 1056 1191 1241 1221; x_wconf 70' lang='lat' dir='ltr'><strong>Rhetorica..</strong></span> <span class='ocrx_word' id='word_1_500' title='bbox 1275 1191 1346 1221; x_wconf 90' lang='lat' dir='ltr'><strong>Fin.</strong></span> <span class='ocrx_word' id='word_1_501' title='bbox 1363 1191 1397 1220; x_wconf 91' lang='lat' dir='ltr'><strong>ii.</strong></span> <span class='ocrx_word' id='word_1_502' title='bbox 1415 1191 1445 1221; x_wconf 85' lang='lat'><strong>6.</strong></span> <span class='ocrx_word' id='word_1_503' title='bbox 1473 1192 1633 1221; x_wconf 71' lang='lat' dir='ltr'><strong>rhetorica</strong></span> <span class='ocrx_word' id='word_1_504' title='bbox 1648 1189 1756 1230; x_wconf 84' lang='lat' dir='ltr'><strong>philo-</strong></span> 
     </span>
     <span class='ocr_line' id='line_1_89' title="bbox 1012 1234 1650 1275; baseline -0.003 -10"><span class='ocrx_word' id='word_1_505' title='bbox 1012 1235 1402 1275; x_wconf 73' lang='lat' dir='ltr'><strong>sophorum—rhetorica</strong></span> <span class='ocrx_word' id='word_1_506' title='bbox 1418 1234 1555 1264; x_wconf 86' lang='lat' dir='ltr'><strong>forensi.</strong></span> <span class='ocrx_word' id='word_1_507' title='bbox 1647 1258 1650 1263; x_wconf 97' lang='lat'><strong>.</strong></span> 
     </span>
    </p>

    <p class='ocr_par' dir='ltr' id='par_1_26' title="bbox 1012 1276 1755 1494">
     <span class='ocr_line' id='line_1_90' title="bbox 1057 1276 1753 1317; baseline -0.004 -8"><span class='ocrx_word' id='word_1_508' title='bbox 1057 1279 1236 1309; x_wconf 77' lang='lat' dir='ltr'><strong>Ricinium.</strong></span> <span class='ocrx_word' id='word_1_509' title='bbox 1266 1279 1347 1317; x_wconf 85' lang='lat' dir='ltr'><strong>Leg.</strong></span> <span class='ocrx_word' id='word_1_510' title='bbox 1377 1278 1411 1307; x_wconf 92' lang='lat' dir='ltr'><strong>ii.</strong></span> <span class='ocrx_word' id='word_1_511' title='bbox 1442 1280 1494 1309; x_wconf 81' lang='grc'><strong>23.</strong></span> <span class='ocrx_word' id='word_1_512' title='bbox 1527 1278 1588 1307; x_wconf 78' lang='lat' dir='ltr'><strong>Est</strong></span> <span class='ocrx_word' id='word_1_513' title='bbox 1612 1276 1753 1317; x_wconf 81' lang='lat' dir='ltr'><strong>pallium</strong></span> 
     </span>
     <span class='ocr_line' id='line_1_91' title="bbox 1013 1320 1754 1361; baseline -0.003 -9"><span class='ocrx_word' id='word_1_514' title='bbox 1013 1322 1206 1359; x_wconf 82' lang='lat' dir='ltr'><strong>mulierum,</strong></span> <span class='ocrx_word' id='word_1_515' title='bbox 1217 1332 1281 1361; x_wconf 87' lang='lat' dir='ltr'><strong>quo</strong></span> <span class='ocrx_word' id='word_1_516' title='bbox 1296 1322 1329 1351; x_wconf 90' lang='lat' dir='ltr'><strong>in</strong></span> <span class='ocrx_word' id='word_1_517' title='bbox 1343 1321 1484 1351; x_wconf 74' lang='lat' dir='ltr'><strong>adversis</strong></span> <span class='ocrx_word' id='word_1_518' title='bbox 1501 1322 1597 1351; x_wconf 89' lang='lat' dir='ltr'><strong>rebus</strong></span> <span class='ocrx_word' id='word_1_519' title='bbox 1610 1326 1645 1350; x_wconf 90' lang='lat' dir='ltr'><strong>et</strong></span> <span class='ocrx_word' id='word_1_520' title='bbox 1656 1320 1754 1350; x_wconf 86' lang='lat' dir='ltr'><strong>lucti-</strong></span> 
     </span>
     <span class='ocr_line' id='line_1_92' title="bbox 1012 1364 1755 1396; baseline -0.001 0"><span class='ocrx_word' id='word_1_521' title='bbox 1012 1366 1073 1396; x_wconf 84' lang='lat' dir='ltr'><strong>bus</strong></span> <span class='ocrx_word' id='word_1_522' title='bbox 1089 1370 1245 1396; x_wconf 79' lang='lat' dir='ltr'><strong>utuntur.</strong></span> <span class='ocrx_word' id='word_1_523' title='bbox 1261 1365 1325 1395; x_wconf 89' lang='lat' dir='ltr'><strong>vid.</strong></span> <span class='ocrx_word' id='word_1_524' title='bbox 1350 1365 1475 1395; x_wconf 87' lang='lat' dir='ltr'><strong>Ferrar.</strong></span> <span class='ocrx_word' id='word_1_525' title='bbox 1491 1365 1539 1395; x_wconf 90' lang='lat' dir='ltr'><strong>Re</strong></span> <span class='ocrx_word' id='word_1_526' title='bbox 1556 1364 1646 1394; x_wconf 82' lang='lat' dir='ltr'><strong>vest.</strong></span> <span class='ocrx_word' id='word_1_527' title='bbox 1663 1365 1684 1394; x_wconf 92' lang='lat' dir='ltr'><strong>i.</strong></span> <span class='ocrx_word' id='word_1_528' title='bbox 1700 1366 1755 1396; x_wconf 83' lang='grc'><strong>25.</strong></span> 
     </span>
     <span class='ocr_line' id='line_1_93' title="bbox 1012 1407 1754 1448; baseline -0.001 -8"><span class='ocrx_word' id='word_1_529' title='bbox 1012 1410 1142 1440; x_wconf 87' lang='lat' dir='ltr'><strong>Ruben.</strong></span> <span class='ocrx_word' id='word_1_530' title='bbox 1161 1411 1183 1440; x_wconf 83' lang='lat' dir='ltr'><strong>i.</strong></span> <span class='ocrx_word' id='word_1_531' title='bbox 1198 1413 1229 1444; x_wconf 82' lang='grc'><strong>7.</strong></span> <span class='ocrx_word' id='word_1_532' title='bbox 1254 1410 1355 1439; x_wconf 83' lang='lat' dir='ltr'><strong>Salm.</strong></span> <span class='ocrx_word' id='word_1_533' title='bbox 1369 1409 1411 1439; x_wconf 88' lang='lat' dir='ltr'><strong>ad</strong></span> <span class='ocrx_word' id='word_1_534' title='bbox 1420 1409 1505 1448; x_wconf 91' lang='lat' dir='ltr'><strong>Vop.</strong></span> <span class='ocrx_word' id='word_1_535' title='bbox 1518 1407 1687 1438; x_wconf 85' lang='lat' dir='ltr'><strong>Aurelian.</strong></span> <span class='ocrx_word' id='word_1_536' title='bbox 1699 1411 1754 1439; x_wconf 84' lang='grc'><strong>45.</strong></span> 
     </span>
     <span class='ocr_line' id='line_1_94' title="bbox 1013 1457 1137 1494; baseline -0.008 -10"><span class='ocrx_word' id='word_1_537' title='bbox 1013 1464 1047 1494; x_wconf 89' lang='lat' dir='ltr'><strong>p.</strong></span> <span class='ocrx_word' id='word_1_538' title='bbox 1063 1457 1137 1485; x_wconf 78' lang='lat'><strong>541.</strong></span> 
     </span>
    </p>

    <p class='ocr_par' dir='ltr' id='par_1_27' title="bbox 1012 1495 1756 1752">
     <span class='ocr_line' id='line_1_95' title="bbox 1056 1495 1756 1535; baseline -0.003 -8"><span class='ocrx_word' id='word_1_539' title='bbox 1056 1497 1242 1534; x_wconf 74' lang='lat' dir='ltr'><strong>Ridiculus,</strong></span> <span class='ocrx_word' id='word_1_540' title='bbox 1256 1497 1310 1535; x_wconf 84' lang='lat' dir='ltr'><strong>qui</strong></span> <span class='ocrx_word' id='word_1_541' title='bbox 1324 1495 1563 1534; x_wconf 82' lang='lat' dir='ltr'><strong>dicteriajacit‚</strong></span> <span class='ocrx_word' id='word_1_542' title='bbox 1576 1499 1635 1526; x_wconf 90' lang='lat' dir='ltr'><strong>aut</strong></span> <span class='ocrx_word' id='word_1_543' title='bbox 1639 1495 1756 1535; x_wconf 70' lang='lat' dir='ltr'><strong>jacere</strong></span> 
     </span>
     <span class='ocr_line' id='line_1_96' title="bbox 1012 1539 1755 1581; baseline -0.004 -10"><span class='ocrx_word' id='word_1_544' title='bbox 1012 1547 1135 1581; x_wconf 84' lang='lat' dir='ltr'><strong>potest.</strong></span> <span class='ocrx_word' id='word_1_545' title='bbox 1158 1541 1252 1571; x_wconf 89' lang='lat' dir='ltr'><strong>Verr.</strong></span> <span class='ocrx_word' id='word_1_546' title='bbox 1270 1541 1292 1570; x_wconf 85' lang='lat' dir='ltr'><strong>i.</strong></span> <span class='ocrx_word' id='word_1_547' title='bbox 1309 1541 1361 1571; x_wconf 82' lang='lat'><strong>46.</strong></span> <span class='ocrx_word' id='word_1_548' title='bbox 1394 1541 1526 1570; x_wconf 77' lang='lat' dir='ltr'><strong>ridiculi</strong></span> <span class='ocrx_word' id='word_1_549' title='bbox 1542 1550 1559 1569; x_wconf 92' lang='lat' dir='ltr'><strong>e</strong></span> <span class='ocrx_word' id='word_1_550' title='bbox 1576 1539 1687 1569; x_wconf 90' lang='lat' dir='ltr'><strong>dolore</strong></span> <span class='ocrx_word' id='word_1_551' title='bbox 1704 1549 1755 1568; x_wconf 85' lang='lat' dir='ltr'><strong>re-</strong></span> 
     </span>
     <span class='ocr_line' id='line_1_97' title="bbox 1014 1582 1755 1625; baseline -0.004 -10"><span class='ocrx_word' id='word_1_552' title='bbox 1014 1586 1247 1625; x_wconf 85' lang='lat' dir='ltr'><strong>periebantur:</strong></span> <span class='ocrx_word' id='word_1_553' title='bbox 1274 1584 1306 1613; x_wconf 90' lang='lat' dir='ltr'><strong>h.</strong></span> <span class='ocrx_word' id='word_1_554' title='bbox 1332 1594 1361 1614; x_wconf 90' lang='lat' dir='ltr'><strong>e.</strong></span> <span class='ocrx_word' id='word_1_555' title='bbox 1389 1583 1483 1614; x_wconf 88' lang='lat' dir='ltr'><strong>dolor</strong></span> <span class='ocrx_word' id='word_1_556' title='bbox 1508 1583 1551 1613; x_wconf 87' lang='lat' dir='ltr'><strong>ad</strong></span> <span class='ocrx_word' id='word_1_557' title='bbox 1568 1582 1755 1621; x_wconf 83' lang='lat' dir='ltr'><strong>jocandum</strong></span> 
     </span>
     <span class='ocr_line' id='line_1_98' title="bbox 1013 1626 1755 1665; baseline -0.003 -7"><span class='ocrx_word' id='word_1_558' title='bbox 1013 1629 1189 1665; x_wconf 85' lang='lat' dir='ltr'><strong>incitabat,</strong></span> <span class='ocrx_word' id='word_1_559' title='bbox 1204 1628 1342 1658; x_wconf 80' lang='lat' dir='ltr'><strong>dicteria</strong></span> <span class='ocrx_word' id='word_1_560' title='bbox 1353 1628 1559 1665; x_wconf 81' lang='lat' dir='ltr'><strong>subjiciebat.</strong></span> <span class='ocrx_word' id='word_1_561' title='bbox 1584 1627 1601 1645; x_wconf 45' lang='grc' dir='ltr'><strong>*Ψ</strong></span> <span class='ocrx_word' id='word_1_562' title='bbox 1613 1626 1755 1656; x_wconf 73' lang='lat' dir='ltr'><strong>facetuS.</strong></span> 
     </span>
     <span class='ocr_line' id='line_1_99' title="bbox 1012 1670 1756 1711; baseline -0.004 -9"><span class='ocrx_word' id='word_1_563' title='bbox 1012 1673 1090 1703; x_wconf 84' lang='lat' dir='ltr'><strong>ibid.</strong></span> <span class='ocrx_word' id='word_1_564' title='bbox 1107 1672 1162 1702; x_wconf 79' lang='lat' dir='ltr'><strong>alii</strong></span> <span class='ocrx_word' id='word_1_565' title='bbox 1179 1671 1365 1711; x_wconf 80' lang='lat' dir='ltr'><strong>frigidiores</strong></span> <span class='ocrx_word' id='word_1_566' title='bbox 1383 1677 1491 1708; x_wconf 86' lang='lat' dir='ltr'><strong>erant,</strong></span> <span class='ocrx_word' id='word_1_567' title='bbox 1507 1670 1577 1707; x_wconf 88' lang='lat' dir='ltr'><strong>sed,</strong></span> <span class='ocrx_word' id='word_1_568' title='bbox 1594 1671 1672 1709; x_wconf 88' lang='lat' dir='ltr'><strong>quia</strong></span> <span class='ocrx_word' id='word_1_569' title='bbox 1687 1672 1756 1700; x_wconf 84' lang='lat' dir='ltr'><strong>sto·</strong></span> 
     </span>
     <span class='ocr_line' id='line_1_100' title="bbox 1012 1715 1725 1752; baseline -0.004 -6"><span class='ocrx_word' id='word_1_570' title='bbox 1012 1716 1267 1752; x_wconf 73' lang='lat' dir='ltr'><strong>machabantur,</strong></span> <span class='ocrx_word' id='word_1_571' title='bbox 1282 1716 1414 1745; x_wconf 74' lang='lat' dir='ltr'><strong>ridiculi</strong></span> <span class='ocrx_word' id='word_1_572' title='bbox 1430 1715 1628 1744; x_wconf 85' lang='lat' dir='ltr'><strong>videbantur</strong></span> <span class='ocrx_word' id='word_1_573' title='bbox 1644 1723 1725 1744; x_wconf 86' lang='lat' dir='ltr'><strong>esse.</strong></span> 
     </span>
    </p>

    <p class='ocr_par' dir='ltr' id='par_1_28' title="bbox 1011 1758 1757 1844">
     <span class='ocr_line' id='line_1_101' title="bbox 1058 1758 1757 1799; baseline -0.004 -9"><span class='ocrx_word' id='word_1_574' title='bbox 1058 1760 1209 1799; x_wconf 63' lang='lat' dir='ltr'><strong>Rigidus.</strong></span> <span class='ocrx_word' id='word_1_575' title='bbox 1233 1760 1328 1789; x_wconf 86' lang='lat' dir='ltr'><strong>Brut.</strong></span> <span class='ocrx_word' id='word_1_576' title='bbox 1356 1762 1406 1789; x_wconf 80' lang='lat'><strong>18.</strong></span> <span class='ocrx_word' id='word_1_577' title='bbox 1431 1760 1528 1798; x_wconf 82' lang='lat' dir='ltr'><strong>signa</strong></span> <span class='ocrx_word' id='word_1_578' title='bbox 1548 1758 1672 1796; x_wconf 78' lang='lat' dir='ltr'><strong>rigida,</strong></span> <span class='ocrx_word' id='word_1_579' title='bbox 1696 1767 1757 1798; x_wconf 73' lang='lat' dir='ltr'><strong>op·</strong></span> 
     </span>
     <span class='ocr_line' id='line_1_102' title="bbox 1011 1802 1669 1844; baseline -0.003 -10"><span class='ocrx_word' id='word_1_580' title='bbox 1011 1809 1185 1844; x_wconf 86' lang='lat' dir='ltr'><strong>ponuntur</strong></span> <span class='ocrx_word' id='word_1_581' title='bbox 1200 1803 1367 1841; x_wconf 83' lang='lat' dir='ltr'><strong>mollibus,</strong></span> <span class='ocrx_word' id='word_1_582' title='bbox 1384 1802 1669 1832; x_wconf 81' lang='lat' dir='ltr'><strong>elaboratioribus.</strong></span> 
     </span>
    </p>

    <p class='ocr_par' dir='ltr' id='par_1_29' title="bbox 1057 1846 1482 1878">
     <span class='ocr_line' id='line_1_103' title="bbox 1057 1846 1482 1878; baseline -0.002 -1"><span class='ocrx_word' id='word_1_583' title='bbox 1057 1848 1232 1878; x_wconf 57' lang='lat' dir='ltr'><strong>Hit-alita&amp;</strong></span> <span class='ocrx_word' id='word_1_584' title='bbox 1255 1847 1355 1877; x_wconf 58' lang='lat' dir='ltr'><strong>Tusa</strong></span> <span class='ocrx_word' id='word_1_585' title='bbox 1371 1847 1414 1876; x_wconf 91' lang='lat' dir='ltr'><strong>iv.</strong></span> <span class='ocrx_word' id='word_1_586' title='bbox 1429 1846 1482 1877; x_wconf 83' lang='grc'><strong>26.</strong></span> 
     </span>
    </p>

    <p class='ocr_par' dir='ltr' id='par_1_30' title="bbox 1055 1890 1512 1929">
     <span class='ocr_line' id='line_1_104' title="bbox 1055 1890 1512 1929; baseline -0.004 -7"><span class='ocrx_word' id='word_1_587' title='bbox 1055 1891 1143 1927; x_wconf 69' lang='lat' dir='ltr'><strong>Rite,</strong></span> <span class='ocrx_word' id='word_1_588' title='bbox 1153 1891 1241 1929; x_wconf 85' lang='lat' dir='ltr'><strong>jure.</strong></span> <span class='ocrx_word' id='word_1_589' title='bbox 1266 1890 1345 1920; x_wconf 87' lang='lat' dir='ltr'><strong>Nat.</strong></span> <span class='ocrx_word' id='word_1_590' title='bbox 1360 1891 1404 1921; x_wconf 92' lang='lat' dir='ltr'><strong>D.</strong></span> <span class='ocrx_word' id='word_1_591' title='bbox 1419 1891 1441 1920; x_wconf 79' lang='lat' dir='ltr'><strong>i..</strong></span> <span class='ocrx_word' id='word_1_592' title='bbox 1459 1892 1512 1920; x_wconf 71' lang='lat'><strong>⁶20.</strong></span> 
     </span>
    </p>

    <p class='ocr_par' dir='ltr' id='par_1_31' title="bbox 1012 1931 1756 2149">
     <span class='ocr_line' id='line_1_105' title="bbox 1057 1931 1756 1973; baseline -0.006 -7"><span class='ocrx_word' id='word_1_593' title='bbox 1057 1935 1181 1973; x_wconf 70' lang='lat' dir='ltr'><strong>Robur,</strong></span> <span class='ocrx_word' id='word_1_594' title='bbox 1198 1934 1303 1964; x_wconf 82' lang='lat' dir='ltr'><strong>lectus</strong></span> <span class='ocrx_word' id='word_1_595' title='bbox 1320 1934 1436 1971; x_wconf 84' lang='lat' dir='ltr'><strong>durus,</strong></span> <span class='ocrx_word' id='word_1_596' title='bbox 1452 1944 1491 1963; x_wconf 73' lang='lat' dir='ltr'><strong>ex</strong></span> <span class='ocrx_word' id='word_1_597' title='bbox 1507 1932 1598 1972; x_wconf 78' lang='lat' dir='ltr'><strong>ligno</strong></span> <span class='ocrx_word' id='word_1_598' title='bbox 1615 1931 1756 1970; x_wconf 62' lang='lat' dir='ltr'><strong>duriori,</strong></span> 
     </span>
     <span class='ocr_line' id='line_1_106' title="bbox 1012 1976 1754 2018; baseline -0.005 -9"><span class='ocrx_word' id='word_1_599' title='bbox 1012 1982 1186 2018; x_wconf 81' lang='lat' dir='ltr'><strong>tamquam</strong></span> <span class='ocrx_word' id='word_1_600' title='bbox 1203 1978 1289 2008; x_wconf 88' lang='lat' dir='ltr'><strong>ilice.</strong></span> <span class='ocrx_word' id='word_1_601' title='bbox 1307 1978 1396 2008; x_wconf 85' lang='lat' dir='ltr'><strong>Mur.</strong></span> <span class='ocrx_word' id='word_1_602' title='bbox 1413 1980 1465 2008; x_wconf 84' lang='lat'><strong>35.</strong></span> <span class='ocrx_word' id='word_1_603' title='bbox 1482 1977 1538 2015; x_wconf 83' lang='lat' dir='ltr'><strong>qui</strong></span> <span class='ocrx_word' id='word_1_604' title='bbox 1550 1976 1754 2015; x_wconf 83' lang='lat' dir='ltr'><strong>quotidianis</strong></span> 
     </span>
     <span class='ocr_line' id='line_1_107' title="bbox 1012 2020 1753 2063; baseline -0.005 -10"><span class='ocrx_word' id='word_1_605' title='bbox 1012 2022 1119 2063; x_wconf 84' lang='lat' dir='ltr'><strong>epulis</strong></span> <span class='ocrx_word' id='word_1_606' title='bbox 1146 2023 1180 2052; x_wconf 90' lang='lat' dir='ltr'><strong>in</strong></span> <span class='ocrx_word' id='word_1_607' title='bbox 1208 2023 1316 2052; x_wconf 81' lang='lat' dir='ltr'><strong>robore</strong></span> <span class='ocrx_word' id='word_1_608' title='bbox 1342 2021 1559 2051; x_wconf 80' lang='lat' dir='ltr'><strong>accumbunt.</strong></span> <span class='ocrx_word' id='word_1_609' title='bbox 1583 2020 1753 2050; x_wconf 72' lang='lat' dir='ltr'><strong>*Cluent.</strong></span> 
     </span>
     <span class='ocr_line' id='line_1_108' title="bbox 1013 2063 1756 2105; baseline -0.004 -8"><span class='ocrx_word' id='word_1_610' title='bbox 1013 2067 1065 2097; x_wconf 75' lang='lat'><strong>56.</strong></span> <span class='ocrx_word' id='word_1_611' title='bbox 1104 2067 1216 2096; x_wconf 80' lang='lat' dir='ltr'><strong>robora</strong></span> <span class='ocrx_word' id='word_1_612' title='bbox 1252 2064 1368 2105; x_wconf 86' lang='lat' dir='ltr'><strong>populi</strong></span> <span class='ocrx_word' id='word_1_613' title='bbox 1405 2065 1561 2103; x_wconf 83' lang='lat' dir='ltr'><strong>Romani,</strong></span> <span class='ocrx_word' id='word_1_614' title='bbox 1595 2063 1756 2094; x_wconf 83' lang='lat' dir='ltr'><strong>dicuntur</strong></span> 
     </span>
     <span class='ocr_line' id='line_1_109' title="bbox 1012 2109 1328 2149; baseline -0.006 -9"><span class='ocrx_word' id='word_1_615' title='bbox 1012 2109 1251 2149; x_wconf 86' lang='lat' dir='ltr'><strong>equites,jnsti</strong></span> <span class='ocrx_word' id='word_1_616' title='bbox 1269 2110 1328 2139; x_wconf 70' lang='grc' dir='ltr'><strong>διο.</strong></span> 
     </span>
    </p>

    <p class='ocr_par' dir='ltr' id='par_1_32' title="bbox 1011 2151 1754 2323">
     <span class='ocr_line' id='line_1_110' title="bbox 1056 2151 1754 2192; baseline -0.006 -8"><span class='ocrx_word' id='word_1_617' title='bbox 1056 2153 1228 2191; x_wconf 67' lang='lat' dir='ltr'><strong>Rohuseus,</strong></span> <span class='ocrx_word' id='word_1_618' title='bbox 1245 2162 1397 2192; x_wconf 82' lang='lat' dir='ltr'><strong>magnus.</strong></span> <span class='ocrx_word' id='word_1_619' title='bbox 1422 2151 1506 2181; x_wconf 88' lang='lat' dir='ltr'><strong>Phil.</strong></span> <span class='ocrx_word' id='word_1_620' title='bbox 1532 2161 1560 2180; x_wconf 93' lang='lat' dir='ltr'><strong>v.</strong></span> <span class='ocrx_word' id='word_1_621' title='bbox 1588 2154 1637 2181; x_wconf 90' lang='lat'><strong>11.</strong></span> <span class='ocrx_word' id='word_1_622' title='bbox 1659 2151 1754 2181; x_wconf 82' lang='lat' dir='ltr'><strong>robu-</strong></span> 
     </span>
     <span class='ocr_line' id='line_1_111' title="bbox 1011 2194 1754 2228; baseline -0.005 0"><span class='ocrx_word' id='word_1_623' title='bbox 1011 2199 1091 2228; x_wconf 78' lang='lat' dir='ltr'><strong>stius</strong></span> <span class='ocrx_word' id='word_1_624' title='bbox 1116 2198 1154 2228; x_wconf 83' lang='lat' dir='ltr'><strong>fit</strong></span> <span class='ocrx_word' id='word_1_625' title='bbox 1177 2196 1316 2227; x_wconf 83' lang='lat' dir='ltr'><strong>malum.</strong></span> <span class='ocrx_word' id='word_1_626' title='bbox 1340 2196 1453 2225; x_wconf 86' lang='lat' dir='ltr'><strong>Plane.</strong></span> <span class='ocrx_word' id='word_1_627' title='bbox 1478 2199 1508 2226; x_wconf 77' lang='grc'><strong>8.</strong></span> <span class='ocrx_word' id='word_1_628' title='bbox 1536 2196 1666 2225; x_wconf 79' lang='lat' dir='ltr'><strong>robusta</strong></span> <span class='ocrx_word' id='word_1_629' title='bbox 1687 2194 1754 2224; x_wconf 83' lang='lat' dir='ltr'><strong>fre·</strong></span> 
     </span>
     <span class='ocr_line' id='line_1_112' title="bbox 1013 2239 1754 2281; baseline -0.004 -10"><span class='ocrx_word' id='word_1_630' title='bbox 1013 2242 1161 2281; x_wconf 86' lang='lat' dir='ltr'><strong>quentia.</strong></span> <span class='ocrx_word' id='word_1_631' title='bbox 1195 2241 1270 2271; x_wconf 89' lang='lat' dir='ltr'><strong>Div.</strong></span> <span class='ocrx_word' id='word_1_632' title='bbox 1290 2241 1310 2271; x_wconf 91' lang='lat' dir='ltr'><strong>i.</strong></span> <span class='ocrx_word' id='word_1_633' title='bbox 1330 2243 1380 2270; x_wconf 77' lang='lat'><strong>18.</strong></span> <span class='ocrx_word' id='word_1_634' title='bbox 1410 2249 1460 2269; x_wconf 86' lang='lat' dir='ltr'><strong>res</strong></span> <span class='ocrx_word' id='word_1_635' title='bbox 1478 2241 1643 2268; x_wconf 75' lang='lat' dir='ltr'><strong>vetustate</strong></span> <span class='ocrx_word' id='word_1_636' title='bbox 1659 2239 1754 2269; x_wconf 78' lang='lat' dir='ltr'><strong>robu-</strong></span> 
     </span>
     <span class='ocr_line' id='line_1_113' title="bbox 1011 2285 1326 2323; baseline -0.01 -7"><span class='ocrx_word' id='word_1_637' title='bbox 1011 2289 1076 2323; x_wconf 78' lang='lat' dir='ltr'><strong>sta,</strong></span> <span class='ocrx_word' id='word_1_638' title='bbox 1096 2286 1116 2315; x_wconf 92' lang='lat' dir='ltr'><strong>i.</strong></span> <span class='ocrx_word' id='word_1_639' title='bbox 1135 2296 1163 2315; x_wconf 81' lang='lat' dir='ltr'><strong>e.</strong></span> <span class='ocrx_word' id='word_1_640' title='bbox 1181 2285 1326 2314; x_wconf 76' lang='lat' dir='ltr'><strong>firmata.</strong></span> 
     </span>
    </p>

    <p class='ocr_par' dir='ltr' id='par_1_33' title="bbox 1007 2326 1755 2939">
     <span class='ocr_line' id='line_1_114' title="bbox 1055 2326 1752 2367; baseline -0.004 -9"><span class='ocrx_word' id='word_1_641' title='bbox 1055 2329 1200 2367; x_wconf 68' lang='lat' dir='ltr'><strong>Rogare,</strong></span> <span class='ocrx_word' id='word_1_642' title='bbox 1218 2330 1251 2358; x_wconf 70' lang='lat' dir='ltr'><strong>in</strong></span> <span class='ocrx_word' id='word_1_643' title='bbox 1268 2327 1485 2367; x_wconf 85' lang='lat' dir='ltr'><strong>petitionibus</strong></span> <span class='ocrx_word' id='word_1_644' title='bbox 1502 2329 1551 2356; x_wconf 87' lang='lat' dir='ltr'><strong>est</strong></span> <span class='ocrx_word' id='word_1_645' title='bbox 1568 2326 1752 2356; x_wconf 84' lang='lat' dir='ltr'><strong>amicorum</strong></span> 
     </span>
     <span class='ocr_line' id='line_1_115' title="bbox 1013 2370 1754 2411; baseline -0.004 -9"><span class='ocrx_word' id='word_1_646' title='bbox 1013 2372 1203 2409; x_wconf 51' lang='lat' dir='ltr'><strong>Candidati.</strong></span> <span class='ocrx_word' id='word_1_647' title='bbox 1218 2373 1272 2411; x_wconf 64' lang='lat' dir='ltr'><strong>qui</strong></span> <span class='ocrx_word' id='word_1_648' title='bbox 1287 2370 1446 2411; x_wconf 88' lang='lat' dir='ltr'><strong>populum</strong></span> <span class='ocrx_word' id='word_1_649' title='bbox 1461 2379 1519 2410; x_wconf 85' lang='lat' dir='ltr'><strong>pro</strong></span> <span class='ocrx_word' id='word_1_650' title='bbox 1530 2379 1569 2399; x_wconf 85' lang='lat' dir='ltr'><strong>eo</strong></span> <span class='ocrx_word' id='word_1_651' title='bbox 1582 2374 1754 2409; x_wconf 81' lang='lat' dir='ltr'><strong>prensant.</strong></span> 
     </span>
     <span class='ocr_line' id='line_1_116' title="bbox 1012 2413 1753 2453; baseline -0.005 -7"><span class='ocrx_word' id='word_1_652' title='bbox 1012 2416 1125 2446; x_wconf 87' lang='lat' dir='ltr'><strong>Plane.</strong></span> <span class='ocrx_word' id='word_1_653' title='bbox 1147 2419 1193 2445; x_wconf 79' lang='lat' dir='ltr'><strong>lo.</strong></span> <span class='ocrx_word' id='word_1_654' title='bbox 1220 2425 1325 2453; x_wconf 77' lang='lat' dir='ltr'><strong>neque</strong></span> <span class='ocrx_word' id='word_1_655' title='bbox 1342 2415 1431 2444; x_wconf 88' lang='lat' dir='ltr'><strong>enim</strong></span> <span class='ocrx_word' id='word_1_656' title='bbox 1449 2423 1510 2453; x_wconf 83' lang='lat' dir='ltr'><strong>ego</strong></span> <span class='ocrx_word' id='word_1_657' title='bbox 1522 2414 1568 2443; x_wconf 84' lang='lat' dir='ltr'><strong>sie</strong></span> <span class='ocrx_word' id='word_1_658' title='bbox 1580 2413 1753 2451; x_wconf 70' lang='lat' dir='ltr'><strong>vogabam,</strong></span> 
     </span>
     <span class='ocr_line' id='line_1_117' title="bbox 1013 2457 1755 2500; baseline -0.004 -11"><span class='ocrx_word' id='word_1_659' title='bbox 1013 2464 1050 2489; x_wconf 89' lang='lat' dir='ltr'><strong>ut</strong></span> <span class='ocrx_word' id='word_1_660' title='bbox 1073 2466 1185 2500; x_wconf 82' lang='lat' dir='ltr'><strong>petere</strong></span> <span class='ocrx_word' id='word_1_661' title='bbox 1210 2459 1348 2495; x_wconf 42' lang='lat' dir='ltr'><strong>stderer,</strong></span> <span class='ocrx_word' id='word_1_662' title='bbox 1369 2458 1446 2496; x_wconf 85' lang='lat' dir='ltr'><strong>quia</strong></span> <span class='ocrx_word' id='word_1_663' title='bbox 1468 2457 1640 2486; x_wconf 81' lang='lat' dir='ltr'><strong>familiaris</strong></span> <span class='ocrx_word' id='word_1_664' title='bbox 1663 2461 1755 2487; x_wconf 83' lang='lat' dir='ltr'><strong>esset</strong></span> 
     </span>
     <span class='ocr_line' id='line_1_118' title="bbox 1011 2500 1753 2540; baseline -0.005 -7"><span class='ocrx_word' id='word_1_665' title='bbox 1011 2504 1207 2533; x_wconf 59' lang='lat' dir='ltr'><strong>meus—sec}</strong></span> <span class='ocrx_word' id='word_1_666' title='bbox 1225 2507 1262 2532; x_wconf 83' lang='lat' dir='ltr'><strong>ut</strong></span> <span class='ocrx_word' id='word_1_667' title='bbox 1279 2502 1371 2540; x_wconf 78' lang='lat' dir='ltr'><strong>quasi</strong></span> <span class='ocrx_word' id='word_1_668' title='bbox 1389 2502 1531 2540; x_wconf 77' lang='lat' dir='ltr'><strong>parenti.</strong></span> <span class='ocrx_word' id='word_1_669' title='bbox 1544 2500 1662 2530; x_wconf 89' lang='lat' dir='ltr'><strong>deinde</strong></span> <span class='ocrx_word' id='word_1_670' title='bbox 1676 2510 1753 2530; x_wconf 77' lang='lat' dir='ltr'><strong>vero</strong></span> 
     </span>
     <span class='ocr_line' id='line_1_119' title="bbox 1010 2544 1755 2583; baseline -0.005 -6"><span class='ocrx_word' id='word_1_671' title='bbox 1010 2548 1114 2577; x_wconf 78' lang='lat' dir='ltr'><strong>etiam</strong></span> <span class='ocrx_word' id='word_1_672' title='bbox 1131 2546 1326 2577; x_wconf 79' lang='lat' dir='ltr'><strong>Candidati:</strong></span> <span class='ocrx_word' id='word_1_673' title='bbox 1344 2545 1384 2575; x_wconf 87' lang='lat' dir='ltr'><strong>de</strong></span> <span class='ocrx_word' id='word_1_674' title='bbox 1401 2555 1466 2583; x_wconf 87' lang='lat' dir='ltr'><strong>quo</strong></span> <span class='ocrx_word' id='word_1_675' title='bbox 1482 2555 1560 2574; x_wconf 90' lang='lat' dir='ltr'><strong>cum</strong></span> <span class='ocrx_word' id='word_1_676' title='bbox 1572 2544 1706 2582; x_wconf 83' lang='lat' dir='ltr'><strong>dicitur,</strong></span> <span class='ocrx_word' id='word_1_677' title='bbox 1720 2544 1755 2574; x_wconf 90' lang='lat' dir='ltr'><strong>in</strong></span> 
     </span>
     <span class='ocr_line' id='line_1_120' title="bbox 1009 2588 1755 2629; baseline -0.005 -8"><span class='ocrx_word' id='word_1_678' title='bbox 1009 2591 1209 2621; x_wconf 77' lang='lat' dir='ltr'><strong>deteriorem</strong></span> <span class='ocrx_word' id='word_1_679' title='bbox 1224 2596 1354 2629; x_wconf 87' lang='lat' dir='ltr'><strong>partem</strong></span> <span class='ocrx_word' id='word_1_680' title='bbox 1370 2590 1545 2629; x_wconf 86' lang='lat' dir='ltr'><strong>accipitur.</strong></span> <span class='ocrx_word' id='word_1_681' title='bbox 1592 2588 1678 2618; x_wconf 80' lang='lat' dir='ltr'><strong>Nam</strong></span> <span class='ocrx_word' id='word_1_682' title='bbox 1695 2597 1755 2628; x_wconf 82' lang='lat' dir='ltr'><strong>pe-</strong></span> 
     </span>
     <span class='ocr_line' id='line_1_121' title="bbox 1010 2633 1752 2674; baseline -0.005 -10"><span class='ocrx_word' id='word_1_683' title='bbox 1010 2640 1076 2665; x_wconf 78' lang='lat' dir='ltr'><strong>tere</strong></span> <span class='ocrx_word' id='word_1_684' title='bbox 1092 2635 1264 2674; x_wconf 84' lang='lat' dir='ltr'><strong>proprium</strong></span> <span class='ocrx_word' id='word_1_685' title='bbox 1280 2638 1331 2663; x_wconf 89' lang='lat' dir='ltr'><strong>est</strong></span> <span class='ocrx_word' id='word_1_686' title='bbox 1347 2633 1497 2669; x_wconf 78' lang='lat' dir='ltr'><strong>verbum,</strong></span> <span class='ocrx_word' id='word_1_687' title='bbox 1512 2642 1577 2671; x_wconf 86' lang='lat' dir='ltr'><strong>quo</strong></span> <span class='ocrx_word' id='word_1_688' title='bbox 1594 2635 1752 2669; x_wconf 84' lang='lat' dir='ltr'><strong>utuntur,</strong></span> 
     </span>
     <span class='ocr_line' id='line_1_122' title="bbox 1009 2676 1753 2718; baseline -0.005 -10"><span class='ocrx_word' id='word_1_689' title='bbox 1009 2688 1087 2708; x_wconf 80' lang='lat' dir='ltr'><strong>cuni</strong></span> <span class='ocrx_word' id='word_1_690' title='bbox 1113 2682 1291 2718; x_wconf 85' lang='lat' dir='ltr'><strong>prensatur</strong></span> <span class='ocrx_word' id='word_1_691' title='bbox 1313 2676 1477 2717; x_wconf 86' lang='lat' dir='ltr'><strong>populus:</strong></span> <span class='ocrx_word' id='word_1_692' title='bbox 1503 2685 1622 2714; x_wconf 74' lang='lat' dir='ltr'><strong>rogare</strong></span> <span class='ocrx_word' id='word_1_693' title='bbox 1639 2681 1753 2705; x_wconf 82' lang='lat' dir='ltr'><strong>autem</strong></span> 
     </span>
     <span class='ocr_line' id='line_1_123' title="bbox 1009 2719 1754 2761; baseline -0.004 -10"><span class='ocrx_word' id='word_1_694' title='bbox 1009 2732 1086 2752; x_wconf 83' lang='lat' dir='ltr'><strong>cuni</strong></span> <span class='ocrx_word' id='word_1_695' title='bbox 1111 2731 1199 2751; x_wconf 80' lang='lat' dir='ltr'><strong>unus</strong></span> <span class='ocrx_word' id='word_1_696' title='bbox 1224 2721 1286 2751; x_wconf 87' lang='lat' dir='ltr'><strong>hac</strong></span> <span class='ocrx_word' id='word_1_697' title='bbox 1310 2725 1477 2761; x_wconf 86' lang='lat' dir='ltr'><strong>potestate</strong></span> <span class='ocrx_word' id='word_1_698' title='bbox 1502 2723 1564 2756; x_wconf 67' lang='lat' dir='ltr'><strong>est,</strong></span> <span class='ocrx_word' id='word_1_699' title='bbox 1585 2724 1621 2748; x_wconf 89' lang='lat' dir='ltr'><strong>nt</strong></span> <span class='ocrx_word' id='word_1_700' title='bbox 1648 2719 1754 2757; x_wconf 84' lang='lat' dir='ltr'><strong>magi-</strong></span> 
     </span>
     <span class='ocr_line' id='line_1_124' title="bbox 1009 2763 1752 2802; baseline -0.005 -7"><span class='ocrx_word' id='word_1_701' title='bbox 1009 2771 1134 2795; x_wconf 78' lang='lat' dir='ltr'><strong>stratus</strong></span> <span class='ocrx_word' id='word_1_702' title='bbox 1151 2765 1291 2802; x_wconf 82' lang='lat' dir='ltr'><strong>tribuat,</strong></span> <span class='ocrx_word' id='word_1_703' title='bbox 1308 2764 1362 2794; x_wconf 88' lang='lat' dir='ltr'><strong>cui</strong></span> <span class='ocrx_word' id='word_1_704' title='bbox 1379 2763 1470 2801; x_wconf 79' lang='lat' dir='ltr'><strong>velit,</strong></span> <span class='ocrx_word' id='word_1_705' title='bbox 1488 2763 1635 2802; x_wconf 77' lang='lat' dir='ltr'><strong>adeoque</strong></span> <span class='ocrx_word' id='word_1_706' title='bbox 1654 2763 1693 2791; x_wconf 84' lang='lat' dir='ltr'><strong>ab</strong></span> <span class='ocrx_word' id='word_1_707' title='bbox 1712 2772 1752 2791; x_wconf 92' lang='lat' dir='ltr'><strong>eo</strong></span> 
     </span>
     <span class='ocr_line' id='line_1_125' title="bbox 1010 2805 1753 2847; baseline -0.005 -8"><span class='ocrx_word' id='word_1_708' title='bbox 1010 2809 1217 2839; x_wconf 75' lang='lat' dir='ltr'><strong>Candidatus</strong></span> <span class='ocrx_word' id='word_1_709' title='bbox 1235 2810 1470 2847; x_wconf 74' lang='lat' dir='ltr'><strong>magistratum</strong></span> <span class='ocrx_word' id='word_1_710' title='bbox 1488 2807 1585 2846; x_wconf 76' lang='lat' dir='ltr'><strong>petit.</strong></span> <span class='ocrx_word' id='word_1_711' title='bbox 1617 2805 1700 2835; x_wconf 87' lang='lat' dir='ltr'><strong>Phil.</strong></span> <span class='ocrx_word' id='word_1_712' title='bbox 1718 2805 1753 2835; x_wconf 90' lang='lat' dir='ltr'><strong>ii.</strong></span> 
     </span>
     <span class='ocr_line' id='line_1_126' title="bbox 1009 2848 1754 2892; baseline -0.007 -9"><span class='ocrx_word' id='word_1_713' title='bbox 1009 2856 1061 2884; x_wconf 82' lang='lat'><strong>30.</strong></span> <span class='ocrx_word' id='word_1_714' title='bbox 1088 2859 1170 2882; x_wconf 62' lang='lat' dir='ltr'><strong>extr.</strong></span> <span class='ocrx_word' id='word_1_715' title='bbox 1202 2853 1236 2882; x_wconf 88' lang='lat' dir='ltr'><strong>in</strong></span> <span class='ocrx_word' id='word_1_716' title='bbox 1253 2852 1441 2892; x_wconf 64' lang='lat' dir='ltr'><strong>proximum</strong></span> <span class='ocrx_word' id='word_1_717' title='bbox 1458 2861 1582 2880; x_wconf 84' lang='lat' dir='ltr'><strong>annum</strong></span> <span class='ocrx_word' id='word_1_718' title='bbox 1600 2848 1754 2879; x_wconf 83' lang='lat' dir='ltr'><strong>consula-</strong></span> 
     </span>
     <span class='ocr_line' id='line_1_127' title="bbox 1007 2893 1755 2939; baseline -0.005 -12"><span class='ocrx_word' id='word_1_719' title='bbox 1007 2900 1082 2928; x_wconf 86' lang='lat' dir='ltr'><strong>tum</strong></span> <span class='ocrx_word' id='word_1_720' title='bbox 1098 2901 1237 2939; x_wconf 73' lang='lat' dir='ltr'><strong>peteres,</strong></span> <span class='ocrx_word' id='word_1_721' title='bbox 1255 2895 1306 2926; x_wconf 89' lang='lat' dir='ltr'><strong>vel</strong></span> <span class='ocrx_word' id='word_1_722' title='bbox 1328 2895 1438 2937; x_wconf 82' lang='lat' dir='ltr'><strong>potius</strong></span> <span class='ocrx_word' id='word_1_723' title='bbox 1463 2904 1616 2935; x_wconf 71' lang='lat' dir='ltr'><strong>rogares,-</strong></span> <span class='ocrx_word' id='word_1_724' title='bbox 1642 2893 1668 2923; x_wconf 79' lang='lat' dir='ltr'><strong>is</strong></span> <span class='ocrx_word' id='word_1_725' title='bbox 1691 2901 1755 2934; x_wconf 75' lang='lat' dir='ltr'><strong>per</strong></span> 
     </span>
    </p>
   </div>
   <div class='ocr_carea' id='block_1_8' title="bbox 1875 3002 1920 3196">
    <p class='ocr_par' dir='ltr' id='par_1_34' title="bbox 1875 3002 1920 3196">
     <span class='ocr_line' id='line_1_128' title="bbox 1875 3002 1920 3196; textangle 90"><span class='ocrx_word' id='word_1_726' title='bbox 1875 3002 1920 3196; x_wconf 46' lang='lat' dir='ltr'><strong>aga-22</strong></span> 
     </span>
    </p>
   </div>
  </div>
 </body>
</html>
