1985 3206
219 69 271 114 75

220 171 361 209 virgines
380 171 530 207 Athonis,
549 180 622 209 quae
646 172 678 200 in
697 172 797 201 sacris
815 172 942 203 Cereris

219 215 364 244 canistra
381 215 527 244 ferebant
546 216 578 243 in
597 215 773 253 capitibus,
817 215 944 246 Statua?

220 258 472 297 hancfimzrmn
492 257 666 295 rqfi’renles
683 260 714 288 h.
732 260 752 287 l.
771 257 944 298 Canepho-

220 311 263 330 rae
275 302 442 331 (linuntur.
455 302 493 330 de
510 302 705 339 (oneplmris
720 312 750 332 v.
764 301 890 342 Spanlz.
900 303 945 333 ad

223 345 351 375 (vllim.
367 345 411 374 Η.
429 346 459 374 iu
481 346 639 375 (fererant.

267 389 432 424 canidius,
451 388 490 417 ad
508 389 582 418 niv.
601 399 630 417 x.
650 390 700 418 21.
735 388 863 427 legatus
882 389 943 420 Le-

219 431 286 471 pidi
306 431 429 467 lllviri,
448 438 503 461 aut
520 432 597 462 trib.
616 438 674 461 ant
689 432 796 461 simile
813 433 902 471 quid.

267 475 436 509 (falcidius,
453 486 477 504 s.
499 477 618 513 potius,
646 480 680 504 ul
697 480 834 514 pm‘cmt,
858 476 943 505 (sali-

217 518 301 554 dius,
326 518 366 547 ad
395 518 466 547 Div.
491 519 556 548 viii.
581 523 611 552 9.
644 518 797 548 disertus.
844 520 943 548 (Iani-

217 561 291 590 ‹lius
314 563 410 591 etiam
435 562 569 601 quddam
593 563 631 591 de
656 562 773 601 Lepidi
799 564 944 592 ὄψει-οῦκ

218 609 419 634 memoratur
442 606 486 634 ad
508 605 587 635 Dio.
611 616 642 635 x.
674 607 726 636 21.
765 607 820 644 [sui
843 607 945 645 legati

216 653 277 678 aut
293 650 416 678 tribuni
434 647 717 688 vncnerefunotus
733 650 871 686 videtur,
884 660 944 689 qno

219 702 294 721 usus
317 697 348 722 ec
374 692 516 732 Lepidus
538 693 584 722 ml
606 693 723 723 milites
750 693 942 732 incitandos,

217 739 253 765 ut
263 735 598 775 pacemflag'itarent.

266 780 300 809 (J.
335 778 502 816 Cominius,
534 780 662 816 Gallus,
687 779 727 809 ad
751 780 826 810 Div.
852 781 886 811 ii.
911 783 941 811 8.

218 832 237 852 a
262 823 421 853 Cicerone
445 823 647 853 defenditur.
672 823 726 853 vii.
755 826 782 853 l.
816 825 942 854 amicus

218 866 266 896 M.
286 867 442 896 Varronis
466 872 500 896 et
524 867 704 896 Ciceronis.
729 867 773 897 ix.
794 869 824 897 2.
848 868 878 898 6.
902 868 943 898 ad

217 910 293 940 Div.
314 911 334 940 i.
359 912 389 941 2.
420 911 496 940 trib.
520 910 565 950 pl.
589 910 785 940 Marcellino
809 915 844 941 et
867 911 943 941 Phi-

216 952 306 993 lippo
331 954 421 984 Coss.
445 954 524 984 ibid.
547 961 680 994 tempus
705 953 943 985 Caninianum.

215 998 270 1027 ubi
285 1007 314 1027 v.
332 996 466 1027 Manat.

263 1041 300 1071 T.
333 1041 503 1078 Caninius,
529 1041 673 1072 Rebilus.
706 1041 777 1072 Att.
803 1042 860 1072 xii.
889 1045 940 1076 37.

217 1084 346 1123 legatus
372 1085 509 1115 Caesaris
533 1085 567 1114 in
591 1085 708 1115 Gallia.
732 1085 774 1115 ad
793 1085 868 1115 Div.
886 1086 940 1116 vii.

217 1131 269 1158 30.
306 1128 430 1158 Consul
454 1129 537 1169 prid.
555 1128 630 1159 Kal.
654 1129 731 1159 Jan.
754 1138 841 1159 mmo
863 1133 941 1159 ante

216 1176 352 1201 mortem
374 1172 519 1202 Coesaris.

266 1216 426 1245 Caninius
443 1216 591 1253 Satrius,
609 1216 678 1247 Att.
697 1215 717 1246 i.
738 1219 766 1246 1.

265 1259 297 1289 G.
320 1260 452 1297 C'anius,
470 1260 533 1290 Off.
549 1260 595 1290 iii.
616 1263 665 1290 14.
701 1269 801 1299 eques
816 1260 939 1290 Roma-

218 1311 279 1332 nus
296 1303 423 1333 facetus
440 1308 473 1334 et
490 1304 654 1334 literatus.
684 1304 860 1343 Syracusas
876 1305 941 1334 oti-

217 1347 294 1376 andi
320 1357 418 1377 causa
444 1357 478 1377 se
503 1347 658 1377 contulit.
682 1347 722 1377 de
746 1347 803 1378 Or.
827 1348 861 1378 ii.
886 1348 939 1382 69.

217 1389 271 1420 ubi
288 1392 402 1429 vzzlggu
419 1392 537 1421 liabent
553 1392 713 1422 Caunios.

265 1435 453 1471 (onuleius,
469 1435 540 1465 Att.
557 1446 587 1465 x.
605 1439 635 1466 5.

261 1477 303 1506 L.
326 1479 514 1515 Camdeius,
531 1479 565 1508 in
583 1478 675 1508 Verr.
693 1479 727 1508 ii.
744 1482 796 1513 70.
813 1478 848 1508 in
864 1488 940 1519 por-

217 1526 254 1550 (u
271 1522 476 1560 Syracusano
492 1522 702 1562 publicanus.

259 1564 308 1594 M.
329 1566 517 1603 Canuleius,
534 1565 590 1596 ΒΓ.
606 1568 658 1600 92.

266 1609 375 1639 (anus
391 1620 416 1639 s.
436 1609 563 1640 Kanus.
587 1610 658 1640 Att.
674 1610 744 1639 xiii.
760 1612 813 1640 31.
836 1614 882 1640 est
897 1609 938 1649 Ω.

217 1651 344 1682 Gellius
362 1653 483 1683 Canus.
507 1664 537 1684 v,
553 1652 749 1683 Tunstallus
765 1664 797 1693 p.
818 1654 889 1684 162.

262 1695 305 1726 P.
327 1696 498 1734 Canutius,
516 1697 569 1727 ΒΓ.
586 1698 637 1728 56.
660 1697 761 1727 homo
784 1697 940 1728 disertus.

216 1739 393 1777 subjecisse
421 1741 545 1771 «licitur
572 1741 607 1770 P.
633 1741 777 1780 Sulpitio
806 1746 940 1771 mortuo

215 1785 394 1815 orationes.
408 1785 542 1815 Cluent.
562 1788 612 1815 18.
630 1785 872 1814 Scamandrum
886 1795 940 1814 ac-

217 1832 322 1858 cusat.
346 1828 389 1858 ib.
412 1832 459 1859 10.
487 1832 661 1858 aecusator
676 1828 865 1868 Oppianici.

262 1872 313 1902 Τι’.
335 1872 509 1909 Canutius,
529 1872 619 1911 (trib.
636 1871 695 1911 pl.)
716 1872 757 1902 ad
780 1872 857 1902 Div.
882 1872 938 1902 xii.

216 1918 246 1945 3.
266 1915 461 1946 Ciceronem
480 1916 644 1955 producit.
676 1916 755 1946 ibid.
772 1917 824 1946 23.
854 1915 938 1947 Phil.

216 1959 261 1989 iii.
277 1964 308 1993 9.
332 1970 362 1990 v.
380 1960 493 1990 Periz.
509 1960 550 1990 A.
567 1960 614 1990 H.
630 1969 657 1989 c.
674 1961 705 1990 2.

264 2003 383 2042 Capho,
401 2003 486 2033 Phil.
504 2014 535 2033 x.
556 2006 604 2033 10.
629 2003 673 2033 xi.
692 2007 722 2034 5.
749 2006 939 2033 veteranus.

214 2046 282 2077 viii.
300 2050 330 2077 3.
359 2047 399 2077 de
423 2056 522 2087 grege
546 2046 685 2077 Antonii
709 2046 844 2086 nebulo,
861 2056 940 2077 een-

214 2098 316 2121 turio.

263 2134 296 2164 C.
318 2135 441 2174 Capito,
459 2134 529 2165 Att.
546 2135 615 2164 xiii.
634 2138 685 2165 33.
717 2134 937 2164 Caesarianus.

215 2177 255 2207 ad
268 2179 343 2208 Div.
361 2179 428 2209 viii.
447 2182 476 2209 8.
501 2179 570 2209 xiii.
583 2181 636 2213 29.
651 2177 939 2218 cognomenfamz'-

214 2223 265 2251 Χία)
279 2222 390 2252 Ateice.
414 2233 445 2253 v,
460 2222 584 2253 Ateius.

259 2265 301 2295 L.
334 2266 455 2305 Capito,
482 2266 522 2306 Ω.
540 2266 591 2296 Fr.
616 2266 664 2295 iii.
692 2268 718 2295 1.
743 2268 772 2296 5.
797 2275 875 2295 cnm
900 2265 938 2296 C.

215 2308 376 2339 Memmio
391 2310 468 2339 trib.
485 2309 530 2349 pl.
548 2309 729 2339 Gabinium
747 2308 905 2349 postulat.

263 2353 394 2391 Capias,
412 2353 454 2383 ad
470 2353 546 2383 Div.
564 2354 619 2383 vii.
636 2355 688 2383 24.
706 2353 835 2383 histrio.
875 2352 941 2382 Sed

213 2397 389 2434 degendum.
401 2401 482 2435 puto
497 2396 625 2433 Catius,
642 2407 658 2426 e
673 2397 818 2434 vestigiis
832 2396 938 2426 MSS.

213 2441 270 2478 qui
293 2440 412 2470 liabent
439 2440 565 2470 Citius:
590 2441 654 2470 nisi
678 2441 713 2469 z'd
734 2444 780 2470 est
796 2449 859 2478 pro
885 2440 940 2469 Ci-

214 2483 300 2522 pius,
319 2489 357 2513 ut
384 2483 485 2513 habet
508 2484 624 2514 Festus
650 2484 683 2513 in
707 2493 771 2512 reon
793 2484 940 2513 omnibus

211 2527 347 2563 dormio,
364 2532 402 2556 w*
419 2529 529 2565 placet
544 2528 624 2557 Ant.
639 2528 838 2565 Augustino,
856 2528 941 2566 quod

212 2576 292 2600 esset
302 2570 447 2610 farnilm
476 2571 579 2610 Cipio,
597 2571 652 2601 sed
674 2580 736 2599 mm
754 2575 800 2599 est
815 2580 939 2600 neeesse

213 2623 328 2643 nomen
352 2615 387 2644 z'd
409 2625 473 2644 csse
482 2615 644 2654 fizmdioe,
661 2624 739 2644 culn
757 2614 811 2643 ille
828 2615 873 2644 sit
889 2614 939 2644 hi-

211 2659 303 2688 strio.

262 2702 414 2740 (alffius,
431 2701 511 2731 Nat.
528 2702 570 2732 D.
596 2702 642 2731 iii.
660 2703 712 2731 ⁶23.
740 2706 836 2741 pater
859 2701 940 2730 Dio-

212 2746 298 2785 nysi,
315 2755 373 2774 scu
391 2745 513 2775 Bacchi
531 2745 717 2783 cujusdam.

262 2789 374 2825 (sarim,
393 2789 434 2818 ad
457 2789 535 2819 Div.
552 2789 596 2818 ix.
612 2790 663 2819 21.
689 2797 863 2826 cognomen
876 2785 939 2826 fa-

213 2833 311 2861 milie>
328 2832 468 2871 Papiria*
480 2833 622 2872 plebeioe.
661 2832 715 2862 De
731 2833 793 2861 Ιιαι·
795 2830 939 2871 familia

211 2876 344 2917 epia-toda
367 2877 427 2906 illa
450 2877 584 2907 classica
607 2879 664 2906 θεέ.
709 2875 764 2907 De
785 2875 939 2906 Carboni-

748 76 891 110 INDEX
922 82 1202 112 l-ns'roRlcUS.

988 173 1046 202 bus
1082 174 1219 211 egregia
1255 174 1413 211 congessit
1447 173 1633 205 Vaillanlus
1669 175 1709 207 de

989 217 1096 246 Num.
1114 216 1208 246 Fam.
1226 215 1268 246 R.
1291 217 1348 246 sed
1367 227 1398 247 v.
1421 219 1507 257 impr.
1532 219 1644 249 peretz.
1666 221 1709 250 A.

987 260 1034 289 H.
1052 269 1079 289 c.
1097 262 1126 289 3.

1036 303 1068 332 (ἱ
1090 303 1203 337 (lm-lm,
1220 303 1357 334 Arvina.
1381 305 1421 334 ad
1445 305 1521 335 Div.
1546 306 1587 335 ix.
1613 308 1664 336 21.
1688 316 1708 336 a

986 345 1025 375 L.
1057 346 1261 385 Damasippo
1299 353 1440 387 praetore
1478 350 1605 378 occisus
1643 354 1706 379 est.

988 388 1082 418 Unus
1109 398 1126 417 e
1153 390 1359 421 (lai-bonitius
1387 392 1491 421 bonus
1519 392 1598 421 ciris
1630 392 1707 422 fuit.

988 432 1132 469 Pighius
1146 433 1191 462 ad
1205 433 1244 463 A.
1261 442 1393 464 DCinx.
1406 439 1507 474 putat
1522 435 1708 475 esse-filium

992 475 1073 511 Caii,
1091 477 1147 514 qul
1162 485 1183 505 a
1204 477 1318 507 Crasso
1332 483 1505 509 accusatus
1521 483 1577 508 est.

1035 519 1093 549 Cn.
1124 529 1182 549 seu
1219 520 1250 550 (J.
1285 521 1387 551 Carbo
1417 527 1451 551 ct
1482 522 1552 560 ejus
1589 521 1708 560 frater,

986 571 1111 599 scurra,
1128 563 1170 593 ad
1184 564 1260 594 Div.
1278 565 1321 594 ix.
1338 567 1390 596 21.
1415 565 1566 595 homines
1583 565 1708 606 impro-

987 605 1029 635 bi.

1035 649 1091 679 Cn.
1114 650 1225 687 Carbo,
1242 651 1283 680 ad
1306 652 1381 682 Div.
1401 652 1443 681 ix.
1460 654 1513 683 21.
1537 663 1557 682 a
1572 652 1619 683 M.
1638 653 1707 683 An-

985 693 1079 722 tonio
1126 700 1300 725 accusatus
1345 700 1534 725 atramento
1578 697 1709 726 sutorio

985 740 1096 766 sumto
1128 738 1280 768 moritur.
1326 739 1369 768 P.
1398 739 1573 769 Manutius
1604 745 1707 779 putat

985 788 1050 808 esse
1067 779 1191 810 Metelli
1219 781 1370 822 Caprarii.
1393 783 1427 811 z‘n
1449 786 1620 813 consulatu
1643 786 1707 814 col-

986 824 1104 861 legam.
1150 821 1251 864 Esar,
1276 829 1407 855 auctore
1442 825 1600 865 cicer-(me,
1629 829 1650 858 l.
1677 838 1705 858 c.

985 867 1126 906 tresfllz'i
1143 868 1175 896 ln·
1191 872 1269 898 sum
1280 880 1290 897 :

1034 910 1090 940 Cn.
1120 910 1232 948 Carbo,
1259 911 1333 942 Act.
1358 912 1378 942 i.
1403 912 1437 942 in
1463 912 1603 943 Verr.4.
1627 913 1709 943 Pro-

985 963 1075 984 cons.
1102 953 1231 992 Galliae,
1254 959 1418 993 quaestore
1440 955 1554 986 Verre.
1579 956 1618 985 de
1645 957 1703 987 Or.

984 997 1030 1026 iii.
1047 1000 1077 1027 3.
1109 1002 1162 1027 ter
1187 998 1310 1028 Consul
1334 998 1410 1029 suit.
1434 999 1474 1028 ad
1498 999 1574 1029 Div.
1591 1000 1634 1029 ix.
1651 1001 1705 1031 21.

984 1050 1003 1069 a
1020 1041 1080 1070 Cn.
1099 1041 1256 1081 Pompeio
1272 1041 1412 1082 Lilybaei
1429 1042 1626 1072 interfectus
1643 1050 1705 1074 est.

984 1084 1094 1114 Homo
1125 1085 1399 1124 improbissimus.
1446 1087 1489 1116 In
1517 1086 1587 1116 edd.
1613 1087 1706 1125 vulg.

982 1129 1057 1157 olim
1072 1133 1143 1158 erat
1162 1129 1195 1158 P.
1206 1138 1269 1167 pro
1286 1129 1347 1159 Cn.
1365 1139 1436 1168 (μα’
1452 1139 1504 1159 res
1524 1130 1576 1159 laic
1591 1130 1708 1160 turbas

982 1172 1142 1210 quasdam
1171 1172 1271 1209 dedet,
1301 1176 1339 1202 ut
1372 1173 1462 1213 apud
1497 1171 1631 1203 Manut.
1661 1174 1708 1204 ad

982 1216 1068 1245 hanc
1081 1217 1169 1254 epist.
1190 1225 1226 1254 p.
1243 1219 1295 1247 33.
1311 1216 1359 1246 ed.
1383 1218 1489 1246 Groev.
1506 1220 1536 1246 et
1554 1217 1707 1247 Vaillan—

981 1263 1052 1288 tum
1072 1259 1110 1290 T.
1131 1260 1181 1290 II.
1198 1269 1235 1300 p.
1259 1262 1333 1290 205.
1355 1261 1390 1290 in
1406 1261 1567 1291 Nummis
1583 1259 1705 1291 Fama.

982 1302 1076 1333 Rom.

1024 1346 1073 1377 M.
1095 1346 1207 1383 Carbo,
1223 1346 1265 1376 ad
1288 1347 1364 1377 Div.
1388 1348 1432 1377 ix.
1449 1349 1502 1377 21.
1527 1347 1562 1377 P.
1586 1347 1705 1378 Flacco

981 1396 1160 1420 accusante
1176 1390 1431 1422 condemnatur.
1476 1390 1542 1421 Fur
1562 1401 1706 1431 magnus

982 1443 1000 1463 e
1016 1434 1139 1464 Sicilia.

1030 1477 1062 1507 C.
1085 1478 1198 1515 Carbo,
1214 1478 1310 1508 Brut.
1326 1479 1366 1512 27
1372 1501 1379 1507 .
1395 1480 1447 1509 43.
1471 1477 1708 1517 eloquentissi-

982 1531 1068 1551 mus.
1085 1522 1142 1552 Or.
1160 1522 1181 1551 i.
1199 1524 1250 1552 34.
1274 1522 1343 1560 ejus
1360 1522 1615 1552 exercitationes
1632 1532 1705 1552 ora-

980 1565 1087 1595 toriae.
1118 1565 1212 1595 Brut.
1240 1567 1292 1596 25.
1327 1565 1374 1595 M.
1401 1564 1574 1595 AEmilium
1606 1566 1706 1605 Lepi-

982 1609 1062 1639 dum
1085 1609 1259 1638 Porcinam
1284 1608 1429 1638 studiose
1446 1608 1584 1639 audivit.
1608 1609 1664 1639 Or.
1682 1610 1706 1640 i.

985 1655 1034 1682 10.
1067 1652 1157 1682 Jnris
1185 1652 1289 1682 civilis
1315 1656 1350 1682 et
1375 1662 1507 1682 morum
1538 1653 1704 1691 majorum

982 1697 1117 1736 ignarus
1133 1696 1210 1726 fuit.
1240 1705 1320 1726 nam
1345 1696 1387 1725 iba·
1407 1706 1469 1735 pro
1497 1696 1558 1725 Cn.
1580 1707 1644 1727 esse
1660 1698 1704 1726 le-

979 1740 1127 1780 gendum
1151 1740 1188 1770 C.
1213 1750 1264 1769 res
1287 1741 1358 1779 ipsa
1385 1741 1529 1778 loquitur
1551 1744 1583 1769 et
1609 1740 1704 1770 MSti

984 1784 1140 1815 Lambini
1169 1784 1321 1822 probant.
1359 1784 1423 1813 vid.
1465 1783 1626 1813 Pearcz'us
1660 1783 1707 1814 (td

983 1829 1069 1857 Imm:
1080 1829 1195 1857 locam.
1218 1827 1274 1856 Or.
1288 1827 1321 1856 ii.
1334 1829 1386 1858 25.
1398 1827 1475 1857 trib.
1492 1826 1537 1867 pl.
1550 1837 1589 1856 eo
1600 1837 1704 1865 anno,

983 1881 1048 1910 quo
1070 1870 1144 1901 Tib.
1168 1870 1337 1900 Gracchus
1362 1880 1466 1900 caesus
1489 1875 1552 1908 est,
1570 1871 1706 1900 seditio-

982 1925 1037 1944 sus
1062 1915 1149 1953 fuit3
1175 1915 1210 1944 ir.
1235 1913 1411 1944 consulatu
1440 1919 1555 1944 autem
1579 1915 1704 1952 sanior,

982 1968 1061 1988 narn
1088 1959 1127 1989 L.
1152 1958 1338 1998 Opimium,
1363 1958 1419 1996 qui
1451 1958 1487 1988 C.
1514 1957 1705 1988 Gracchum

983 2002 1209 2038 interfecerat,
1250 2001 1292 2031 ad
1336 2000 1498 2041 populum
1543 2001 1707 2032 defendit.

983 2046 1056 2076 Mil.
1072 2049 1103 2077 3.
1126 2046 1251 2076 tribun.
1269 2044 1313 2085 pl.
1329 2045 1365 2075 P.
1382 2045 1577 2075 Africanum
1600 2046 1707 2075 inter-

983 2094 1079 2128 rogat
1108 2090 1143 2119 in
1168 2089 1340 2125 concione,
1364 2088 1444 2127 quid
1470 2088 1510 2118 de
1537 2088 1626 2118 caede
1652 2088 1706 2119 Ti.

983 2132 1124 2163 Gracchi
1140 2132 1275 2162 sentiat.
1302 2132 1358 2162 Or.
1376 2132 1410 2162 ii.
1426 2134 1479 2162 40.
1504 2132 1545 2162 ad
1568 2133 1644 2163 Div.
1660 2133 1706 2162 ix.

982 2179 1034 2208 21.
1060 2178 1093 2206 in
1119 2176 1208 2207 eaede
1235 2176 1269 2205 P.
1294 2175 1443 2205 Africani
1469 2176 1577 2206 socius
1603 2175 1706 2206 fuisse

982 2225 1121 2260 putatus
1145 2224 1206 2249 est.
1228 2220 1324 2250 Brut.
1348 2221 1400 2252 27.
1422 2222 1475 2249 43.
1498 2220 1591 2249 Verr.
1609 2219 1655 2249 iii.
1676 2223 1705 2250 1.

983 2264 1024 2294 ad
1040 2265 1115 2295 Div.
1133 2264 1176 2293 ix.
1194 2265 1246 2295 21.
1278 2273 1299 2293 a
1320 2262 1359 2293 L.
1377 2263 1494 2292 Crasso
1510 2264 1551 2292 ob
1571 2263 1706 2293 seditio·

983 2318 1061 2338 nem
1077 2307 1307 2337 Gracchanam
1331 2310 1519 2343 accusatus,
1537 2306 1707 2336 canthari-

983 2351 1039 2382 das
1063 2351 1185 2381 sumsit
1207 2355 1242 2380 et
1265 2360 1298 2379 se
1317 2349 1447 2389 judicio
1466 2351 1514 2379 ita
1529 2350 1706 2380 subtraxit.

982 2395 1022 2424 de
1039 2395 1147 2425 Amic.
1159 2396 1211 2426 25.
1236 2393 1345 2432 legem
1361 2393 1426 2422 fert
1443 2393 1482 2422 de
1498 2394 1642 2423 tribunis
1660 2393 1706 2434 pl.

983 2444 1033 2476 ut,
1058 2439 1188 2477 quoties
1218 2436 1320 2466 vellet
1350 2436 1456 2476 plebS‚
1483 2447 1538 2466 eos
1570 2438 1706 2466 reficere

982 2482 1109 2512 liceret.
1128 2481 1226 2511 Arch.
1251 2483 1283 2511 4.
1316 2479 1426 2519 legem
1453 2480 1519 2510 fert
1543 2490 1620 2510 cum
1644 2480 1707 2511 Sil-

981 2536 1066 2556 vano
1083 2526 1123 2556 de
1139 2525 1286 2555 civitate.

1031 2570 1064 2599 C.
1086 2570 1200 2605 (Ῑανὸο,
1230 2568 1263 2598 C.
1288 2567 1352 2598 Fz'l.
1380 2568 1440 2598 Cn.
1463 2568 1513 2598 N.
1541 2568 1637 2598 Brut.
1654 2568 1709 2599 62.

982 2623 1100 2653 parum
1117 2617 1235 2642 acutus
1253 2616 1376 2641 orator.

1026 2657 1072 2687 D.
1102 2655 1314 2696 Cavffllenus,
1332 2654 1417 2685 Phil.
1435 2655 1481 2685 iii.
1498 2660 1529 2690 9.
1553 2656 1706 2685 Senator.

982 2700 1023 2729 ad
1047 2700 1123 2730 Div.
1147 2711 1178 2729 x.
1203 2702 1255 2729 33.
1279 2698 1410 2737 legatus
1433 2699 1561 2735 Pansae,
1578 2699 1709 2729 interiit

982 2744 1017 2773 in
1040 2744 1156 2783 proelio
1180 2742 1367 2772 Mutinensi
1384 2742 1466 2772 duce
1484 2743 1601 2772 Pansa.
1636 2742 1708 2772 Att.

982 2797 1034 2816 xv.
1051 2789 1083 2817 4.
1107 2787 1241 2817 transiit
1263 2787 1303 2816 ab
1325 2786 1465 2816 Antonio
1484 2787 1529 2816 αιί
1555 2786 1708 2816 Octavia-

983 2840 1075 2860 num.

1032 2873 1228 2912 carneades,
1244 2873 1301 2904 Or.
1326 2873 1347 2903 i.
1366 2875 1414 2903 11.
1440 2873 1634 2913 Cyrenaeus,
1649 2881 1708 2903 au-
