1920 3196
237 94 320 133 238

238 194 417 224 devinciret
445 193 631 234 voluptate.
668 193 688 212 *
705 194 739 224 in
771 182 972 235 potestatem

237 247 335 267 suam
350 238 513 277 redigere,
526 243 564 267 ut
578 247 696 268 nocere
713 239 807 268 nobis
821 249 885 268 non
902 250 974 279 pos-

238 281 296 310 uit.
324 282 432 311 Pison.
454 285 503 312 13.
536 282 575 311 de
594 281 765 321 Pompeio,
784 283 837 320 qui
856 292 974 312 omncs

238 326 395 355 omnium
420 325 572 363 gentium
598 330 708 364 partes
731 325 836 356 trihus
854 327 974 356 trium-

238 367 315 408 phis
337 369 541 406 derina-erat,
558 368 583 398 is
600 379 634 397 50
653 370 686 398 in
705 369 838 408 publico
854 370 975 399 statuit

234 416 316 441 vtuto
353 422 423 442 esse
456 422 523 441 non
554 422 660 452 posse.
699 412 717 430 ³*
736 413 893 443 Ceterum
926 423 973 443 eae

237 455 356 486 formae
388 455 519 485 dicendi
552 456 742 495 frequentes
773 462 865 493 sunt,
897 467 974 486 cum

235 499 401 529 dewincire
414 510 454 528 eo
466 509 564 530 sensu
579 499 714 537 divitur,
733 510 797 538 quo
814 499 973 538 obligare,

238 542 462 582 obstringere,
481 549 519 573 ut
543 543 584 572 ad
606 544 683 574 Div.
701 544 769 573 xiii.
787 547 817 576 7.
841 554 974 573 summo

237 586 402 616 beneficio
441 587 502 616 tibi
540 587 674 626 tuisque
706 587 739 616 in
771 587 972 627 perpetuum

239 630 433 660 devinoecris.
458 630 498 660 de
523 640 589 669 qua
611 630 809 671 metaphora.
825 631 972 661 dicemus

239 673 365 713 aliquid
394 675 427 703 in
454 673 614 712 obligare.
659 674 735 704 Huc
765 675 866 704 ctiam
892 674 974 704 illud

241 717 329 747 refer
346 718 444 747 Dom.
470 720 520 747 51.
547 718 573 747 si
588 716 701 747 sedem
719 719 823 757 ipsam
837 728 875 747 ac
888 722 974 748 tem-

239 760 334 800 plum
365 760 489 800 publici
520 761 649 790 consilii
689 761 848 800 religione
886 762 973 791 Con-

239 805 360 834 cordiae
378 805 580 834 dez-insacsct.
603 805 684 834 item
711 805 790 835 Coel.
808 807 860 836 22⁷.
877 805 972 844 jure-

233 849 381 888 jurando
397 849 544 878 devincta
563 849 755 878 auctoritas.

283 893 473 923 Derim-tus.
497 891 590 921 Brut.
610 894 656 921 12.
679 902 739 922 nec
754 893 787 921 in
802 892 972 931 impeditis

239 945 277 965 ac
301 946 419 974 regum
445 935 674 965 dominatione
698 937 854 965 devinctis
880 937 969 965 nasci

238 980 405 1018 cupiditas
427 979 557 1009 dicendi
582 979 678 1010 solet.
704 980 796 1009 l’rov.
823 979 920 1009 Cous.
939 983 970 1010 Β.

238 1024 392 1052 nationes
417 1023 564 1052 nondum
592 1023 733 1061 legibus,
751 1027 784 1052 et
804 1023 879 1063 jure
901 1033 971 1052 cer-

238 1072 287 1103 to,
301 1077 362 1096 nce
378 1068 458 1096 satis
472 1068 569 1096 firma
581 1077 661 1106 pace
678 1067 841 1097 devinetce.
858 1066 970 1097 Plane.

241 1113 291 1140 15.
322 1111 498 1149 largitione
523 1111 685 1140 devinctas
708 1111 813 1140 tribus
837 1110 970 1140 habere.

237 1154 318 1184 ibid.
347 1158 395 1185 18.
425 1154 584 1193 suffragia
611 1153 786 1193 largitione
811 1155 968 1184 devincta.

236 1197 280 1227 ad
303 1199 379 1228 Div.
396 1209 448 1228 xv.
463 1200 494 1228 4.
512 1202 594 1227 extr.
611 1198 729 1228 studiis
745 1198 846 1228 dediti
865 1209 902 1228 ac
917 1199 972 1228 cle·

236 1243 347 1272 vineti.

282 1285 419 1316 Devius.
444 1285 525 1315 Lael.
543 1287 595 1316 25.
621 1285 752 1315 animus
768 1284 920 1315 flexibilis
936 1290 971 1315 et

237 1329 348 1359 devius
379 1330 615 1358 assentatoris:
653 1329 674 1358 i.
701 1339 730 1358 e.
762 1330 969 1366 inconstans,

237 1373 294 1411 qui
311 1383 397 1412 saepe
415 1376 590 1411 tamquam
610 1372 741 1403 aberrat
759 1383 777 1403 a
792 1374 856 1409 via,
873 1373 971 1403 aliter

237 1416 302 1446 alio
318 1421 469 1456 tempore
487 1416 567 1455 agit.
592 1416 676 1446 Phil.
695 1427 723 1447 V.
743 1419 790 1447 13.
818 1417 917 1446 1101110
935 1417 969 1447 111

237 1460 393 1490 omnibus
432 1460 577 1490 consiliis
609 1470 756 1500 praeceps
786 1465 821 1490 et
849 1461 969 1491 devius.

240 1503 368 1543 Fragm.
392 1504 493 1534 Acad.
511 1504 556 1534 iii.
573 1504 599 1533 si
625 1503 889 1534 liceret—vitam
915 1505 969 1534 (Ie-

234 1548 323 1577 victm
354 1548 476 1578 secutis
505 1548 669 1587 corrigere
694 1557 839 1577 errorem
863 1549 968 1588 poeni-

236 1591 350 1621 tendo.

280 1635 458 1666 Dezvoeare.
490 1635 584 1665 Prov.
613 1635 712 1664 Cous.
739 1637 788 1666 12.
818 1635 970 1666 devocare

238 1678 384 1718 aliquem
416 1678 455 1708 de
482 1679 662 1718 provincia.
696 1679 813 1708 Manil.
848 1682 896 1710 14.
928 1679 968 1709 ab

238 1723 394 1753 instituto
410 1733 507 1752 cursu
526 1723 566 1752 ad
589 1722 736 1762 praedam
754 1723 899 1762 aliquam
916 1724 969 1753 de-

236 1767 371 1796 meavit.
401 1766 501 1796 Tusc.
533 1777 563 1796 v.
596 1769 627 1796 4.
659 1766 809 1796 Socrates
841 1768 967 1806 primus

239 1809 482 1849 philosophiam
508 1810 669 1840 devocavit
693 1810 733 1839 de
757 1810 860 1840 coelo:
887 1810 919 1840 h.
937 1821 966 1840 c.

237 1853 335 1883 desiit
362 1854 400 1883 ‹le
429 1854 525 1884 rebus
553 1853 754 1892 coelestibus,
779 1855 876 1884 astris
907 1855 967 1884 ἃς.

237 1896 475 1937 philosophari.

280 1939 453 1971 Devolare.
477 1941 594 1981 Quint.
611 1944 662 1971 30.
690 1941 730 1970 ab
747 1941 869 1970 afflicta
885 1942 967 1970 ami-

237 1985 316 2014 citia
327 1985 550 2024 trarsfugere,
564 1992 598 2015 et
615 1984 656 2015 ad
674 1985 847 2014 florentem
866 1985 966 2015 aliam

235 2028 394 2058 devolare.

280 2071 469 2102 Devolvere.
501 2072 572 2102 Att.
600 2072 643 2102 ix.
674 2075 721 2102 10.
754 2071 966 2101 deliberatio-

236 2125 314 2146 nem
339 2117 526 2146 accuratius
551 2117 721 2146 devolvere.
752 2115 835 2145 Phil.
861 2116 915 2145 vii.
933 2119 965 2146 4.

237 2161 374 2190 devoluti
392 2160 471 2190 estis
489 2160 530 2189 ad
546 2170 638 2200 spem
655 2161 789 2190 inanem
807 2160 908 2199 pacis.

278 2204 463 2241 Devorare,
487 2204 606 2243 cupide
626 2203 749 2243 legere,
775 2204 913 2240 audirc3
940 2204 964 2232 i-

234 2251 305 2277 tem
323 2248 361 2277 de
379 2248 474 2277 rebus
488 2248 656 2285 omnibus,
671 2257 744 2287 quae
761 2247 854 2276 nobis
871 2247 964 2276 valde

233 2291 383 2331 placent,
398 2293 457 2321 &cz
477 2291 547 2321 Att.
566 2292 619 2321 vii.
638 2295 668 2322 3.
685 2292 839 2321 devorare
852 2290 965 2320 libros.

234 2335 324 2364 Sext.
343 2338 391 2364 10.
414 2336 551 2365 verbum
569 2336 676 2375 ipsum
694 2334 875 2374 voluptatis
892 2344 963 2364 om-

234 2379 332 2408 nibus
356 2379 461 2408 modis
484 2379 587 2408 animi
612 2386 646 2409 et
665 2379 811 2417 corporis
834 2379 964 2408 devora-

232 2423 298 2453 bat.
327 2423 382 2452 ubi
406 2423 471 2452 vid.
496 2423 682 2452 Abramius.
711 2422 729 2439 ¹*
745 2422 890 2461 perferre
914 2432 964 2451 res

233 2476 349 2506 graves
363 2469 397 2495 et
409 2467 576 2496 molestas.
593 2467 687 2504 item,
701 2465 809 2495 facere
827 2465 964 2504 aliquid,

232 2520 437 2549 quamquam
461 2510 652 2540 molestum.
684 2509 768 2539 Phil.
794 2510 834 2538 vi.
851 2510 880 2539 6.
911 2509 963 2538 de-

229 2564 349 2584 vorare
376 2553 575 2584 molestiam.
606 2554 701 2584 Brut.
727 2554 778 2586 67.
811 2553 965 2582 devorare

232 2597 394 2628 stultitias
409 2603 443 2628 et
459 2598 600 2638 ineptias
617 2597 804 2627 hominum.
832 2595 904 2626 Att.
921 2597 962 2626 iv.

233 2645 265 2673 5.
297 2642 424 2671 dudum
449 2641 673 2678 circumrodo,
697 2640 784 2679 quod
807 2640 963 2669 devoran-

230 2686 312 2716 dum
341 2690 402 2715 est.
432 2686 627 2724 *decoqum
659 2685 700 2714 ad
731 2684 806 2714 Diva
840 2684 882 2713 xi.
910 2686 962 2714 21.

231 2729 319 2759 hanc
337 2731 442 2769 ipsam
461 2740 529 2759 rem
549 2734 719 2759 recentem
738 2737 855 2756 novam
873 2727 963 2756 dero-

230 2775 330 2804 ravz't.
357 2776 375 2794 Ῥ
392 2774 573 2812 praecipere
595 2773 722 2809 animo,
740 2771 779 2801 de
796 2771 835 2800 iis
853 2771 963 2809 rebus,

228 2827 313 2856 quas
337 2822 427 2846 certe
449 2826 622 2857 speramus
639 2825 697 2845 nos
714 2818 963 2844 consecuturos.

231 2861 333 2891 Dom.
351 2863 403 2891 93.
427 2861 581 2891 ‹lemma-e
597 2859 722 2898 aliquid
738 2868 794 2897 spe
811 2862 843 2887 et
859 2859 964 2888 avari-

228 2904 289 2936 tia.
313 2905 407 2935 verr.
420 2906 440 2935 i.
457 2908 508 2935 51.
533 2904 673 2945 quijam
687 2912 744 2942 spe
759 2908 793 2932 et
806 2902 962 2942 opinione

752 105 899 134 INDEX
929 103 1065 134 LATIN
1071 105 1210 135 1TA¹r¹s
1218 124 1227 135 .

1020 195 1111 224 illam
1138 195 1284 234 proedam
1313 197 1503 230 devorasset.
1536 200 1556 220 *Β
1575 199 1671 232 Brut.
1698 203 1750 234 89.

1017 240 1088 278 ejus
1118 240 1225 269 oratio
1249 240 1352 271 nimia
1377 242 1535 283 religione
1559 250 1749 284 attenuata,

1017 282 1126 312 doctis
1149 288 1184 313 et
1208 287 1337 313 attente
1358 286 1569 318 audientibus
1587 294 1658 320 erat
1676 289 1753 319 illu-

1017 326 1094 355 stris
1109 337 1118 364 ;
1142 336 1160 355 a
1178 326 1397 359 multitudine
1414 337 1525 361 autem
1543 337 1577 361 et
1593 332 1676 370 foro,
1695 333 1748 364 cui

1018 375 1097 399 nata
1114 373 1164 400 est
1187 370 1390 409 eloquentia,
1407 375 1624 405 devorabatur
1638 389 1646 405 :
1671 376 1704 405 h.
1718 387 1750 407 e.

1017 413 1215 443 audiebatur
1245 415 1392 454 quidem,
1419 418 1476 447 sed
1510 419 1566 456 ita,
1594 425 1633 449 ut
1666 419 1749 450 nihil

1017 456 1199 496 voluptatis
1229 458 1374 497 afferret,
1398 465 1432 491 et
1456 472 1474 492 a
1498 472 1592 502 paene
1623 463 1748 501 invitis,

1017 509 1124 538 neque
1153 500 1403 541 intelligebatur
1426 505 1520 542 adeo,
1546 511 1604 535 aut
1627 507 1749 536 sentie-

1016 544 1115 573 batur
1127 545 1197 581 ejus
1210 545 1274 575 vis:
1294 548 1576 584 quemadmodum
1590 550 1644 588 qui
1660 549 1748 580 cibos

1016 587 1168 617 insuaves
1180 590 1364 620 necessario
1374 591 1569 629 comedunt,
1581 602 1646 622 non
1658 603 1748 623 com-

1016 631 1163 661 minutos
1188 636 1221 661 et
1239 637 1388 671 gustatos
1405 635 1609 674 deglutiunt.
1627 636 1667 665 de
1684 636 1747 667 hoe

1016 684 1137 713 genere
1162 675 1293 706 dicendi
1318 678 1434 708 Cicero
1458 678 1529 709 aliis
1555 679 1634 710 locis
1652 680 1747 718 dicit,

1019 717 1175 748 abhorret
1193 730 1212 748 a
1223 721 1376 759 populari
1392 723 1532 753 ratione.

1058 761 1235 800 Davom-e,
1251 763 1420 795 devovere.
1448 766 1564 797 Parad.
1581 768 1601 797 i.
1616 769 1646 797 9.
1672 777 1753 805 quae-

1015 805 1063 834 vis
1090 806 1196 835 filium
1225 807 1347 847 (Decii)
1375 810 1544 840 devotavit.
1572 811 1625 839 Sic
1651 810 1745 840 MSS.

1015 853 1049 878 et
1082 850 1156 879 edd.
1184 857 1324 881 veteres.
1353 863 1380 881 v.
1409 853 1542 884 Gruter.
1569 854 1611 883 ad
1638 854 1746 884 Plaut.

1016 893 1297 925 camn.n.6.36.
1473 925 1477 929 .
1784 894 1787 897 ’

1057 936 1200 966 [heolin.
1224 938 1302 967 Nat.
1320 939 1362 968 D.
1382 938 1428 968 iii.
1443 940 1473 969 6.
1497 946 1536 970 tu
1553 944 1665 970 autem
1683 941 1744 970 eti-

1014 990 1068 1009 am
1086 981 1266 1010 De‹·io1·um
1281 982 1493 1013 devotionibus
1505 984 1581 1014 deos
1598 983 1746 1023 placatos

1014 1034 1084 1053 esse
1109 1034 1234 1054 censes.
1265 1026 1365 1055 Dom.
1390 1029 1441 1060 57.
1474 1027 1559 1057 hanc
1580 1038 1640 1067 ego
1657 1029 1746 1057 devo-

1013 1069 1131 1097 tionem
1159 1069 1276 1108 capitis
1306 1069 1370 1098 mei
1398 1071 1583 1101 convictam
1612 1081 1682 1101 esse
1709 1076 1745 1101 et.

1014 1112 1224 1141 commissam
1242 1113 1378 1152 putabo.
1396 1124 1425 1143 v.
1444 1124 1520 1144 mox
1536 1115 1707 1145 devovere.

1056 1154 1235 1192 Devoveoe,
1266 1157 1396 1196 proprie
1436 1157 1522 1188 idem
1561 1164 1623 1196 est,
1656 1157 1744 1197 quod

1012 1209 1133 1229 vovere.
1158 1199 1222 1229 vid.
1240 1210 1268 1228 v.
1283 1210 1310 1229 c.
1335 1200 1398 1230 Off.
1417 1202 1462 1231 iii.
1481 1203 1532 1232 ²25.
1557 1202 1675 1232 deinde
1693 1206 1744 1232 est

1013 1243 1111 1272 certis
1130 1243 1245 1273 ritibus
1263 1253 1296 1273 se
1313 1245 1426 1282 morti,
1444 1256 1469 1274 s.
1487 1245 1614 1275 Telluri
1630 1250 1665 1275 et
1681 1246 1743 1275 diis

1013 1287 1179 1324 manibus,
1190 1297 1395 1325 consecrare,
1407 1299 1464 1328 pro
1480 1288 1588 1319 salute
1603 1289 1744 1329 reipubl.

1012 1336 1046 1359 et
1073 1330 1219 1370 pernicie
1247 1332 1316 1368 ejus
1347 1332 1459 1371 aliqua
1488 1338 1521 1362 et
1553 1333 1744 1363 calamitate

1012 1374 1212 1404 avertenda:
1246 1375 1285 1404 (le
1310 1385 1374 1413 quo
1398 1380 1447 1406 est
1470 1375 1562 1406 locus
1587 1377 1742 1407 classicus

1012 1427 1064 1457 ap.
1085 1418 1155 1447 Liv.
1173 1418 1238 1448 viii.
1255 1423 1286 1452 9.
1308 1422 1355 1450 10.
1384 1419 1454 1449 fin.
1472 1421 1504 1449 ii.
1528 1423 1576 1454 19.
1604 1431 1681 1450 cum
1709 1430 1743 1450 se

1012 1461 1136 1491 Decius
1159 1462 1332 1492 devoveret.
1357 1464 1444 1493 unde
1462 1463 1510 1493 illi
1525 1464 1627 1493 etiam
1643 1468 1744 1504 caput

1011 1514 1108 1534 suum
1134 1506 1282 1536 devovere
1299 1506 1471 1544 dicuntur,
1488 1508 1544 1546 qu'.
1561 1517 1594 1537 se
1613 1515 1671 1537 aut
1687 1518 1744 1548 pe-

1012 1548 1123 1578 riculis
1141 1550 1293 1579 maximis
1311 1550 1476 1590 intrepide
1493 1561 1553 1591 pro
1565 1553 1672 1591 patria
1685 1552 1743 1581 ob-

1006 1593 1146 1631 jiciunt,
1163 1598 1201 1622 ut
1225 1593 1367 1631 faciunt,
1392 1595 1447 1633 qui
1471 1604 1505 1624 se
1529 1595 1743 1625 devoverunt.-

1010 1636 1104 1676 Quir.
1129 1647 1160 1676 p.
1186 1637 1267 1667 Red.
1296 1640 1321 1667 1.
1347 1648 1422 1667 cum
1448 1648 1501 1667 me
1524 1638 1743 1678 fortunasque

1013 1690 1101 1709 meas
1116 1690 1174 1719 pro
1186 1685 1295 1710 vestra
1308 1682 1555 1719 incolumitate,
1565 1685 1646 1719 otio,
1663 1692 1742 1712 con·

1013 1724 1124 1753 cordia
1150 1724 1278 1754 devovi:
1310 1730 1368 1754 aut
1395 1729 1510 1755 votum
1536 1726 1680 1763 faciunt,
1706 1727 1740 1756 in

1011 1777 1076 1805 quo
1107 1771 1209 1807 caput
1239 1778 1350 1805 suum,
1379 1773 1551 1808 tamquam
1583 1769 1743 1808 hostiam,

1010 1811 1084 1840 Diis
1115 1812 1273 1848 offerunt,
1301 1813 1395 1850 cujus
1426 1813 1616 1852 exemplum
1648 1823 1743 1852 egre-

1009 1855 1102 1893 gium
1127 1860 1176 1884 est
1193 1866 1241 1895 pr.
1260 1857 1359 1886 Dom.
1376 1866 1404 1886 c.
1422 1859 1473 1890 57.
1504 1856 1641 1886 ducitur
1664 1857 1741 1887 hinc

1010 1899 1113 1927 etiam
1137 1899 1228 1928 1115115
1254 1898 1309 1929 ille
1335 1900 1503 1929 Ciceronis
1532 1900 1617 1930 Phil.
1641 1902 1684 1930 xi.
1709 1901 1741 1932 6.

1010 1941 1119 1971 videte
1144 1943 1247 1972 etiarn
1273 1943 1307 1972 P.
1331 1944 1427 1974 Decii
1449 1944 1658 1974 auctionem:
1685 1945 1742 1983 qui

1010 1985 1176 2023 majorum
1201 1997 1337 2016 suorum
1362 1988 1503 2026 vestigia
1526 1997 1741 2027 persequens,

1008 2039 1068 2068 1110
1086 2030 1195 2059 alieno
1212 2040 1246 2059 se
1263 2040 1326 2060 aere
1341 2031 1474 2062 devovit.
1497 2030 1636 2061 *Divim
1655 2033 1674 2061 i.
1687 2034 1743 2064 48.

1010 2072 1088 2102 hinc
1110 2074 1236 2103 Remus
1261 2075 1408 2114 auspicio
1432 2085 1466 2104 se
1491 2075 1638 2105 devovet:
1662 2075 1695 2105 h.
1712 2085 1742 2105 0.

1010 2117 1157 2155 auspicio
1172 2118 1332 2157 capiendo
1344 2128 1377 2147 se
1391 2119 1546 2157 accingit.
1562 2129 1601 2148 ex
1615 2119 1736 2150 EnniO.

1054 2159 1211 2197 Devotus,
1238 2161 1436 2192 destinatus.
1468 2161 1614 2202 Harusp.
1643 2163 1682 2193 R.
1710 2166 1742 2193 3.

1011 2203 1161 2241 Clodius,
1178 2205 1290 2235 devota
1313 2205 1423 2235 Annio
1444 2205 1553 2235 hostia
1568 2210 1602 2235 et
1616 2207 1742 2236 consti-

1010 2253 1105 2277 tuta:
1131 2249 1163 2278 h.
1178 2258 1206 2278 e.
1225 2259 1325 2287 quem
1350 2253 1440 2279 certo
1464 2250 1558 2279 video
1574 2250 1614 2279 ab
1630 2250 1741 2280 Annio

1010 2291 1136 2321 Milone
1155 2293 1371 2322 interfectum
1390 2293 1443 2323 iri.

1050 2335 1154 2371 Deus,
1172 2337 1227 2374 qui
1247 2336 1279 2365 in
1298 2336 1408 2375 aliquo
1425 2346 1546 2376 genere
1563 2337 1740 2375 insigniter

1008 2379 1151 2409 excellit.
1179 2381 1236 2409 Or.
1254 2380 1274 2408 i.
1292 2382 1344 2410 ⁶23.
1372 2381 1406 2410 ii.
1422 2383 1475 2410 4⁶2.
1502 2380 1521 2398 *Ψ
1536 2380 1741 2410 benefactor.

1007 2423 1101 2462 Quir.
1120 2434 1151 2463 p.
1168 2423 1207 2453 R.
1228 2426 1257 2454 5.
1274 2423 1439 2454 Lentulus
1457 2424 1586 2460 consul,
1605 2433 1737 2463 parens,

1007 2467 1098 2503 deus,
1116 2466 1204 2497 salus
1221 2467 1295 2497 vitae
1315 2473 1448 2498 nostrae.
1472 2468 1491 2485 *ἓ
1503 2468 1598 2498 Deus
1612 2472 1663 2497 est
1678 2468 1739 2497 eti-

1007 2520 1059 2540 am
1080 2510 1119 2539 de,
1135 2510 1279 2541 feminis.
1304 2511 1406 2541 Tusc.
1423 2512 1443 2541 i.
1457 2514 1510 2545 47.
1535 2511 1575 2541 dc
1591 2511 1738 2541 1111110110.

1007 2554 1049 2583 cf.
1067 2553 1200 2583 Iuvent.
1215 2555 1247 2584 ii.
1265 2558 1317 2585 31.
1346 2556 1398 2585 Sic
1415 2556 1518 2585 etiam
1535 2554 1641 2584 Graeci
1659 2554 1737 2588 305⁶.

1050 2598 1221 2634 De.1'lellu‚
1235 2599 1362 2628 amicus
1380 2598 1498 2628 fidelis.
1521 2599 1593 2629 Att.
1606 2599 1669 2629 xiV.
1685 2600 1737 2629 20.

1006 2641 1046 2681 Ω.
1065 2641 1151 2670 filius
1169 2642 1307 2671 Antonii
1324 2648 1373 2674 est
1390 2643 1541 2672 dextella.

1049 2684 1229 2722 Diadema,
1246 2690 1297 2715 est
1319 2686 1421 2716 fascia
1444 2686 1531 2723 alba,
1553 2695 1620 2724 qua
1636 2690 1738 2724 caput

1007 2728 1161 2758 redimire
1180 2738 1273 2768 reges
1289 2729 1367 2759 olim
1385 2729 1559 2767 solebant3
1584 2728 1672 2758 unde
1689 2729 1739 2758 in-

1006 2772 1100 2810 signe
1114 2773 1213 2811 regiae
1227 2774 1400 2812 potestatis
1411 2774 1603 2813 putabatur.
1620 2771 1738 2811 ltaque

1006 2817 1108 2845 etiam
1134 2816 1300 2854 Ciceroni,
1317 2820 1356 2847 ut
1378 2817 1419 2846 ad
1441 2817 1593 2847 Atticum
1610 2816 1737 2854 scribit,

1005 2859 1116 2889 fasciae
1135 2864 1271 2889 cretatae
1289 2860 1437 2900 Pompeii
1455 2861 1487 2890 in
1507 2860 1656 2890 cruribus
1672 2859 1738 2890 dis-

1006 2902 1189 2943 plicebant,
1207 2903 1295 2942 quod
1310 2904 1470 2945 potentiae
1495 2913 1612 2944 parum
1631 2902 1735 2933 civilis
