1920 3196
663 104 811 133 INDEX
844 102 1139 131 LATINITATIS.

126 196 169 226 iv.
193 196 246 227 23.
277 194 383 234 *ibid
407 195 441 225 ii.
466 196 514 230 19.
545 192 634 223 brevi
658 192 862 234 subjectione,

127 236 150 270 i.
167 249 195 270 e.
211 239 417 278 expositione
432 238 594 276 subjecta,
613 237 734 267 addita.

172 281 351 323 Subjeclor,
368 281 531 312 falsarius.
562 280 661 311 Catil.
678 281 711 311 ii.
726 282 758 312 4.
791 281 863 320 quis

129 330 410 356 testamentorum
426 323 592 366 subjector.
617 325 678 354 &c.

171 367 349 410 Subjectus.
381 369 437 399 Or.
456 369 477 398 i.
499 371 547 399 12.
577 368 752 398 verborum
776 366 863 396 soni-

126 416 182 442 tus
207 412 327 449 inanis,
352 412 446 442 nulla
470 410 613 453 subjecta
637 411 807 442 sententia
830 414 865 440 et

126 456 285 485 scientia:
309 455 341 485 h.
353 466 382 485 e.
395 456 488 495 cujus
506 454 618 485 nullus
634 464 750 485 sensus
766 454 863 483 inest.

127 498 206 528 ibid.
222 500 274 530 46.
299 500 407 529 omnis
424 499 495 529 haec
510 499 721 537 antiquitatis
738 507 865 527 memo-

127 542 176 572 ria
190 546 223 571 et
239 542 325 580 juris
342 542 467 582 publici
484 543 678 580 auctoritas,
696 546 730 572 et
746 550 864 581 regen-

126 585 177 616 dae
201 586 341 626 reipubl.
366 587 450 616 ratio
473 593 507 616 et
530 586 684 623 scientia,
700 591 862 624 tanquam

127 628 240 668 aliqua
262 630 431 667 materies,
448 630 486 659 iis
503 629 702 667 oratoribus,
721 630 776 668 qui
793 638 864 658 ver-

126 676 243 703 santur
266 674 300 703 in
328 673 510 713 republica,
535 671 678 712 sabjecta
707 682 777 702 esse
808 672 864 701 de-

127 716 226 746 bent:
253 717 284 747 h.
303 727 331 746 e.
348 717 382 746 in
399 721 546 757 promtu,
561 721 651 747 nota.
677 716 794 746 Partit.
814 718 862 746 ll.

126 759 225 799 hujus
250 761 354 800 igitur
380 760 530 790 materiae
560 760 602 790 ad
625 764 864 799 argumentum

124 801 294 843 subjectce:
319 804 351 834 h.
367 814 395 834 e.
413 810 514 844 aptae,
530 810 667 844 paratae.

171 846 348 888 Sztbjiccre,
365 848 404 878 de
429 849 601 888 speciebus
618 847 746 878 ratione
763 856 863 887 gene-

126 891 182 921 ris.
213 891 314 922 Tusc.
340 893 381 921 iv.
398 895 428 925 7.
460 891 768 932 perturbationibus
791 892 863 920 sub-

115 932 284 975 ficiuntur
299 940 410 975 partes
427 935 575 974 ejusdem
593 936 722 974 generis
740 934 861 974 plures.

125 978 182 1008 Or.
198 978 219 1008 i.
232 980 284 1009 42⁷.
305 983 417 1018 partes
434 983 548 1009 autem
566 983 657 1016 sunt,
673 988 746 1018 qute
763 988 864 1017 gene-

127 1021 216 1052 ribus
235 1022 289 1059 iis,
306 1032 345 1052 ex
363 1022 482 1060 quibus
497 1027 671 1059 emanant,
688 1020 864 1063 subjiciun-

125 1069 191 1095 tur.
223 1066 292 1095 *de
320 1066 502 1103 sententia,
527 1075 599 1104 quae
629 1066 716 1096 inest
744 1066 862 1096 verbis.

124 1108 197 1139 Pin.
221 1109 254 1138 ii.
275 1112 323 1139 15.
353 1109 414 1139 sub
437 1109 499 1139 hac
523 1119 615 1147 voce,
641 1119 715 1147 quae
731 1110 775 1139 sit
789 1110 864 1139 sub-

115 1149 263 1193 jicienda
281 1154 459 1183 sententia.
484 1152 562 1182 ibid.
577 1155 607 1184 2.
631 1162 704 1191 quae
718 1163 768 1183 res
786 1153 863 1183 huic

125 1196 196 1226 voci
220 1195 426 1237 subjiciatur.
455 1199 623 1226 *monere
651 1196 796 1235 aliquem
823 1197 863 1226 de

124 1249 174 1276 re,
202 1241 297 1280 cujus
327 1240 450 1270 oblitus
482 1246 545 1278 est,
574 1241 668 1279 cujus
700 1240 864 1270 recordari

125 1284 253 1322 nequit.
284 1283 377 1314 Verr.
402 1294 432 1314 v.
453 1287 501 1314 10.
533 1285 630 1323 cupio
651 1283 733 1313 mihi
751 1284 863 1314 abillo

123 1325 249 1367 subjici,
274 1328 300 1357 si
331 1327 411 1366 quid
441 1333 613 1368 praetereo.
648 1328 864 1358 *obnoxium

124 1370 272 1400 reddere.
305 1370 417 1400 Planc.
448 1374 499 1402 23.
529 1368 685 1411 subjicere
712 1372 864 1402 fortunas

126 1415 358 1444 innocentium
387 1415 474 1445 fictis
498 1414 738 1451 auditionibus,
769 1416 825 1446 Or.
843 1416 864 1446 i.

123 1458 178 1488 46.
196 1457 302 1488 scelus
319 1458 459 1488 dicendo
470 1456 629 1498 subjicere
641 1458 716 1489 odio
730 1459 863 1490 civium.

125 1504 145 1522 ’ἓ
160 1501 259 1531 Dom.
283 1503 335 1533 20.
369 1508 405 1532 ut
428 1512 484 1532 rex
509 1503 648 1542 Cyprius
674 1513 751 1533 cum
769 1503 864 1533 bonis

125 1545 281 1575 omnibus
330 1545 392 1575 sub
439 1549 592 1586 praee'one
638 1544 864 1586 subjiceretur.

125 1588 243 1628 Quint.
277 1592 326 1620 15.
361 1590 454 1628 cujus
485 1599 553 1620 non
581 1589 679 1620 modo
705 1590 863 1628 fortunae,

125 1632 183 1662 sed
198 1633 301 1662 etiam
318 1633 424 1663 victus
438 1634 645 1672 vestitusque
658 1635 864 1665 necessarius

125 1676 188 1706 sub
205 1685 358 1715 praecone
373 1675 533 1718 subjectus
547 1680 608 1707 est.
624 1678 710 1707 ratio
727 1677 864 1716 loquen-

126 1719 159 1749 di
191 1720 267 1749 inde
298 1719 399 1750 ducta
428 1725 492 1758 est,
516 1720 604 1760 quod
635 1731 744 1761 praeco
775 1727 864 1752 stare

126 1762 253 1794 solebat
277 1763 311 1793 in
335 1763 458 1804 lapide,
482 1768 522 1794 ut
544 1765 586 1794 ab
609 1765 763 1795 omnibus
787 1775 865 1795 con-

127 1806 207 1846 spici
230 1813 351 1847 posset.
369 1817 398 1837 v·
414 1808 527 1847 Lapis.
556 1807 575 1825 ²*
587 1808 621 1837 in
639 1818 756 1838 manus
774 1808 864 1848 dare,

127 1847 304 1890 porrigere.
334 1851 433 1882 Arch.
463 1854 512 1882 10.
543 1861 642 1890 quem
662 1862 721 1882 nos
739 1852 773 1882 in
788 1862 866 1882 con-

127 1894 222 1924 cione
246 1894 401 1932 vidimus,
427 1905 504 1925 cum
528 1896 558 1925 ei
582 1895 732 1926 libellum
757 1896 864 1927 nialus

125 1941 227 1976 poeta
249 1938 288 1968 de
312 1939 436 1979 populo
458 1937 636 1980 subjecisset
664 1940 723 1970 &c.
753 1939 865 1979 *Leg-

128 1981 162 2011 ii.
185 1985 233 2012 153.
265 1983 291 2012 si
316 1982 355 2011 ad
378 1988 502 2012 terram
526 1983 690 2013 tuendam
714 1983 865 2022 ferroque

125 2023 358 2066 subjiciendam
384 2027 631 2065 superstitionis
658 2026 784 2066 aliquid
811 2037 866 2057 ac-

129 2069 274 2099 cesserit.
304 2069 480 2100 Manutius
506 2071 677 2110 reposuit:
710 2071 866 2110 subigen-

127 2111 219 2150 dam,
229 2122 268 2142 ex
281 2112 364 2142 libro
377 2113 530 2152 antiquo,
539 2113 755 2153 probantibus
765 2115 866 2145 Lam-

127 2156 218 2194 bino,
235 2156 302 2186 Dav
310 2157 380 2187 isio.
411 2157 570 2196 Subigere
594 2157 749 2187 usitatius
765 2163 815 2188 est
831 2159 866 2188 iu

126 2199 190 2229 hac
213 2210 260 2237 re,
277 2200 335 2230 sed
351 2210 411 2230 nec
434 2199 589 2241 subjicere
605 2205 655 2231 est
671 2201 865 2239 absurdum,
887 2200 890 2201 ⁷

127 2243 215 2282 quod
238 2244 273 2273 iu
298 2244 412 2274 inultis
434 2244 591 2283 loquendi
616 2244 731 2275 formis
751 2250 814 2284 est,
831 2247 865 2275 in

127 2287 247 2327 quibus
264 2294 298 2317 et
315 2288 468 2327 subigere
486 2287 619 2318 dicitur.

173 2330 320 2368 Subilus,
337 2331 583 2371 extemporalis.
607 2332 666 2362 Or.
689 2332 709 2363 i.
735 2335 789 2363 33.
811 2343 865 2363 sec-

128 2375 194 2404 him
210 2379 244 2404 et
258 2375 399 2405 fortuita
414 2375 530 2405 oratio.
548 2376 591 2406 ib.
608 2376 865 2406 exercitationes

127 2419 249 2448 subitoe.
280 2418 299 2437 ²¹⁶
313 2419 354 2448 ad
371 2420 446 2449 Div.
464 2419 532 2449 xiii.
550 2420 580 2449 ²2.
612 2425 750 2459 propter
765 2430 866 2459 opera

126 2462 285 2492 instituta
307 2462 416 2493 multa
439 2462 636 2501 multorum,
653 2463 796 2494 subitum
814 2468 866 2495 est

127 2505 158 2535 ei
174 2506 354 2545 remigrare
372 2505 447 2536 Kal.
464 2506 583 2545 Quint.

172 2548 393 2590 Subjungere,
425 2550 598 2588 subjicere.
637 2549 732 2579 Verr.
761 2550 782 2579 i.
813 2551 865 2580 21.

127 2592 252 2623 inultas
281 2594 375 2623 urbes
402 2591 569 2633 subjunsit
597 2593 659 2623 sub
684 2593 864 2632 imperium

126 2646 203 2676 pop.
228 2637 267 2667 R.
299 2637 391 2667 Orat.
412 2638 432 2667 i.
450 2640 502 2666 50.
534 2638 559 2666 si
578 2637 651 2676 jam
675 2646 790 2666 omnes
815 2646 867 2666 ar-

126 2684 178 2709 tes
203 2677 402 2720 subjungere
429 2680 568 2711 velimus
598 2680 742 2710 oratori:
776 2680 808 2710 h.
836 2690 866 2711 e.

126 2724 156 2753 ei
187 2723 293 2754 inesse
324 2724 456 2761 debere,
483 2730 642 2754 statuere.
678 2723 750 2753 *de
779 2723 866 2753 ordi-

125 2776 181 2805 ne,
206 2767 301 2797 serie.
332 2768 413 2798 Har.
440 2769 480 2798 R.
512 2771 562 2801 17.
596 2766 667 2798 haec
696 2776 765 2797 csse
792 2768 867 2798 sub-

118 2820 165 2841 wz
189 2815 255 2849 cea,
273 2812 294 2840 i.
311 2822 341 2841 e.
358 2812 464 2850 sequi.

171 2854 318 2892 Summe,
345 2854 445 2892 elate,
466 2854 648 2893 jactanter.
683 2853 783 2886 Dom.
811 2854 865 2885 36.

128 2897 211 2930 nihil
227 2898 274 2934 ‚de
298 2908 352 2930 me
376 2908 525 2947 unquam
544 2898 611 2930 dixi
627 2899 800 2939 sublatius,
816 2908 867 2930 as-

908 190 1071 221 ciscendfe
1089 189 1194 220 laudis
1212 199 1312 220 causa
1327 189 1452 230 potius,
1465 199 1566 229 quam
1583 191 1649 221 cri-

906 235 1006 264 minis
1033 233 1233 274 depellendi.
1265 233 1333 263 *de
1363 243 1485 272 genere
1515 234 1649 266 dicendi

904 279 1046 308 sublimi.
1069 278 1166 308 Brut.
1189 275 1239 308 55ss
1263 277 1389 307 sublate
1405 276 1582 317 ampleque
1597 278 1649 309 ‹li-

907 332 994 351 cere.

949 364 1107 401 Stcblalz'n,
1124 363 1164 394 de
1181 363 1415 403 magnitudine
1432 365 1550 395 animi.
1574 365 1646 398 Fin.

906 409 939 439 ii.
956 412 988 439 4.
1012 409 1149 438 sublatio
1165 408 1280 437 aniini.

949 452 1138 489 Sublevmv,
1155 456 1206 481 cst
1230 451 1361 491 proprie
1384 452 1565 490 sustinere,
1582 453 1648 482 eri-

906 506 994 536 gere.
1018 496 1086 526 Att.
1103 506 1134 525 x.
1146 498 1178 525 4.
1204 496 1332 534 quinos
1349 499 1470 525 stratos
1487 495 1528 525 ad
1545 496 1647 536 pedes

906 550 947 570 ne
970 540 1158 570 sublevabat
1180 538 1326 578 quidem.
1357 538 1507 569 Hereun.
1530 539 1572 569 iv.
1593 542 1648 571 50.

904 584 1069 614 sublevare
1095 588 1250 613 mentum
1277 582 1422 613 sinistra.
1454 582 1565 612 *hinc
1595 587 1647 614 est

905 637 964 667 pro
982 627 1111 665 juvare.
1143 625 1184 655 ad
1207 625 1284 656 Div.
1307 635 1337 656 v.
1364 629 1391 655 1.
1424 636 1523 665 quem
1547 626 1646 657 fami-

905 671 957 700 1⁴1ae
986 675 1108 701 nostrae
1135 669 1280 709 dignitas
1305 669 1447 700 debebat
1467 670 1646 702 sublevare.

905 715 962 744 Or.
981 715 1013 744 ii.
1026 717 1080 744 40.
1103 723 1176 752 quae
1194 723 1260 743 uon
1277 723 1338 743 sua
1353 714 1397 751 vi,
1414 713 1472 743 sed
1487 718 1649 746 extranea

904 759 1126 788 sublevantur.
1159 756 1365 787 *consolarh
1397 757 1500 788 Attio.
1527 758 1562 788 ii.
1596 761 1646 789 18.

905 801 959 831 hic
984 806 1090 832 status
1116 810 1183 831 una
1205 801 1357 831 omnium
1382 811 1460 830 voce
1483 802 1645 841 gemitur,

906 855 1013 884 neque
1025 845 1123 875 verbo
1135 845 1333 884 cujusquam
1345 845 1543 875 sublevatur.
1561 848 1579 866 ’κ
1589 845 1646 876 de-

904 889 1052 919 fendere.
1083 889 1216 919 Mureti.
1241 892 1272 919 4.
1305 895 1344 919 ut
1364 898 1478 918 meum
1496 888 1645 920 laborem

905 932 1080 963 hominum
1104 932 1260 970 periculis
1275 933 1479 963 sublevandis
1497 942 1565 963 non
1583 934 1646 963 im-

906 978 1059 1016 pertiam.
1088 976 1188 1007 Tusc.
1221 977 1264 1006 iv.
1291 979 1344 1010 37.
1381 976 1417 1006 in
1448 986 1513 1015 quo
1543 978 1648 1008 suble-

905 1025 1003 1050 ἰἀῐιις
1029 1030 1049 1050 a
1072 1019 1216 1050 Socrate.
1247 1019 1265 1038 *Ψ
1282 1021 1446 1057 minuere,
1470 1020 1581 1060 aliqua
1611 1030 1648 1052 re

906 1065 1048 1102 efficere,
1065 1074 1106 1093 ne
1131 1067 1264 1102 noceat,
1281 1063 1370 1103 quod
1386 1073 1505 1094 nocere
1522 1070 1647 1104 posset.

906 1108 946 1138 ad
972 1108 1048 1138 Div.
1074 1108 1140 1137 viii.
1164 1111 1196 1138 3.
1225 1108 1393 1138 sublevare
1409 1107 1494 1138 odia.
1524 1109 1599 1139 Aet.
1623 1109 1647 1141 i.

904 1152 998 1182 Verr.
1027 1152 1076 1182 16.
1109 1161 1175 1181 non
1201 1152 1317 1191 gratia,
1339 1161 1407 1181 non
1431 1152 1645 1191 cognatione,

906 1205 972 1225 non
998 1195 1069 1225 aliis
1093 1201 1183 1225 recte
1206 1196 1304 1225 factis
1326 1199 1380 1225 tot
1396 1198 1558 1234 tantaque
1574 1196 1646 1235 ejus

906 1239 986 1269 vitia
1022 1240 1190 1270 sublevata
1234 1249 1304 1269 esse
1349 1239 1645 1271 existimabuntur.

907 1283 1008 1313 Petit.
1034 1283 1132 1312 Cons.
1161 1286 1187 1313 1.
1221 1282 1365 1312 nominis
1388 1283 1573 1313 novitatem
1597 1283 1648 1314 di·-

906 1327 1003 1356 cendi
1036 1327 1142 1366 gloria
1165 1327 1352 1357 sublevabis.
1383 1326 1586 1357 *infirmare
1611 1328 1647 1359 in

908 1370 1020 1401 Caecil.
1059 1373 1090 1401 4.
1128 1372 1304 1401 sublevabis
1339 1380 1474 1400 causam
1506 1371 1646 1403 inimici.

906 1414 924 1432 ²*
938 1414 1019 1444 Coel.
1046 1416 1096 1449 29.
1124 1416 1290 1446 sublevare
1312 1415 1547 1453 quaessxonem,
1571 1415 1595 1449 i.
1617 1426 1647 1447 e.

907 1458 1082 1498 impedire,
1096 1458 1227 1495 tollere,
1246 1462 1283 1488 ut
1306 1467 1348 1487 ne
1371 1457 1486 1487 haberi
1510 1468 1556 1488 se.
1572 1468 1648 1498 pos-

906 1502 962 1539 sit,
980 1512 1008 1531 v.
1034 1512 1063 1532 c.
1087 1501 1126 1531 de
1151 1512 1257 1540 sei-vo,
1278 1511 1355 1532 cum
1379 1502 1647 1534 manumittitur.

906 1547 972 1576 Sed
990 1556 1020 1575 v.
1039 1549 1108 1576 not.

951 1589 1227 1628 subligaculum.-
1257 1592 1496 1628 tegumentum
1519 1589 1650 1629 puden·

906 1633 1037 1663 dorum.
1061 1633 1125 1663 Off.
1142 1635 1162 1663 i.
1181 1636 1232 1663 135.
1258 1633 1468 1663 scenicorum
1486 1643 1556 1663 mos
1573 1638 1650 1664 tan-

904 1681 975 1706 tam
1000 1676 1118 1707 habuit
1133 1687 1153 1707 a
1168 1680 1278 1706 vetere
1301 1676 1478 1716 disciplina
1491 1686 1651 1708 verecun-

906 1720 1010 1757 diam,
1027 1725 1067 1750 ut
1090 1721 1125 1750 in
1149 1730 1250 1750 scena
1267 1721 1339 1750 sine
1355 1721 1558 1760 subligaculo
1572 1731 1651 1762 pro-

907 1763 987 1794 deat
1003 1774 1114 1794 nemo.

951 1807 1128 1838 Submissio
1144 1808 1316 1838 orationis.
1343 1808 1401 1838 Or.
1417 1810 1471 1839 25.
1498 1807 1538 1838 de
1554 1809 1650 1841 tenui

909 1861 1045 1891 genere.

952 1894 1137 1925 Submissus
1160 1897 1281 1925 orator.
1307 1894 1385 1925 ibid.
1403 1897 1454 1927 24.
1493 1895 1572 1926 ibid.
1595 1899 1650 1928 23.

905 1939 1065 1969 submissa
1081 1937 1203 1969 leniter
1219 1939 1346 1969 dicere:
1366 1940 1387 1969 i.
1400 1950 1430 1970 e.
1447 1940 1564 1970 tenuia
1582 1939 1660 1979 leni,

908 1992 1002 2012 voce.

951 2026 1162 2063 Submittere,
1176 2025 1320 2064 allegare
1334 2025 1375 2055 ad
1387 2025 1545 2065 aliquem.
1556 2028 1653 2060 Verr.

907 2070 955 2100 iii.
971 2072 1025 2101 28.
1054 2070 1260 2100 submittebat
1276 2069 1537 2102 Timarchidem.
1567 2071 1609 2101 cf.
1626 2073 1649 2103 i.

907 2116 961 2144 41.
985 2113 1005 2132 ’κ
1017 2112 1057 2143 de
1073 2123 1167 2144 voce.
1184 2113 1224 2142 irs
1236 2113 1348 2143 Caecil.
1371 2116 1419 2144 15.
1451 2125 1528 2144 cum
1546 2116 1652 2155 possit

908 2157 1082 2196 aliquanto
1096 2156 1217 2186 clarius
1234 2156 1356 2195 dicere,
1373 2167 1475 2196 quam
1499 2158 1568 2198 ipse
1585 2160 1654 2199 pri-

908 2210 1054 2237 marum,
1085 2199 1233 2230 multum
1269 2202 1459 2232 submittere
1487 2202 1653 2234 videmus.

907 2244 998 2274 Male
1022 2253 1100 2283 ergo
1122 2243 1251 2284 Sylvius
1278 2244 1320 2274 ad
1343 2244 1437 2275 Orat.
1462 2255 1522 2285 pro
1545 2246 1663 2286 Sulla„

911 2291 960 2318 10.
998 2292 1101 2326 negat
1132 2288 1216 2317 bene
1255 2287 1321 2318 dici
1357 2289 1518 2320 submissa
1547 2300 1650 2321 voce:

907 2330 994 2362 male
1035 2332 1218 2361 assentitur
1251 2331 1438 2363 Burmann.
1475 2333 1517 2364 ad
1554 2334 1652 2366 Ovid.

907 2375 991 2405 Met.
1008 2375 1053 2405 vi.
1076 2378 1129 2409 90.
1152 2374 1171 2393 '⁶
1185 2375 1224 2405 de
1240 2374 1519 2415 supplicantibus.
1537 2377 1653 2408 Plane.

910 2422 960 2449 10.
991 2418 1144 2448 tribubus
1169 2429 1221 2448 me
1244 2420 1375 2450 submisi
1399 2425 1433 2450 et
1455 2420 1653 2461 supplicavi.

906 2462 924 2480 ’Ψ
936 2462 977 2492 de
993 2463 1117 2492 animo,
1142 2462 1184 2492 ad
1200 2463 1276 2493 Div.
1293 2463 1336 2493 xi.
1354 2467 1384 2494 3.
1411 2464 1560 2504 periculo
1576 2465 1653 2495 nul-

907 2506 930 2535 li
952 2506 1142 2536 submittere
1165 2506 1329 2537 animum.
1367 2507 1437 2537 *de
1461 2518 1660 2539 successore-

907 2549 995 2579 dato.
1027 2549 1121 2579 Prov.
1139 2550 1238 2580 Cons.
1253 2552 1284 2580 4.
1315 2550 1395 2581 huic
1418 2561 1473 2581 vos
1497 2554 1653 2590 non-sub-

907 2594 1041 2623 mittetiS
1058 2593 1080 2622 i.
1098 2603 1323 2624 successorem
1342 2595 1498 2625 mittetis.

952 2637 1158 2674 submovere,
1185 2637 1384 2675 absterrere,
1411 2639 1508 2669 Rosc.
1532 2638 1573 2669 A.
1598 2642 1651 2673 25.

906 2681 1101 2710 summoveri
1124 2680 1300 2711 maleficio.
1331 2681 1409 2712 *est
1433 2682 1496 2712 hoc
1512 2683 1653 2715 verbum

907 2724 1059 2763 inprimis
1077 2723 1116 2754 de
1134 2724 1303 2756 lictoribus
1325 2726 1507 2756 usitatum:
1531 2727 1652 2766 Quint.

908 2770 939 2797 8.
978 2767 1078 2805 jubet
1112 2768 1266 2808 (Praetor)
1308 2769 1485 2801 advocatos
1521 2775 1668 2802 nostros.

908 2812 1070 2841 acerrime
1083 2812 1274 2842 submoveri.

954 2854 1132 2887 Subuiscus.
1162 2855 1297 2885 habitus
1328 2857 1514 2895 arrogantis
1540 2857 1583 2888 in.
1599 2858 1650 2889 in-

909 2907 1017 2931 cessu.
1040 2898 1098 2930 Or.
1115 2899 1136 2929 i.
1152 2901 1205 2931 58.
1235 2899 1292 2940 qui
1307 2898 1379 2939 ejus
1396 2899 1477 2932 artis
1493 2910 1652 2942 arrogan-
