1920 3196
665 107 825 146 JNmzx
857 106 1163 136 LATmlTATls.

200 197 386 237 Vendszz'lt‘s,
409 197 601 239 probabilis.
622 197 720 229 Brut.
736 200 789 232 47.
813 207 886 227 ora-

154 247 208 273 tor
219 244 395 274 vendibilis.
418 242 500 273 Lael.
514 245 567 273 95.
592 243 698 272 oratio
710 242 888 272 vendibilis.

199 286 387 324 Vendita-re,
400 286 730 323 ostentare,jactare.
742 285 824 315 Sull.
837 287 886 315 10.

154 330 202 360 ita
218 331 290 360 illos
306 340 340 360 se
354 329 539 366 audituros,
557 329 676 367 quibus
693 339 726 359 se
743 329 890 359 vendita-

154 375 219 404 bat.
244 374 336 404 Verr.
353 374 398 403 iii.
416 377 468 404 53.
492 374 658 403 venditare
673 383 708 403 se
720 373 890 402 existima-

153 417 238 447 tioni
266 417 455 447 hominnm.
477 417 564 447 conf.
590 417 631 446 ad
655 417 726 446 Att.
749 417 817 446 viii.
841 417 889 446 16.

153 459 315 490 Pbil.viii.
338 464 386 491 lo.
410 461 490 490 Har.
504 460 543 491 R.
559 461 610 490 23.
627 460 682 490 ubi
700 460 765 490 vid.
782 460 888 490 Graev.

154 504 306 535 Ductum
331 510 381 534 est
409 514 427 533 a
453 504 707 541 mercatoribus,
735 505 792 542 qui
820 504 889 533 lau-

154 546 270 577 dandis
288 548 453 578 mercibus
465 555 608 577 emtores
625 547 890 578 alliciunt.Nam

152 591 320 621 venditare
336 592 466 631 p.·0prie
482 597 534 621 est
545 601 666 631 cupere
684 591 838 628 vendere,
855 595 891 620 et

152 635 334 664 emendum
361 635 478 666 offerre
508 642 548 665 ut
577 635 648 665 Att.
679 636 701 665 i.
735 637 782 665 14.
807 638 890 664 extr.

152 677 383 708 Tusculanum
424 679 583 716 venditat,
626 684 678 716 ut,
706 679 734 708 si
773 679 890 719 possit,

154 728 246 752 emat
263 722 465 753 Pacilianam
482 723 630 753 domum.

199 765 394 803 t'endecaao,
405 766 562 805 jactatio,
580 766 773 796 ostentatio.
788 765 889 795 Tusc.

153 809 188 840 ii.
205 810 258 839 26.
282 809 461 840 laudabilia
478 811 548 840 sine
572 810 788 840 venditatione
802 809 891 839 sace-

153 863 198 883 re.
222 852 303 883 Lael.
332 856 384 884 23.
410 855 514 884 virtus
535 854 711 884 venditatio
738 853 890 893 quaedam

154 906 225 926 esse
242 897 374 927 dicitur.

198 939 374 970 Venenum.
407 940 540 971 Cluent.
561 944 613 972 54.
648 941 705 980 qui
734 950 891 970 venenum

154 983 281 1014 malum
299 984 390 1022 fecit,
405 990 455 1014 est
472 985 652 1022 veneficus,
679 985 735 1023 qui
751 990 785 1014 et
802 993 893 1023 spar-

153 1036 230 1066 gere
246 1037 368 1058 -υεηεηα
394 1028 519 1059 dicitur
546 1027 645 1058 Catil.
671 1029 706 1057 ii.
738 1031 786 1058 10.
811 1027 893 1057 dicit

152 1078 266 1101 autem
292 1081 451 1102 venenum
473 1074 614 1108 malum,
631 1072 709 1110 quia
724 1080 892 1101 venenum

151 1120 203 1144 est
230 1115 377 1145 medium
400 1115 551 1152 verbum,
578 1115 668 1154 quod
692 1125 751 1154 pro
785 1115 892 1145 succis

152 1159 254 1188 etiam
273 1158 408 1197 dicitur,
426 1166 465 1189 ut
487 1169 647 1189 venenum
667 1159 697 1189 T
697 1159 807 1198 yrium
832 1169 892 1199 pro

154 1212 303 1242 purpura
317 1203 405 1242 apud
421 1203 611 1242 Virgilium.

198 1246 369 1283 Venerurz',
395 1248 526 1287 proprie
543 1247 666 1276 dicitur
681 1245 720 1276 de
737 1246 832 1276 cultu
859 1249 893 1275 et

152 1289 278 1320 honore
290 1290 451 1321 Deorum.
476 1289 561 1320 Phil.
577 1301 608 1320 x.
623 1292 653 1321 ⁶2.
679 1300 759 1329 quos
776 1299 892 1320 omues

153 1342 249 1373 paene
262 1335 417 1365 venerari
433 1334 605 1364 debemus.

199 1376 485 1416 Venerius.jactus
500 1379 536 1407 in
548 1377 627 1408 ludo
639 1377 797 1408 talorum.
814 1377 891 1407 Div.

153 1422 174 1451 i.
196 1424 244 1452 13.
268 1431 298 1452 ν.
313 1421 416 1452 talus.

198 1465 337 1496 Venerii.
362 1466 395 1496 in
413 1465 525 1495 Caecil.
554 1468 604 1499 17.
627 1464 692 1495 vid.
717 1464 823 1494 Graev.
850 1463 892 1495 ad

156 1508 190 1539 h.
206 1508 229 1539 l.
247 1514 281 1539 et
296 1508 368 1539 Iud.
383 1509 462 1539 hist.
479 1510 514 1539 in
524 1508 650 1546 Venus.

199 1552 314 1583 Venia.
336 1553 393 1583 Or.
408 1553 442 1583 ii.
468 1555 522 1584 48.
545 1553 600 1583 vix
619 1556 658 1582 ut
673 1552 756 1582 mihi
777 1553 890 1582 tenuis

156 1597 308 1636 quaedam
347 1596 484 1627 daretur
518 1598 615 1626 venia
652 1596 890 1633 excusationis,

154 1640 244 1679 quod
262 1646 378 1670 tamen
394 1650 472 1670 eum
490 1640 717 1677 defenderem,
735 1640 792 1678 qui
808 1640 890 1670 mihi

155 1688 301 1723 quaestor
324 1684 453 1714 fuisset.
486 1683 551 1713 Sed
577 1689 628 1714 est
653 1685 783 1714 veniam
812 1683 890 1713 dare

155 1728 257 1757 etiam
273 1727 474 1768 simpliciter
498 1737 557 1767 pro
581 1731 697 1767 rogata
712 1728 832 1758 facere.
849 1727 891 1757 ad

154 1771 195 1810 Ω.
209 1771 260 1802 Fr.
271 1772 320 1802 iii.
333 1775 359 1801 1.
373 1775 442 1803 c.4.
459 1772 521 1801 tibi
538 1772 667 1811 petenti
683 1773 809 1801 veniam
823 1781 890 1801 non

154 1815 256 1845 dedit.
283 1815 326 1845 cf.
342 1815 413 1845 Att.
429 1825 459 1845 v,
478 1815 545 1845 ult.⁵
563 1815 583 1833 Ἐ
595 1816 745 1854 obsequi,
762 1815 890 1845 cedere.

153 1858 236 1889 Rab.
252 1858 341 1889 Post.
374 1861 422 1889 12.
446 1859 641 1890 auctoritati
665 1860 736 1898 ejus
762 1860 890 1889 veniam

152 1901 241 1932 dedi.

198 1946 326 1977 Venire.
350 1947 421 1977 Att.
444 1946 508 1977 xiv.
541 1949 567 1976 l.
591 1946 626 1975 in
650 1955 837 1976 sermonem
856 1956 890 1976 se

152 1995 228 2030 post
244 1989 321 2020 Idus
337 1990 490 2026 Martias,
512 1994 734 2030 praeterquam
758 1989 890 2029 Lepidi,

151 2035 272 2064 venisse
287 2034 441 2064 neminis.
465 2034 565 2064 Tusc.
583 2035 617 2064 ii.
637 2036 686 2068 19.
708 2034 796 2063 venit
812 2032 890 2073 Epi-

153 2087 266 2114 curus,
296 2077 397 2107 bomo
431 2078 571 2107 minime
602 2077 889 2107 malus—tantum

154 2125 283 2157 monet,
300 2125 464 2159 quantum
481 2121 658 2161 intelligit:
677 2120 823 2160 neglige,
838 2121 890 2150 in-

153 2165 241 2203 quit,
257 2164 418 2195 dolorem.
443 2165 535 2195 Verr.
551 2176 580 2195 V.
598 2166 628 2196 6.
653 2171 705 2195 est
732 2174 789 2204 pro
815 2174 890 2194 eve-

153 2209 243 2238 nire:
267 2207 339 2238 haec
356 2208 410 2239 ubi
435 2209 586 2239 veniunt.
622 2209 687 2239 Sed
713 2217 742 2238 v.
769 2213 839 2238 not.
855 2216 891 2238 et

153 2251 230 2282 Div.
246 2252 279 2282 ii.
295 2255 347 2283 51.

196 2295 378 2333 Ventilare,
396 2300 496 2326 vento
512 2295 665 2326 faciendo
681 2295 843 2333 excitare,
859 2305 889 2327 v.

151 2349 179 2368 c.
207 2340 342 2379 ignem:
379 2339 499 2370 deinde
526 2339 767 2379 metaphorice,
799 2349 889 2370 coin-

152 2392 284 2413 movere
301 2384 444 2421 animos,
464 2383 607 2414 irritare.
627 2392 705 2413 nam
722 2388 758 2414 et
770 2387 889 2413 ventus

150 2426 197 2456 sic
231 2426 369 2465 dicitur,
400 2432 440 2458 ut
479 2437 556 2457 mox
595 2427 888 2457 demonstrabitur.

150 2469 258 2500 Flacc.
286 2472 340 2502 23.
364 2471 458 2509 cujus
485 2471 614 2510 lingua,
639 2471 734 2509 quasi
758 2470 890 2501 flabello

152 2514 338 2552 seditionis,
353 2516 514 2545 ventilata
539 2521 590 2545 est
606 2515 734 2544 concio.
758 2514 798 2544 de
826 2514 890 2544 hoc

152 2557 252 2588 verbo
267 2557 383 2588 laudat
401 2558 656 2589 Drakenborch.
674 2558 714 2587 ad
731 2558 789 2588 Sil.
811 2558 889 2588 xvii.

152 2604 227 2634 705.
250 2601 512 2642 disputationem
530 2601 727 2632 Gothofredi
751 2601 792 2631 ad
810 2601 890 2631 Cod.

150 2644 276 2675 Theod.
295 2645 315 2674 l.
333 2655 362 2674 ν.
379 2645 422 2675 de
438 2645 551 2676 males.
570 2652 605 2675 et
618 2645 816 2676 mathemat.
833 2645 891 2675 sed

151 2688 185 2717 in
201 2697 241 2718 ea
257 2688 340 2719 nihil
357 2689 398 2719 ad
414 2689 525 2720 locum
542 2689 614 2720 Silii
629 2688 721 2719 facit.
769 2689 830 2718 Est
849 2689 890 2719 ad

149 2731 172 2760 l.
190 2732 301 2762 ix.tit.
318 2733 368 2763 16.
381 2732 402 2762 l.
422 2736 451 2764 5.
468 2733 551 2763 t.iii.
565 2743 598 2772 p.
614 2734 685 2764 132.
701 2732 752 2762 ed.
769 2732 890 2762 Ritter.

149 2776 204 2805 Sic
226 2776 364 2806 verbum
386 2778 546 2807 ventilare
564 2777 666 2806 etiam
684 2775 840 2806 laudatur
856 2776 891 2806 in

149 2819 263 2849 Lexic.
287 2819 382 2850 Fabri
405 2820 486 2850 eod.
513 2820 602 2850 Just.
631 2820 652 2849 l.
671 2820 712 2849 vi.
736 2819 809 2849 eod.
834 2820 889 2850 tit.

151 2862 310 2894 Ceterum
320 2863 544 2896 Gothofredus
559 2864 662 2894 etiam
676 2862 697 2894 1.
712 2873 739 2894 e.
751 2863 890 2894 verbum

1585 94 1671 141 473

928 197 1089 227 ventilare
1107 196 1142 226 in
1168 194 1241 226 loco
1257 193 1477 225 Ciceroniana
1506 192 1674 233 interpre-

928 246 1034 278 tatur,
1057 239 1229 280 impellere
1253 244 1288 269 et
1310 239 1451 278 agitare,
1468 242 1568 276 atque
1591 237 1671 268 hine

928 284 1068 314 fortasse
1084 283 1243 323 explicari
1264 283 1372 321 legem
1390 286 1489 322 putat
1509 290 1617 321 posse,
1634 281 1671 312 in

930 337 997 367 qua
1010 329 1170 358 ventilare
1184 327 1224 356 de
1239 326 1400 356 maleficis
1424 331 1457 355 et
1484 325 1674 355 inathema-

929 373 1005 401 ticis
1021 371 1154 401 dicitur.
1200 370 1317 408 Neque
1341 369 1422 399 mihi
1450 369 1590 399 dubium
1607 374 1673 407 est,

931 416 1012 454 quin
1027 416 1072 445 ibi
1087 413 1250 444 ventilare
1266 414 1311 443 sit
1325 413 1552 448 referendum,
1569 412 1610 441 ad
1626 413 1674 443 vi-

930 463 982 488 tas
998 458 1197 494 insontium,
1212 463 1247 487 et
1257 457 1426 495 significet
1441 466 1498 486 vex¹
1505 466 1568 485 arc.
1582 456 1673 486 Nam

933 502 1020 541 quod
1043 503 1077 532 in
1105 503 1214 542 priore
1239 506 1336 540 parte
1363 500 1599 540 disputationis
1631 499 1673 530 de

932 546 1110 585 praestigiis
1134 545 1272 584 magicis
1298 545 1332 575 in
1360 543 1486 573 ciendis
1517 543 1673 574 manibus

933 589 1186 629 interpretatur,
1208 592 1319 628 potest
1344 587 1430 617 forte
1456 588 1615 617 ventilare
1631 587 1672 617 de

934 634 972 663 iis
988 638 1125 673 propter
1144 632 1417 672 gesticulationes
1434 630 1512 667 dici,
1528 630 1586 660 sed
1604 640 1674 661 non

933 676 1093 707 dicuntur
1110 676 1198 715 mag-i
1215 676 1247 705 h.
1265 675 1286 705 l.
1304 675 1488 705 ventilando
1503 675 1590 704 ciere
1603 684 1676 704 ma·

934 730 1005 757 nes,
1031 730 1148 750 verum
1179 719 1332 749 nianibus
1359 719 1474 748 accitis
1490 720 1650 749 ventilare
1663 731 1675 748 .-

934 764 1013 803 quid
1029 765 1145 803 igitur,
1163 763 1227 793 nisi
1244 764 1322 792 vitas
1341 762 1514 792 hominum
1530 763 1542 793 ἓ
1569 763 1679 792 Acce-⁷

934 808 983 837 dit
999 807 1095 844 illud,
1112 807 1201 846 quod
1216 807 1394 846 praestigiae
1411 811 1444 835 et
1459 807 1598 844 magicae
1622 816 1676 837 ar-

933 859 997 889 tes,
1013 858 1052 881 ut
1065 854 1107 881 ex
1125 852 1145 880 l.
1163 855 1193 885 9.
1218 850 1431 889 intelligitur,
1448 859 1515 879 non
1539 855 1675 890 propter

934 905 981 932 se,
997 895 1054 925 sed
1079 901 1216 935 propter
1239 904 1360 924 noxam
1378 893 1552 933 prohibitae
1578 899 1673 924 sunt.

935 949 1013 969 nam
1030 940 1064 969 in
1079 949 1119 969 ea
1135 939 1208 977 lege
1226 948 1304 968 usus
1326 938 1482 967 innoxius
1506 938 1676 977 permitti-

934 987 1000 1013 tur.
1017 982 1104 1013 conf.
1118 982 1200 1012 Cod.
1216 982 1342 1012 Justin.
1357 981 1378 1011 l.
1392 991 1420 1010 c.
1436 981 1458 1010 l.
1470 984 1502 1011 4.
1528 981 1676 1012 Ventila·

936 1037 970 1057 re
981 1031 1094 1056 autem
1108 1036 1167 1066 pro
1179 1035 1296 1056 vexare
1307 1025 1396 1064 apud
1407 1025 1599 1065 posterioris
1611 1026 1674 1055 aevi

935 1071 1112 1111 scriptores
1130 1079 1196 1100 non
1215 1079 1288 1099 raro
1302 1069 1436 1099 dicitur.
1460 1068 1526 1098 vid.
1552 1068 1674 1099 Fresne

936 1115 969 1144 in
981 1114 1148 1144 Glossario
1160 1113 1236 1143 Lat.
1250 1113 1284 1142 in
1296 1123 1326 1143 v.
1339 1112 1511 1142 ventilare.
1526 1112 1590 1143 Sed
1602 1113 1675 1144 haec

935 1158 1043 1189 obiter
1054 1158 1145 1188 dicta
1155 1162 1266 1187 sunto.

980 1202 1160 1238 Ventitare,
1176 1200 1216 1230 ‹le
1242 1200 1461 1237 discentibus,
1476 1200 1676 1240 magistrum

934 1245 1128 1284 frequenter
1158 1244 1372 1281 adeuntibus,
1396 1243 1479 1283 Leg.
1501 1244 1522 1273 i.
1553 1246 1585 1274 4.
1603 1243 1675 1283 juri

934 1289 1069 1319 studere
1084 1294 1118 1319 te
1136 1288 1288 1325 memini,
1314 1297 1391 1317 cum
1417 1288 1488 1327 ipse
1512 1287 1615 1318 etiam
1633 1287 1678 1318 ad.

934 1332 1116 1363 Scaevolam
1133 1333 1338 1362 ventitat-em.

980 1377 1200 1407 Ventriculus
1224 1375 1305 1406 Nat.
1321 1375 1365 1405 D.
1386 1375 1421 1405 ii.
1439 1378 1490 1406 55.
1509 1376 1676 1406 ventricu-

935 1421 985 1450 lus
999 1420 1105 1450 cordis
1119 1433 1125 1450 z
1151 1424 1203 1450 est
1217 1420 1356 1457 cavitas,
1369 1429 1434 1458 quo
1445 1419 1582 1458 sanguis
1597 1428 1677 1449 con-

934 1465 1067 1505 cipitur.

980 1508 1145 1545 Ventoffls‚
1162 1507 1284 1544 inanis,
1300 1505 1396 1543 levis,
1411 1515 1528 1536 vanus.
1541 1505 1582 1536 ad
1597 1507 1674 1537 Div-

933 1552 976 1582 xi.
994 1556 1025 1586 9.
1060 1561 1140 1591 rogo
1166 1556 1214 1588 te,
1230 1550 1273 1580 ad
1297 1549 1470 1580 hominem
1497 1551 1677 1581 ventosissi-

934 1606 1025 1626 mum
1041 1595 1207 1635 Lepidum
1224 1595 1352 1624 mittas.
1376 1593 1462 1623 Phil.
1485 1594 1530 1623 xi.
1556 1597 1587 1628 7.
1612 1595 1677 1624 im-

933 1640 1063 1680 perium
1080 1638 1382 1669 extra-ordinarium
1400 1643 1452 1667 est
1466 1637 1626 1677 populare
1641 1642 1677 1669 et

932 1687 1109 1720 ventosum,
1121 1691 1187 1712 non
1199 1682 1372 1721 gravitatis
1385 1686 1521 1719 uostrae,
1532 1691 1600 1712 non
1612 1681 1676 1712 hu-

926 1728 983 1767 jus
1001 1727 1137 1757 ordinis.

978 1770 1109 1801 Ventus.
1125 1770 1216 1799 venti
1228 1770 1386 1808 quoniam
1403 1769 1438 1799 in
1451 1769 1535 1799 mari
1550 1768 1676 1810 duplex

932 1815 979 1844 vis
996 1818 1059 1852 est,
1077 1814 1194 1851 altera,
1212 1824 1277 1853 qua
1289 1812 1446 1853 propellit
1458 1822 1557 1843 naves
1574 1819 1609 1843 et
1622 1823 1676 1844 ce-

932 1858 1033 1888 lerius
1064 1859 1098 1888 in
1124 1862 1261 1897 portum
1291 1857 1401 1887 defert
1415 1868 1424 1895 ;
1462 1856 1581 1895 altera,
1609 1867 1678 1896 qua

932 1912 1024 1932 mare
1056 1905 1247 1932 commovet
1285 1908 1321 1930 et
1356 1901 1531 1941 perturbat
1545 1913 1552 1930 ε
1593 1900 1678 1932 hine

933 1947 1036 1975 etiam
1053 1945 1283 1985 metaphorice
1309 1944 1438 1975 duobus
1467 1944 1574 1974 modis
1591 1944 1678 1975 dici—

931 1996 999 2019 tur.
1047 1989 1157 2019 Primo
1174 1993 1289 2019 ventus
1304 1989 1441 2025 dicitur,
1457 1992 1497 2018 ut
1518 1998 1600 2018 aura
1616 1998 1674 2029 po-

932 2033 1070 2072 pularis,
1087 2042 1147 2073 pro
1163 2033 1284 2073 plausu
1312 2032 1480 2072 populari,
1505 2037 1675 2071 quatenus

932 2078 957 2107 is
975 2077 1016 2107 ad
1032 2077 1172 2107 honores
1189 2076 1438 2115 consequendos
1454 2075 1556 2112 valet,
1572 2081 1680 2115 atque.

932 2121 1015 2151 adeo
1031 2131 1090 2160 pro
1101 2120 1257 2150 omnibus
1273 2120 1384 2156 rebus,
1401 2125 1568 2158 quatenus
1585 2119 1673 2150 hanc

933 2165 1000 2194 vim
1016 2164 1151 2194 habent.
1168 2163 1276 2194 Locus
1293 2163 1450 2193 classicus
1468 2169 1519 2193 est
1536 2162 1675 2194 Cluent.

931 2211 985 2242 47.
1009 2218 1125 2238 verum
1141 2217 1258 2237 omnes
1285 2206 1519 2246 intelligimus,
1536 2207 1573 2237 in
1599 2208 1674 2238 istis

931 2252 1229 2292 subscriptionibus
1245 2251 1404 2281 censoriis
1419 2255 1551 2281 ventum
1568 2260 1674 2290 quen-

932 2296 1008 2326 dam
1039 2295 1236 2336 popularem
1263 2305 1334 2325 esse
1363 2295 1555 2334 quaesituin.
1584 2294 1674 2325 idem

932 2339 1045 2379 paullo
1062 2346 1137 2379 post
1153 2340 1200 2369 sic
1216 2339 1395 2378 expressit:
1416 2348 1466 2369 res
1483 2338 1574 2368 enim
1587 2338 1674 2368 indi-

933 2391 1000 2420 cat,
1018 2382 1102 2413 nihil
1119 2392 1271 2413 censores
1287 2382 1442 2412 habuisse
1465 2382 1605 2421 cogniti,
1624 2383 1675 2413 ni-

932 2427 980 2457 hil
995 2427 1176 2467 comperti:
1201 2436 1243 2456 ex
1265 2430 1341 2456 tota
1356 2426 1601 2466 subscriptione
1618 2436 1675 2456 ru·

932 2480 1060 2500 morem
1077 2470 1244 2510 quendam
1259 2473 1293 2500 et
1303 2469 1459 2510 plausum
1475 2469 1674 2510 popularem

932 2524 1003 2544 esse
1030 2515 1223 2553 quaesitum.
1240 2513 1303 2544 hoc
1334 2513 1423 2543 idem
1439 2518 1503 2550 est,
1526 2513 1616 2552 quod
1642 2524 1673 2544 c.

932 2560 989 2589 ⁶28.
1012 2557 1112 2588 dixit:
1137 2557 1284 2588 oblatam
1302 2557 1363 2588 sibi
1388 2556 1585 2588 facultatem
1611 2568 1676 2598 pu-

932 2602 1031 2638 tavit,
1058 2606 1098 2631 ut
1123 2611 1163 2631 ex
1200 2601 1327 2631 invidia
1344 2601 1526 2641 ,senatoria
1562 2604 1677 2641 posset

934 2655 1092 2675 crescere.
1116 2645 1158 2675 ad
1173 2645 1251 2675 Div.
1267 2645 1301 2674 ii.
1319 2645 1349 2675 6.
1374 2655 1452 2675 cum
1470 2654 1676 2676 commemo-

933 2694 1050 2726 rasset,
1076 2689 1197 2727 quibus
1223 2688 1378 2718 subsidiis
1405 2688 1490 2718 Milo
1515 2694 1604 2719 esset
1633 2689 1678 2720 ad

934 2733 1148 2763 consulatum
1165 2732 1350 2772 petendum
1359 2732 1558 2770 instructus,
1569 2733 1675 2763 bono-

934 2787 1009 2806 rum
1026 2776 1177 2806 studium
1195 2786 1213 2805 e
1234 2776 1426 2813 tribunatu,
1442 2780 1580 2816 propter
1596 2786 1676 2807 cau—

934 2830 1004 2850 sam
1022 2820 1204 2857 Ciceronis,
1220 2819 1313 2858 vulgi
1328 2824 1466 2859 propter
1482 2829 1625 2850 munera
1639 2820 1680 2851 irr-

935 2863 1108 2902 aedilitate,
1126 2863 1286 2904 suffragia
1295 2863 1490 2903 juventutis
1505 2867 1541 2895 et
1551 2864 1677 2904 gratio-
