1920 3196
227 116 311 164 470

237 220 310 248 erat
324 216 406 253 lata,
419 219 544 246 vastato
557 218 592 246 et
608 215 725 246 relicto
738 215 826 245 foro:
851 215 979 256 expulsi

241 264 338 291 erant
367 260 457 289 enim
484 260 515 289 vi
539 268 716 298 operarum
745 259 981 290 Clodianarum

243 304 376 334 honesti
386 304 486 339 cives,
497 312 538 332 ne
549 302 657 341 legem
667 302 880 342 impedirent.
889 303 907 320 ⁵*
917 303 983 334 Va-

243 349 328 378 starz'
348 347 449 376 etiam
468 346 640 383 dicuntur,
657 355 730 384 quae
746 346 881 376 horrida
896 347 985 376 fiunt

247 390 391 421 incultu.
422 390 502 419 Nat.
524 390 567 419 D.
585 390 617 419 ii.
636 393 687 422 39.
718 398 785 418 non
809 390 985 428 patiuntur

246 438 371 464 terram
388 434 541 473 stirpium
558 433 736 472 asperitate
752 434 894 463 vastari.-
914 443 985 462 ver-

248 477 399 508 wildcru.
423 477 552 507 Nonius
569 477 602 505 in
620 475 681 505 boc
699 475 771 505 loco
788 475 869 515 legit
883 481 985 508 vaste-

247 532 344 552 scere.
370 520 457 560 quod
474 520 591 559 probat
605 519 789 550 Lambinus
805 524 942 550 temere.

295 565 400 594 Vaste.
431 565 526 593 Orat.
552 563 599 593 iii.
617 565 666 594 12.
697 573 736 592 ex
753 573 817 601 quo
834 562 879 593 sic
895 563 985 592 locu-

248 612 327 638 tum
344 618 414 638 esse
431 607 501 645 ejus
520 611 647 646 patrem
659 606 788 644 judico,
805 615 871 636 non
886 611 986 643 iuste,

250 651 353 681 ——sed
377 660 498 690 presse.
528 649 625 680 Vaste
651 655 701 678 est
726 649 826 679 nimis
850 649 986 679 diducto

251 705 321 731 ore,
338 695 463 724 rustico
481 703 585 730 more,
602 702 726 732 aspere.
744 693 784 723 cs.
802 703 923 733 presse.

297 739 451 768 Vastitas.
482 738 547 766 Pis.
564 740 616 767 33.
643 737 772 766 efficere
788 738 986 774 vastitatem,

248 782 374 812 dicitur
396 781 544 818 morbus,
564 790 604 810 ex
628 790 692 819 quo
716 780 814 810 multi
841 780 988 810 moriun-

248 830 317 856 tur.

296 869 427 899 Vastus.
451 878 559 908 asper,
575 867 688 896 durus.
716 867 809 897 Orat.
826 869 878 897 45.
905 877 985 905 quo-

250 913 349 943 modo
372 913 461 942 enim
487 916 596 941 vester
618 910 717 940 axilla
733 909 785 939 ala
800 909 907 940 factus
922 913 984 946 est,

249 957 314 986 nisi
338 955 536 995 fugaliterae
552 954 731 984 vastioris?
756 953 799 983 ib.
817 954 837 982 i.
860 956 911 984 25.
940 954 987 983 ita

248 1000 344 1030 vultu
357 1002 517 1037 motuque
529 998 674 1038 corporis
685 998 769 1026 vasti
781 1000 879 1035 atque
893 1007 986 1036 agre-

248 1047 326 1074 stes.
340 1043 404 1073 vid.
418 1042 490 1072 Alb.
503 1041 676 1072 Rubenius
691 1040 733 1070 ad
750 1040 820 1070 Liv.
834 1041 917 1070 xxiv.
931 1043 984 1071 48.

294 1087 489 1123 Vaticinarz',
506 1084 659 1122 delirare,
677 1084 832 1113 insanire.
852 1083 892 1114 ad
908 1085 985 1115 Div.

246 1131 281 1161 ii.
302 1132 352 1161 16.
377 1130 434 1160 sed
449 1139 511 1168 ego
526 1128 665 1159 fortasse
680 1128 852 1164 vaticinor,
868 1132 901 1157 et
913 1127 985 1157 haec

246 1175 361 1204 omnia
384 1173 536 1204 meliores
560 1172 731 1202 habebunt
747 1171 865 1200 exitus.
895 1171 985 1201 Sext.

248 1221 299 1249 10.
330 1218 387 1256 qui
410 1217 482 1247 haec
505 1216 667 1253 dicerent,
686 1216 861 1245 vaticinari
884 1219 985 1253 atque

248 1262 394 1292 insanire
412 1260 578 1290 dicebant.

296 1305 371 1341 Ubi,
386 1314 447 1345 pro
473 1314 492 1333 a
509 1313 585 1342 quo.
616 1302 723 1332 Flam.
748 1304 799 1333 520.
824 1302 878 1331 ubi
902 1301 986 1332 nihil

245 1351 382 1389 possent
410 1348 547 1378 discere.
578 1347 635 1377 Or.
667 1347 700 1375 ii.
731 1348 779 1376 14.
809 1346 863 1375 ubi
892 1350 985 1382 sunt,

245 1393 302 1431 qui
325 1391 512 1422 Antonium
529 1390 642 1420 Graece
662 1394 789 1428 negant
805 1389 902 1427 scire,
919 1390 940 1419 i.
956 1399 985 1418 e.

245 1439 372 1473 errant,
389 1435 445 1474 qui
463 1439 607 1474 negant:
629 1432 812 1472 eleganter.

290 1479 453 1518 Vectigal,
485 1478 616 1518 proprie
645 1482 698 1506 est
729 1476 884 1516 pecunia,
911 1486 984 1514 quae

244 1533 305 1564 pro
320 1526 458 1552 vectura
472 1521 631 1551 solvenda
647 1525 716 1551 est:
742 1519 800 1549 sed
816 1519 933 1549 deinde
950 1520 984 1549 in

246 1576 369 1607 genere
393 1565 522 1596 dictum
545 1569 597 1595 est
618 1574 677 1604 pro
693 1564 783 1593 omni
801 1563 908 1593 reditu
926 1573 986 1602 pu-

244 1610 333 1640 blico
356 1620 374 1640 e
391 1609 554 1645 decumis,
572 1608 750 1647 scriptura,
768 1614 801 1636 et
818 1607 984 1646 portori03

246 1653 286 1684 de
304 1654 423 1693 quibus
439 1653 507 1683 suis
521 1652 602 1682 locis
625 1651 753 1682 dictum
771 1656 832 1680 est.
864 1650 915 1680 De
932 1660 986 1679 ve-

245 1697 424 1737 ctigalibus
442 1695 555 1737 populi
571 1695 668 1726 Rom.
684 1697 776 1724 extat
792 1694 910 1724 doctus
923 1693 986 1723 cel.

244 1742 282 1771 P.
306 1740 492 1771 Burmanni
517 1740 612 1776 liber,
636 1739 675 1768 de
699 1738 762 1768 hoc
786 1742 986 1776 argumento

247 1783 485 1815 consulendus.
507 1783 609 1813 Attic.
626 1792 656 1812 v.
672 1784 725 1813 91.
748 1782 889 1820 vectigal
904 1790 987 1821 prae-

244 1829 385 1865 torium,
414 1830 464 1857 est
490 1827 646 1866 pecunia,
672 1835 773 1864 quam
802 1825 987 1864 provincia-

246 1881 322 1902 rum
347 1872 499 1901 civitates
524 1870 601 1899 dare
626 1869 759 1909 praetori
779 1868 901 1905 solent,
918 1873 952 1898 et
968 1877 988 1897 a

244 1915 458 1956 praetoribus,
468 1913 558 1944 salva
572 1913 645 1952 lege
661 1912 700 1942 de
718 1912 924 1952 repetundis,
934 1921 988 1941 ac-

246 1960 313 1999 cipi
330 1963 451 1998 potest.
474 1957 550 1997 Quo
566 1956 701 1987 nomine
721 1960 834 1985 autem
852 1964 989 1995 accepe-

245 2004 316 2034 rint
341 2002 501 2032 Praetores
518 2010 592 2030 eam
616 2000 806 2039 pecuniam,
822 1998 862 2028 de
886 2009 925 2028 eo
941 1998 988 2028 sic

247 2050 407 2076 statuunt
420 2046 478 2075 viri
493 2044 596 2081 docti,
609 2048 648 2073 ut
664 2043 791 2079 dicant,
804 2043 989 2082 provincia-

247 2090 295 2120 les
306 2089 391 2120 hanc
401 2088 579 2129 pecuniam
590 2087 722 2126 praetori
730 2086 916 2123 dedisse‚ne
926 2086 989 2115 mi-

247 2133 323 2163 lites
348 2130 390 2163 in‘
405 2132 546 2162 hiberna
560 2132 707 2170 recipere
731 2132 942 2168 cogerentur.
959 2139 989 2159 v.

249 2177 335 2207 lntt.
347 2175 430 2206 adh.
444 2175 467 2206 1.
480 2181 514 2205 et
528 2175 644 2205 Burm.
662 2174 683 2203 l.
700 2184 728 2202 c.
745 2175 843 2203 0:12.
866 2183 898 2213 p.
915 2175 989 2204 21⁶2.

249 2220 307 2259 qui
331 2219 394 2250 hoc
416 2228 501 2250 onus
517 2223 631 2258 postea
657 2216 923 2257 Epidemeticum
941 2217 989 2246 di-

249 2268 356 2301 ctum,
371 2273 388 2292 e
407 2262 527 2292 Codice
542 2261 723 2292 Justiniani
742 2260 848 2290 docet.
868 2260 989 2297 Locus,

248 2307 291 2338 ad
307 2316 407 2346 quem
431 2305 580 2346 respicit,
596 2309 646 2334 est
668 2303 690 2334 l.
709 2304 764 2333 xii.
779 2304 833 2333 tit.
851 2306 904 2335 40.
934 2303 989 2333 ubi

248 2350 411 2381 videndus
434 2353 485 2379 est
509 2348 678 2386 Cujacius,
695 2347 751 2386 qui
775 2346 846 2376 haee
870 2345 991 2386 Epidc-

250 2394 376 2424 metica
398 2393 483 2424 Nov.
508 2393 579 2426 129.
606 2393 676 2422 134.
702 2397 736 2420 et
752 2390 874 2420 ultima
889 2391 944 2420 tit.
960 2400 989 2421 c.

249 2438 325 2477 lege
348 2437 507 2476 abrogata
529 2435 638 2464 docet.
678 2434 749 2473 Ego
773 2438 886 2463 autem
912 2434 990 2464 locis

249 2486 403 2511 veterum
433 2484 610 2510 auctorum
646 2477 803 2508 inductus
835 2477 990 2514 arbitror,

250 2534 319 2556 non
343 2523 452 2554 solum
474 2523 626 2558 hiberna,
643 2520 702 2551 sed
722 2521 826 2552 etiam
843 2520 924 2552 alias
938 2531 990 2551 res

248 2568 395 2608 pecunia
416 2567 580 2597 redemtas
604 2574 688 2602 esse,
705 2567 739 2593 et
755 2564 870 2603 gratiae
892 2574 992 2597 causa

247 2611 323 2652 plus
347 2611 463 2640 datum
488 2609 654 2650 pecuniae,
672 2617 772 2646 quam
790 2617 923 2637 necesse
940 2617 991 2637 es-

249 2659 312 2686 set.
357 2654 487 2694 Nempe
510 2651 743 2693 provincialeS,
763 2651 915 2690 inprimis
939 2661 989 2686 re-

250 2698 421 2735 motiores,
434 2701 474 2727 ut
484 2702 630 2727 vecturae
643 2694 795 2725 molestia
809 2694 989 2724 liberaren-

248 2747 319 2779 tur,
335 2741 546 2772 redimebant
567 2739 777 2769 frumentum
803 2738 836 2767 in
855 2737 987 2775 cellam,

248 2784 426 2825 quod'inde
439 2784 645 2815 aestimatum
657 2781 840 2812 dicebatur.
853 2791 882 2811 v.
896 2781 988 2812 Verr.

244 2830 293 2859 iii.
310 2832 362 2860 81.
393 2838 441 2867 sq.
466 2827 554 2858 conf.
577 2827 613 2857 in
637 2826 746 2864 Pison.
762 2827 816 2855 35.
850 2824 890 2854 1η
908 2824 988 2855 Cod.

243 2873 370 2904 Theod.
395 2873 519 2902 aerariae
543 2879 705 2900 annonae:
734 2878 763 2898 v.
788 2867 895 2898 Gloss.
920 2867 988 2898 No-

242 2918 320 2948 mic.
346 2915 499 2947 Gothofr.
524 2913 656 2946 Deinde
686 2911 922 2953 provincialeS,
949 2917 989 2942 ut

745 125 890 154 INDEX
921 127 1219 157 LATINIT'ATIS.

1025 220 1142 247 auctor
1164 221 1216 247 ost
1240 217 1355 248 Cicero
1379 218 1420 249 ad
1442 217 1511 248 Att.
1535 227 1565 246 v.
1584 217 1632 248 16.
1664 216 1762 252 debe-

1024 261 1107 290 bant
1132 261 1209 290 dare
1236 261 1377 298 soenum,
1400 262 1492 301 ligna
1517 264 1551 290 et
1575 260 1697 291 similia
1719 259 1761 290 ad

1025 305 1270 334 necessitatem.
1303 305 1366 335 Pro
1392 305 1457 342 bis,
1481 304 1592 342 credo,
1615 305 1716 334 etiam
1742 313 1762 332 a

1026 347 1210 384 nonnullis,
1229 349 1461 379 remotioribus
1484 349 1518 377 in
1543 348 1658 387 primis
1683 347 1761 376 civi·

1026 391 1166 427 tatibuS,
1183 392 1326 430 pecunia
1340 392 1491 422 dabatur.
1515 391 1663 421 Fuerunt
1679 391 1762 420 forte

1027 434 1128 462 ctiam
1145 438 1219 463 tum
1236 433 1301 464 alia
1316 435 1386 474 ejus
1404 434 1551 474 generis:
1578 444 1656 464 nam
1672 438 1762 473 post-

1028 486 1068 506 ca
1089 477 1190 506 fuisse
1214 488 1232 506 e
1257 477 1368 509 Codic.
1390 477 1555 509 Theodos.
1578 477 1599 507 l.
1616 478 1670 507 vii.
1694 486 1763 506 uon

1027 529 1095 549 uno
1110 520 1210 550 titulo
1226 525 1261 550 et
1278 521 1359 552 Cod.
1383 522 1508 552 Justin.
1532 521 1554 550 l.
1573 521 1628 551 xii.
1640 521 1694 550 tit.
1709 523 1763 554 37.

1028 573 1098 602 sqq.
1114 563 1326 603 intelligitur.
1342 565 1518 605 Optimum
1534 564 1649 602 fuerit,
1665 563 1766 593 intel-

1029 605 1131 645 ligere
1154 612 1300 645 sumtuS,
1323 618 1404 647 quos
1428 609 1463 638 in
1487 607 1616 638 cultum
1641 612 1762 648 praeto-

1030 659 1104 679 rum
1119 650 1223 680 factos
1241 652 1288 681 ait
1303 652 1375 682 Liv.
1390 651 1491 682 xxxii.
1503 653 1555 686 27.
1579 651 1618 681 de
1636 651 1682 681 M.
1700 651 1764 680 Ca-

1028 696 1123 730 tone,
1145 694 1305 724 Sardiniae
1328 696 1492 725 Praetore:
1516 699 1662 730 sumtus,
1682 703 1764 732 quos

1029 736 1063 765 in
1089 737 1219 767 cultum
1242 743 1424 777 praetorum
1448 738 1556 767 facere
1579 738 1658 767 socii
1676 737 1765 768 soliti

1029 784 1139 817 erant,
1154 781 1341 811 circumcisi
1354 786 1412 812 aut
1427 780 1562 811 sublati.
1578 781 1695 811 *Huic
1712 790 1767 809 ve-

1029 823 1144 862 ctigali
1168 824 1276 854 simile
1299 825 1365 855 fuit
1386 826 1528 863 vectigal
1545 823 1764 854 aediliciorum

1029 866 1070 896 ad
1092 867 1133 907 Ω.
1151 867 1202 898 Fr.
1220 868 1241 897 i.
1261 871 1288 898 l.
1305 878 1334 899 c.
1358 873 1389 902 9.
1420 867 1507 907 quod
1524 869 1597 905 ,iarn
1623 867 1767 896 breviter

1029 909 1207 940 definitum
1220 916 1270 942 est
1282 922 1383 951 supra
1393 912 1427 941 in
1439 910 1613 942 aedilicius.
1636 910 1702 940 Sed
1718 910 1767 940 usi

1028 963 1144 984 sumus
1175 955 1336 985 vocabulo
1366 956 1536 994 pecuniae:
1576 954 1767 984 auctoribus

1028 997 1105 1027 xiris
1130 998 1342 1036 doctissimis,
1359 992 1514 1029 Manutio
1538 998 1580 1027 ad
1604 998 1624 1027 l.
1648 1008 1676 1028 c.
1699 997 1768 1026 Bu-

1028 1039 1176 1079 lengero,
1188 1041 1358 1079 Turnebo,
1371 1042 1444 1072 aliis
1457 1055 1463 1071 ι
1482 1041 1569 1081 quod
1583 1045 1683 1080 negat
1696 1039 1765 1070 Cel.

1028 1083 1242 1114 Burmannus
1260 1085 1282 1115 l.
1294 1096 1322 1115 c.
1338 1091 1468 1115 rectum
1486 1095 1569 1122 esse,
1583 1094 1690 1123 neque
1705 1083 1768 1113 hos

1028 1131 1117 1157 recte
1141 1133 1292 1159 veterum
1317 1129 1464 1159 aedilium
1490 1138 1597 1158 mores
1617 1127 1767 1157 conside-

1028 1180 1130 1209 rasse,
1148 1172 1204 1211 qui
1228 1173 1335 1212 primo
1363 1173 1468 1213 (Verr.
1492 1172 1534 1202 iv.
1552 1170 1598 1210 3.)
1621 1181 1769 1201 commo-

1029 1214 1106 1244 dato
1130 1216 1321 1254 acceperint
1347 1220 1547 1246 ornamenta
1570 1215 1725 1245 ludorum
1748 1223 1769 1244 a

1029 1258 1298 1297 provincialibus,
1312 1259 1432 1289 deinde
1445 1259 1568 1289 donare
1584 1268 1649 1296 res,
1661 1263 1696 1287 et
1711 1258 1769 1287 be-

1028 1302 1106 1331 stias
1120 1303 1232 1332 venari
1245 1302 1286 1332 ad
1295 1302 1487 1343 spectacula
1495 1302 1675 1342 coegerint.
1685 1301 1767 1331 Loci

1029 1345 1197 1375 Ciceronis
1221 1346 1261 1376 ad
1286 1347 1363 1376 Div.
1381 1347 1415 1376 ii.
1437 1349 1486 1376 ll.
1511 1346 1576 1376 viii.
1593 1350 1625 1380 9.
1650 1345 1719 1375 Att.
1737 1354 1767 1375 v.

1026 1388 1090 1418 ult.
1114 1389 1156 1419 vi.
1177 1392 1203 1420 1.
1227 1400 1307 1428 quos
1331 1390 1427 1419 affert
1442 1391 1477 1419 in
1493 1389 1579 1419 hane
1595 1399 1679 1426 rem,
1696 1398 1768 1418 om-

1028 1441 1085 1461 nes
1110 1437 1190 1462 sunt
1214 1433 1253 1462 de
1277 1434 1405 1471 bestiis,
1423 1433 1615 1473 pantheris3
1639 1432 1697 1462 sed
1713 1441 1768 1462 eas

1029 1485 1095 1505 non
1105 1476 1291 1515 imperabat
1301 1477 1477 1516 provinciae
1491 1476 1680 1506 civitatibus
1694 1476 1769 1506 Coe-

1028 1518 1092 1549 lius
1116 1519 1234 1556 aediliS,
1256 1521 1314 1550 sed
1338 1520 1534 1550 Ciceronem
1558 1520 1708 1559 rogabat,
1730 1523 1770 1550 ut

1027 1562 1089 1592 sibi
1106 1563 1270 1601 mitteret,
1286 1564 1372 1603 quod
1395 1564 1537 1603 putabat
1552 1564 1703 1593 civitates
1720 1563 1769 1594 fa·

1029 1606 1090 1636 cile
1113 1611 1302 1644 venaturas,
1319 1608 1346 1637 si
1370 1607 1614 1637 intellexissent
1638 1606 1770 1637 Cicero-

1029 1650 1062 1679 ni
1087 1655 1220 1689 gratum
1245 1660 1279 1681 se
1306 1651 1463 1681 facturas.
1510 1651 1626 1690 Neque
1650 1655 1768 1680 tamen

1028 1693 1091 1723 hoe
1115 1693 1243 1724 factum
1267 1702 1381 1734 postea
1397 1704 1538 1734 negem;
1564 1703 1769 1733 quamquam

1029 1746 1129 1776 saepe,
1148 1738 1181 1767 in
1205 1738 1320 1778 primis
1343 1739 1377 1767 in
1393 1738 1584 1779 Symmachi
1608 1737 1769 1777 epistolis,

1028 1779 1181 1819 legerim,
1196 1781 1320 1812 bestias
1345 1782 1608 1820 magistratibus,
1625 1780 1771 1811 homini-

1029 1824 1090 1853 bus
1105 1825 1254 1864 privatis,
1267 1835 1286 1854 a
1302 1825 1504 1863 civitatibus,
1518 1834 1587 1855 esse
1600 1829 1658 1854 aut
1671 1833 1770 1864 spon-

1029 1871 1075 1904 te,
1095 1868 1216 1898 amoris
1240 1873 1273 1898 et
1297 1869 1414 1908 gratiae
1437 1878 1549 1906 causa,
1566 1873 1625 1898 aut
1648 1871 1767 1907 rogatu

1030 1911 1138 1948 datas,
1159 1911 1244 1942 nihil
1266 1912 1306 1942 de
1329 1913 1512 1952 imperatis.
1557 1912 1668 1951 Quare
1693 1921 1770 1941 vero

1030 1955 1070 1985 de
1094 1957 1236 1993 pecunia
1252 1956 1426 1986 dubitetur
1441 1966 1460 1986 a
1477 1956 1684 1992 Burmanno,
1701 1964 1769 1985 non

1031 1997 1136 2028 video.
1186 1998 1369 2029 Audiamus
1405 2001 1514 2039 ipsum
1549 1999 1767 2029 Ciceronem:

1031 2051 1082 2072 res
1111 2042 1176 2072 erit
1204 2043 1368 2073 confecta.
1414 2043 1587 2082 Quantum
1614 2051 1690 2071 vero
1719 2044 1772 2072 est.

1032 2085 1116 2115 illud
1139 2086 1338 2116 beneficium
1364 2092 1476 2124 tuum,
1494 2086 1582 2125 quod
1605 2086 1719 2124 iniquo
1735 2089 1772 2116 et

1032 2130 1124 2168 gravi
1147 2131 1298 2169 vectigali
1316 2130 1549 2167 aediliciorum,
1567 2129 1696 2168 magnis
1711 2138 1771 2158 no-

1032 2172 1108 2202 stris
1150 2173 1392 2210 simultatibus,
1433 2173 1546 2203 Asiam
1593 2172 1768 2202 liberasti?

1033 2216 1215 2254 enimvero,
1228 2217 1254 2246 si
1273 2226 1358 2247 unus
1376 2217 1476 2247 homo
1490 2216 1606 2247 nobilis
1619 2216 1772 2254 queritur

1032 2259 1157 2299 palam,
1181 2264 1228 2298 te,
1253 2260 1340 2299 quod
1366 2260 1520 2298 edixeris,
1545 2270 1586 2290 ne
1610 2259 1652 2289 ad
1674 2259 1770 2290 ludos

1034 2303 1185 2342 pecuniae
1196 2300 1457 2334 decernerentur
1470 2303 1591 2344 (intell.
1602 2313 1621 2333 a
1629 2303 1773 2332 civitati-

1034 2345 1107 2384 bus)
1136 2354 1188 2377 ΗΞ.
1213 2356 1255 2377 cc
1279 2347 1340 2377 sibi
1365 2348 1538 2388 eripuisse,
1555 2350 1680 2386 quanta
1696 2351 1773 2376 tan-

1034 2389 1109 2420 dem
1121 2391 1265 2430 pecunia
1278 2391 1489 2430 penderetur,
1503 2391 1529 2420 si
1541 2390 1693 2421 omnium
1712 2399 1771 2419 no-

1034 2433 1137 2471 mine,
1150 2434 1352 2473 quicumque
1369 2434 1484 2466 Romae
1496 2433 1590 2464 ludos
1606 2433 1769 2470 facerent,

1033 2476 1122 2515 quod
1138 2482 1210 2507 erat
1226 2478 1300 2516 jam
1323 2478 1534 2515 institutum,
1551 2478 1769 2517 erogaretur?

1034 2520 1271 2560 perantiquam
1290 2526 1404 2552 autem
1422 2521 1702 2551 consuetudinem
1719 2520 1773 2550 fu-

1034 2563 1110 2601 isse,
1130 2570 1169 2595 ut
1186 2565 1278 2594 Proc.
1296 2570 1331 2594 et
1354 2565 1577 2604 Propraetores
1600 2574 1620 2594 a
1642 2564 1774 2604 provin-

1033 2607 1172 2638 cialibus
1200 2609 1373 2647 exigerent
1397 2609 1574 2648 pecuniam
1599 2607 1640 2638 ad
1663 2607 1772 2645 ludos,

1031 2650 1221 2690 frustraque
1245 2661 1332 2691 saepe
1356 2653 1451 2682 SCtis
1472 2651 1663 2689 comestam,
1680 2655 1775 2691 patet

1032 2704 1050 2723 e
1065 2694 1159 2724 Livio
1172 2694 1216 2725 xl.
1232 2698 1285 2726 44.
1309 2695 1328 2715 *ἕ
1339 2694 1427 2725 Hinc
1445 2696 1545 2726 etiam
1559 2695 1598 2725 de
1611 2695 1773 2726 reditibus

1033 2738 1238 2777 privatorum
1254 2738 1430 2769 hominum
1449 2739 1586 2776 dicitur,
1598 2742 1637 2768 ut
1649 2739 1683 2770 in
1696 2737 1752 2768 illo
1764 2750 1770 2768 z

1033 2780 1150 2811 Parad.
1167 2782 1209 2811 vi.
1221 2785 1252 2812 3.
1277 2791 1438 2821 magnum
1455 2783 1598 2820 vectigal
1613 2782 1774 2821 parsimo-

1034 2825 1100 2854 nia.
1125 2825 1204 2855 ibid.
1229 2835 1268 2855 ex
1285 2835 1360 2855 meo
1376 2827 1472 2856 tenui
1491 2827 1655 2865 vectigali.
1672 2824 1714 2854 cf.
1731 2824 1772 2854 ad

1032 2867 1102 2898 Att.
1120 2868 1176 2898 xii.
1198 2871 1248 2905 19,
1266 2869 1326 2899 διε.

1074 2911 1259 2951 Vectigalis,
1271 2922 1287 2942 e
1298 2911 1516 2952 vectigalibus
1527 2911 1707 2943 redacta.V
1711 2921 1774 2943 err.

1900 3143 1902 3146 ,
1893 2980 1917 3119 ..Q-,u
