1985 3206
713 164 862 194 mnnx
883 159 1253 192 GEOGRAPHICUS.
1682 147 1732 186 53

201 257 278 297 ipsi,
296 257 352 298 qui
369 257 404 288 in
419 255 483 288 hac
500 255 574 298 ipsa
587 255 728 297 epistola
744 255 844 295 τέμνῃ
861 255 945 286 Rea-

200 302 351 332 tinorum
377 305 548 331 vo‹·antur.
573 311 603 331 v.
621 301 714 331 Varr.
738 299 778 330 R.
803 300 843 330 R.
869 299 890 329 i.
911 302 942 333 7.

205 348 255 375 10.
288 351 323 376 et
354 345 398 375 ibi
433 344 581 385 Interpp.
612 343 770 374 Heinsius
797 349 832 373 et
859 342 943 372 Bur—

200 397 316 420 mann.
335 388 376 418 ad
391 388 482 428 Virg.
500 389 576 418 AEn.
593 388 649 417 vii.
668 389 741 421 712.

246 433 386 469 Rudini,
404 432 443 462 de
466 432 560 462 Orat.
585 431 630 461 iii.
656 432 708 462 42.
743 429 860 460 incolae
883 439 942 469 op-

201 476 269 517 pidi
295 477 329 506 in
355 475 508 506 Calabria
533 475 730 505 Rudiarum.
760 484 818 514 pro
842 473 940 503 Areli.

204 523 253 551 10.
285 520 417 550 Radius
440 525 501 550 est.
548 519 611 549 Sed
635 518 689 547 hic
711 527 840 556 quoque
861 516 940 546 Ant.

199 563 408 603 Augustinus
426 568 458 593 et
480 562 619 593 Ursinus
637 561 770 591 rescribi
787 560 942 590 volebant

202 607 367 638 Rudinus.
419 606 586 636 Ausonius
624 615 755 644 quoque
793 604 940 634 Ennium

202 651 374 682 Rudinum
385 650 577 690 appellavit,
589 658 655 679 non
668 649 828 679 Badium.
854 647 940 677 Item

200 704 253 734 ap.
272 694 421 725 Frontin.
439 694 478 724 de
497 693 613 724 Colon.
631 703 663 734 p.
685 693 754 726 127.
782 691 939 722 Rodinus.

551 824 583 853 S.

247 908 375 947 Sabini,
393 908 535 949 populus
551 908 651 938 Latii.

249 954 355 983 Sacra
385 954 452 990 via,
481 953 522 981 ad
545 951 614 982 Att.
645 952 686 981 iv.
712 954 741 982 3.
768 952 821 981 via
851 953 942 982 urbis

202 997 331 1033 Roma‘,
363 1007 436 1036 quae
472 1005 593 1025 nomen
625 995 725 1025 habet
756 1005 775 1025 a
806 995 940 1033 fcerit-re,

203 1041 291 1079 quod
316 1041 348 1070 in
373 1051 412 1070 ea
435 1041 523 1070 inter
545 1038 727 1070 Romulum
751 1046 784 1069 et
802 1039 939 1070 Tatium

203 1085 308 1114 ictum
326 1089 387 1114 est.

249 1127 374 1167 Sagra,
389 1127 428 1156 de
444 1127 524 1156 Nat.
541 1127 583 1157 D.
602 1126 635 1155 ii.
653 1128 682 1157 2.
710 1126 828 1156 fluvius
843 1126 941 1157 Brut-

202 1172 327 1201 tiorum
355 1172 443 1201 inter
470 1171 592 1200 Locros
619 1176 653 1199 et
681 1169 878 1201 Cauloniam
908 1172 941 1201 in

203 1215 330 1254 Magna
345 1214 483 1244 Graecia.

248 1259 454 1297 Saguntum,
490 1258 570 1287 urbs
610 1257 781 1297 Hispaniae
823 1257 945 1288 Tarra-

200 1302 376 1340 eonensis3
394 1301 483 1331 unde
501 1301 694 1340 Saguntini.

249 1345 363 1382 Saitae,
390 1346 430 1375 de
459 1345 539 1375 Nat.
566 1345 666 1375 Deor.
693 1346 739 1375 iii.
764 1347 816 1376 23.
841 1356 861 1375 a
883 1345 944 1377 Saz'

201 1390 285 1420 urbe
300 1390 449 1429 AEgypti,
466 1394 500 1418 et
517 1389 652 1428 quidem
670 1390 703 1418 in
721 1388 833 1419 Delta.

202 1458 203 1461 ,
248 1433 407 1470 Salamis,
425 1433 464 1463 de
480 1433 544 1463 Off.
561 1433 582 1463 i.
606 1436 654 1463 18.
686 1443 755 1462 una
770 1443 809 1462 ex
826 1433 941 1463 insulis

204 1476 328 1507 Graeeis
367 1478 456 1507 circa
500 1476 781 1517 Peloponnesum,
823 1477 942 1507 nobilis

204 1520 298 1551 clade
314 1521 443 1551 Xerxis.

250 1565 408 1602 Salamis,
436 1564 477 1594 ad
501 1564 571 1594 Att.
598 1565 640 1594 vi.
668 1567 695 1594 1.
724 1565 802 1595 urbs
833 1565 942 1605 Cypri.

204 1606 302 1638 Unde
339 1609 530 1646 Salaorzin'ic',
563 1608 604 1638 ad
634 1607 706 1638 Att.
737 1619 768 1639 v.
798 1611 850 1640 21.
883 1619 942 1649 pro

202 1651 302 1683 Arch.
319 1655 349 1683 8.

249 1695 416 1736 Salapiai,
433 1695 548 1735 Agrar.
570 1697 604 1726 ii.
627 1698 678 1731 27.
697 1695 815 1726 incolae
830 1696 943 1737 oppidi

204 1737 334 1779 Apuliae
350 1739 527 1780 Salapinae.

250 1783 400 1821 Salaria,
417 1783 457 1813 de
474 1784 552 1814 Nat.
570 1783 612 1814 D.
629 1784 675 1814 iii.
692 1788 722 1815 5.
744 1784 807 1814 Via
822 1787 947 1824 aporia

206 1826 337 1857 Collina
353 1828 387 1857 in
404 1827 554 1866 Sabinos,
572 1838 591 1858 a
606 1827 673 1858 sale
690 1829 782 1858 dicta
796 1838 856 1868 per
870 1838 945 1858 eam

205 1870 348 1902 Romam
366 1871 515 1901 devecto.

250 1915 429 1952 Salentini,
460 1915 557 1945 Rosc.
589 1915 701 1945 Amer.
735 1916 788 1946 46.
827 1915 944 1945 incolae

206 1959 321 1999 oppidi
339 1959 509 1996 Salentiae,
526 1960 562 1989 in
580 1959 743 1989 Calabria.

252 2002 444 2040 Salernum,
462 2002 612 2033 Herenn.
636 2003 677 2032 iv.
704 2006 754 2034 51.
785 2002 947 2043 oppidum

207 2046 474 2084 Picentinorum,
491 2057 567 2087 pop.
583 2047 618 2077 in
634 2047 760 2085 Magna
776 2047 915 2077 Graecia.

253 2090 432 2128 Sanmites,
449 2091 563 2130 populi
580 2091 718 2120 Samnii.
748 2091 831 2120 item

252 2134 399 2171 Samnis,
439 2144 543 2173 genus
582 2134 819 2174 gladiatorum,
858 2135 946 2174 quod

208 2177 308 2207 armis
325 2177 516 2208 Samniticis
532 2179 703 2209 utebatur.
731 2189 759 2208 v.
776 2178 848 2209 Liv.
864 2179 886 2209 l.
903 2180 947 2209 ix.

208 2223 263 2251 40.

254 2264 444 2302 Samnium,
461 2266 553 2304 regio
573 2265 679 2296 Italiae
696 2265 786 2295 inter
799 2265 948 2305 Volscos,

209 2307 376 2347 Pelignos,
396 2309 596 2349 Campanos,
614 2308 752 2350 Apulos,
768 2310 933 2340 Lucanos.

253 2351 507 2390 Samarobrivoe,
521 2353 561 2383 ad
574 2353 651 2383 Div.
669 2354 722 2383 vii.
739 2355 769 2384 2.
786 2354 948 2394 oppidum

209 2395 327 2426 Galliae
343 2395 488 2436 Belgicae
504 2397 539 2426 in
555 2397 739 2427 Ambianis.

253 2439 381 2476 Samos,
393 2439 504 2470 insula
514 2440 661 2470 Asiatica
673 2441 707 2470 in
724 2442 806 2471 mari
822 2441 949 2481 AEgaeo,

210 2492 288 2513 cum
313 2483 392 2513 urbe
417 2483 567 2522 ejusdem
594 2485 752 2522 nominis,
771 2485 861 2514 unde
887 2486 950 2516 Sa-

210 2527 280 2563 mii,
307 2526 425 2557 Samia
446 2537 540 2567 vasa,
562 2538 622 2568 pro
646 2528 735 2559 Mur.
760 2530 811 2559 36.
832 2528 952 2559 fictilia

210 2574 246 2600 et
263 2569 350 2600 vilia.

257 2613 500 2652 Samothracia,
519 2615 631 2646 insula
653 2625 721 2646 una
746 2626 787 2646 ex
805 2616 858 2654 iis,
876 2626 950 2656 quae

214 2656 302 2686 eirca
315 2656 492 2688 Thraciam
504 2659 633 2697 jacent.

257 2700 371 2737 Sardi,
401 2701 520 2732 ineolae
558 2702 732 2740 Sardiniae,
764 2702 882 2734 insulae
917 2703 952 2732 in

212 2744 297 2774 mari
313 2743 496 2783 Ligustico.

258 2787 388 2824 Sardis,
406 2787 446 2818 de
467 2789 599 2820 Senect.
625 2793 673 2824 17.
690 2791 768 2820 urbs
786 2791 955 2830 praecipua

212 2829 342 2871 Lydiae,
359 2840 380 2860 a
394 2842 460 2870 qua
477 2833 648 2864 Sardiani.
674 2834 715 2863 ad
731 2835 789 2864 Dis
801 2858 807 2864 .
820 2835 888 2864 xiii.
903 2837 954 2865 55.

1032 250 1128 281 Saxa
1148 251 1265 287 rubra,
1289 247 1375 279 Phil.
1395 248 1429 279 ii.
1451 249 1503 280 31.
1531 245 1624 278 loeus
1642 247 1732 278 inter

989 295 1183 325 Cremeram
1200 300 1235 324 et
1248 294 1358 324 Veios.

1032 338 1173 369 Scantia
1202 339 1309 377 sylva,
1338 336 1454 375 Agrar.
1485 335 1505 365 i.
1539 337 1565 365 1.
1596 338 1631 364 et
1655 333 1727 364 aliis

985 381 1087 412 locis:
1116 382 1154 411 in
1183 381 1370 420 Campania
1394 380 1459 409 suit
1486 378 1620 418 publica
1645 377 1728 408 silva

985 436 1061 466 pop.
1089 425 1185 455 Rom.
1202 435 1301 463 quam
1320 424 1481 453 Censores
1498 422 1663 462 pecuariis
1680 421 1727 451 lo·

984 470 1117 499 cabant.
1151 469 1253 507 Aqaoe
1281 468 1425 498 Scantiae
1451 472 1529 496 sunt
1558 476 1611 506 ap.
1640 464 1725 495 Plin.

985 511 1231 545 H.N.ii.107.

1026 556 1188 595 Scepsius,
1197 553 1378 585 Tusa-ulan.
1391 553 1455 593 Qu.
1467 553 1488 583 i.
1501 555 1554 584 24.
1571 562 1591 582 a
1601 552 1723 591 Scepsi,

981 600 1096 640 Mysiae
1114 599 1247 639 oppido.

1026 643 1152 682 Scylla,
1171 643 1275 682 Syrtis
1293 641 1335 671 ad
1345 641 1470 671 fretum
1488 639 1651 670 Siculum.

1025 688 1163 726 Scyrus,
1191 685 1233 716 ad
1256 686 1328 715 Att.
1352 695 1382 714 v.
1411 687 1459 716 12.
1492 683 1602 714 insula
1624 682 1725 714 maris

982 731 1098 770 AEgaei.

1024 775 1167 812 Scytha»,
1189 772 1304 813 populi
1320 772 1505 803 Sarmatiae.

1026 818 1177 857 Scythia,
1195 827 1271 857 pai-s
1288 816 1462 846 Sarmatiae
1479 815 1664 854 Europaeae.

1026 862 1213 898 Sabmiani,
1229 861 1368 900 Quinct.
1392 862 1444 891 25.
1472 859 1587 899 populi
1607 858 1724 888 Galliae

982 905 1230 945 Lugdunensis,
1270 904 1387 934 AEduis
1425 908 1459 933 et
1491 902 1725 941 Allobrogibus

981 950 1165 987 interjecti,
1183 955 1224 979 ut
1241 947 1444 986 intelligitur
1462 958 1502 976 ex
1522 946 1593 976 loco
1617 946 1725 976 Cicer.

981 998 1016 1023 et
1044 994 1127 1023 Caes.
1154 992 1192 1022 B.
1218 992 1257 1022 G.
1281 992 1336 1021 xii.
1362 993 1413 1022 54.
1459 990 1540 1020 Aliis
1565 990 1726 1020 dicuntur

983 1037 1174 1076 Segustani,
1200 1036 1283 1065 item
1309 1036 1491 1065 Sec-usiani.
1537 1033 1726 1063 Hotoman-

983 1091 1044 1111 nus
1069 1081 1110 1110 ad
1131 1082 1295 1110 Caesarem
1320 1079 1438 1118 probat
1456 1079 1657 1116 Segzcsia11i;
1683 1077 1727 1109 ad

983 1124 1179 1154 Ciceronem
1195 1136 1200 1154 :
1221 1123 1406 1154 sebasiani.
1452 1121 1668 1161 Oudendorp.
1684 1121 1726 1152 V.

984 1168 1020 1198 C.
1037 1169 1079 1198 ad
1097 1168 1181 1198 Caes.
1205 1167 1242 1196 Β.
1261 1167 1300 1197 G.
1316 1167 1338 1196 i.
1360 1169 1408 1197 10.
1439 1165 1575 1206 praefert
1591 1165 1728 1203 Segusa>

983 1214 1052 1250 (mi,
1079 1222 1156 1242 cum
1189 1211 1325 1241 interim
1361 1212 1522 1247 fateatur,
1552 1209 1729 1248 plerosque

984 1256 1078 1286 MSS.
1111 1260 1146 1285 et
1175 1261 1258 1285 vett.
1287 1253 1362 1284 edd.
1391 1254 1512 1284 habere
1539 1253 1727 1284 Sebusiani.

982 1302 1043 1340 Ap.
1074 1300 1270 1330 Ciceronem
1298 1298 1346 1328 nil
1373 1298 1518 1335 variant,
1544 1297 1609 1327 nisi
1638 1295 1727 1336 quod

982 1344 1102 1375 Dresd.
1130 1344 1230 1373 habet
1248 1343 1459 1381 Sebaginnos.

1027 1388 1177 1426 δεῖς-θεία,
1209 1387 1368 1427 oppidum
1407 1384 1542 1423 Siciliae,
1583 1383 1622 1413 de
1661 1393 1727 1422 quo

982 1431 1047 1461 vid.
1074 1432 1167 1462 Verr.
1199 1431 1241 1460 iv.
1273 1434 1325 1461 33.
1364 1430 1452 1460 unde
1487 1428 1662 1467 Segestani
1693 1431 1729 1457 et

985 1476 1190 1514 seg-estenses
1206 1475 1252 1505 iii.
1270 1477 1321 1505 34.

1029 1520 1201 1556 Seianum,
1219 1518 1261 1548 ad
1281 1518 1358 1548 Div.
1380 1517 1436 1547 vii.
1464 1526 1516 1556 ep.
1543 1519 1570 1547 1.
1603 1524 1728 1546 nomen

985 1563 1113 1604 praedii,
1128 1562 1217 1602 quod
1228 1562 1269 1592 ab
1285 1561 1424 1592 obscuro
1441 1560 1552 1599 aliquo
1569 1558 1728 1600 oppidulo

986 1617 1109 1638 nomen
1126 1607 1239 1643 habet,
1257 1607 1289 1635 in
1307 1615 1386 1644 agro
1400 1605 1553 1635 Etrusco.

1030 1651 1186 1681 Seleucea
1211 1650 1340 1686 Pieria,
1359 1649 1400 1679 ad
1424 1648 1496 1678 Att.
1512 1648 1556 1677 xi.
1573 1648 1626 1678 20.
1649 1646 1728 1679 urbs

985 1696 1087 1735 Syriae
1105 1695 1146 1724 ad
1163 1694 1370 1734 Euphraten.
1389 1692 1428 1722 de
1446 1702 1511 1731 qua
1526 1690 1600 1721 vide
1617 1689 1729 1731 Polyb.

986 1749 1016 1770 v.
1035 1743 1086 1773 59.
1103 1743 1138 1768 et
1156 1738 1275 1768 Cellar.
1293 1737 1332 1766 G.
1349 1737 1388 1766 A.
1406 1736 1452 1766 iii.
1473 1737 1522 1766 12.
1539 1735 1592 1766 26.
1609 1743 1699 1773 seqq.

1031 1782 1195 1821 Seleucia,
1214 1782 1256 1812 ad
1276 1782 1354 1813 Div.
1375 1780 1444 1810 viii.
1463 1783 1512 1811 14.
1544 1778 1637 1818 regia
1652 1777 1733 1808 Par-

986 1826 1135 1858 thorum.
1458 1842 1459 1845 =

1032 1870 1238 1907 Semurium,
1256 1868 1341 1899 Phil.
1357 1868 1399 1898 vi.
1418 1868 1449 1898 6.
1477 1876 1555 1906 ager
1571 1876 1591 1896 a
1605 1865 1732 1895 Laren-

986 1915 1037 1944 tia
1066 1925 1143 1954 pop.
1175 1914 1327 1944 Romano
1358 1911 1502 1951 legatus.
1528 1921 1558 1942 v.
1581 1909 1731 1940 Macrob.

988 1960 1124 1988 Saturn.
1140 1957 1196 1987 lib.
1214 1958 1235 1987 i.
1253 1967 1281 1987 e.
1299 1960 1348 1987 10.

1032 2002 1201 2039 Senenses,
1218 2000 1314 2031 Brut.
1340 2002 1390 2030 18.
1422 2009 1441 2029 a
1462 1998 1566 2036 Sena,
1586 1996 1732 2027 Etrurioe

987 2045 1120 2086 oppido.

1034 2090 1199 2129 Seplasia,
1222 2088 1256 2118 in
1280 2087 1391 2118 Pison.
1418 2089 1449 2120 7.
1476 2088 1525 2116 11.
1554 2084 1646 2114 locus
1671 2084 1734 2114 Ca-

988 2144 1076 2174 puae,
1108 2133 1165 2163 ubi
1197 2137 1376 2172 unguenta
1410 2129 1654 2160 vendebantur.
1691 2127 1736 2158 cf.

988 2179 1105 2218 Agrar.
1122 2177 1156 2206 ii.
1173 2179 1225 2207 34.

1033 2222 1164 2261 Septem
1183 2220 1299 2259 Aquoe,
1323 2217 1366 2248 ad
1388 2217 1460 2247 Att.
1480 2215 1523 2246 iv.
1550 2219 1600 2246 15.
1623 2214 1734 2245 Lacus

989 2266 1058 2306 agri
1077 2264 1223 2295 Reatini.

1034 2310 1175 2348 Squra,
1192 2307 1235 2337 ad
1250 2305 1327 2337 Div.
1346 2315 1398 2335 xv,
1412 2314 1464 2344 ep.
1480 2305 1512 2334 4.
1544 2302 1636 2331 vicus
1654 2300 1736 2331 Cili-

990 2353 1062 2390 ciae,
1080 2353 1115 2382 iu
1132 2362 1172 2381 ea
1185 2349 1309 2381 Amani
1327 2354 1436 2389 parte,
1458 2347 1519 2377 sub
1537 2347 1632 2385 cujus
1649 2344 1736 2375 radi-

989 2398 1081 2427 cibus
1099 2396 1172 2425 Arae
1189 2393 1370 2425 Alexandri
1386 2395 1494 2422 erant.

1035 2440 1207 2479 Seriplzus,
1225 2437 1265 2468 de
1288 2436 1369 2466 Nat.
1392 2436 1436 2466 D.
1453 2435 1475 2465 i.
1496 2436 1550 2464 31.
1574 2431 1685 2463 insula
1700 2432 1736 2462 in

990 2484 1075 2515 mari
1089 2484 1217 2522 AEgaeo',
1234 2482 1323 2512 inter
1338 2478 1497 2521 Cycladas
1512 2489 1521 2516 3
1539 2476 1628 2507 unde
1646 2475 1737 2507 Seri-

985 2529 1099 2569 phius,
1117 2527 1157 2556 de
1174 2527 1251 2556 Seu.
1269 2528 1300 2556 3.

1036 2572 1170 2602 Setinus
1185 2579 1281 2608 ager,
1304 2566 1420 2606 Agrar.
1443 2565 1477 2595 ii.
1499 2566 1553 2596 25.
1575 2563 1611 2593 in
1627 2562 1741 2601 Latio,

992 2616 1127 2654 frugum
1157 2619 1191 2643 et
1213 2612 1281 2642 vini
1304 2609 1545 2646 fertilissimus,
1569 2607 1610 2638 ab
1634 2607 1741 2646 Selia,

993 2658 1116 2700 oppido
1131 2667 1198 2688 non
1215 2654 1365 2696 ignobili.

1041 2702 1202 2733 Servilius
1231 2702 1336 2736 lacuS,
1363 2698 1396 2727 S.
1419 2696 1517 2728 Rosa
1541 2696 1594 2726 32.
1625 2693 1742 2728 Ro-mae

994 2747 1072 2777 suit.

1042 2789 1234 2826 Siciliensis,
1267 2786 1307 2817 de
1344 2784 1427 2816 Nat.
1461 2784 1564 2815 Deor.
1603 2781 1650 2812 iii.
1692 2783 1745 2813 10.

997 2834 1076 2873 Agr.
1094 2834 1114 2863 i.
1132 2835 1164 2863 4.

258 2873 455 2914 sardonius,
470 2876 512 2907 ad
530 2878 606 2908 Div.
620 2878 674 2907 vii.
687 2879 740 2908 25.
759 2888 778 2907 a
793 2877 956 2908 Sardinia.
1044 2878 1176 2916 Sicyon,
1193 2874 1236 2905 ad
1251 2874 1323 2906 Att.
1341 2873 1364 2904 i.
1383 2875 1434 2905 13.
1463 2880 1534 2901 una
1557 2868 1597 2900 de
1614 2872 1748 2908 septem

241 2917 446 2966 Satricum,
463 2920 541 2951 urbs
564 2921 654 2952 Latii
677 2922 809 2961 antiqui
833 2921 873 2952 ad
893 2921 958 2962 Ap·
1001 2921 1194 2951 civitatibus
1206 2918 1375 2949 veteribus
1387 2915 1526 2946 Graeeiae
1541 2913 1574 2944 in
1586 2912 1749 2952 Pelopon·

216 2970 307 3004 Pffim
325 2962 424 2995 viam.
1003 2974 1083 2997 ueso
1101 2972 1202 3004 prope
1220 2962 1401 2993 Isthmum.
1448 2957 1670 2989 Celebrautur
1681 2957 1750 2986 cal-2

1171 3014 1193 3037 Ε
1208 3008 1227 3037 3
