1920 3196
238 70 323 120 ωε

245 171 299 200 43.
326 164 434 206 quoad
449 175 510 196 sua
523 169 630 205 sponte
646 164 861 201 instituisset,
878 163 911 194 id
928 173 985 194 ne-

246 212 372 242 minem
401 210 557 239 metuisse
589 218 630 239 ne
667 208 739 247 quis
768 208 984 247 reperiretur,

247 255 302 294 qui
320 254 415 283 istius
433 253 627 283 institutum
644 251 738 291 sequi
753 250 864 281 vellet.

291 298 457 337 Sportella
489 301 540 326 est
569 295 759 332 obsonium,
789 294 895 333 cibus,
928 294 985 334 qui

245 341 429 381 opponitur
459 348 551 369 cenae
575 339 691 379 justae,
720 337 773 367 vcl
802 342 913 368 rectae.
943 337 984 368 ad

248 385 324 415 Div.
347 385 391 414 ix.
409 386 462 415 20.
488 382 695 413 dediscendae
712 382 774 412 tibi
797 385 878 412 sunt
895 391 983 422 spor-

248 430 332 458 telloe
347 434 382 457 et
408 426 595 465 artolagani
621 426 689 456 tui:
716 425 749 456 h.
782 434 810 455 e.
839 435 921 462 non,
945 428 984 455 ut

247 471 345 508 soles,
362 470 523 511 placentis
540 474 574 499 et
586 468 749 499 similibus
759 468 838 498 cibis
855 468 985 499 leviori·

248 515 309 545 bus
328 525 387 545 nos
410 514 562 554 excipere
580 513 692 550 debes,
718 515 792 551 post
816 522 897 550 quos
915 521 985 542 ma-

249 568 313 589 nus
327 568 393 588 non
410 558 576 594 lavantur,
592 555 757 594 scdjustis
773 555 941 586 conviviis.
956 565 987 585 v.

252 601 333 632 Lex.
352 601 446 631 Fabr.
464 601 498 630 in
515 600 681 640 Sportula.
698 609 731 629 n.
749 601 779 630 2.

294 645 522 685 Spectatz'licm,
545 647 642 683 sputo
669 642 922 683 conspuendus:
947 640 982 671 h.

247 699 278 719 e.
295 688 574 718 contemnendus.
599 686 653 716 ΒΓ.
677 689 730 720 74.
764 686 905 716 Sisenna
929 685 986 714 de-

251 732 391 762 fendens
419 732 516 769 dixit,
533 730 686 770 quaedam
706 730 776 770 ejus
799 730 989 770 sputatz'lica

249 786 320 806 csse
337 776 488 806 crimina.

294 819 446 859 Squulor,
460 818 499 848 de
517 817 722 857 lugentibus,
737 817 855 856 quibus
866 820 900 846 et
915 824 988 846 sor-

249 862 306 894 des
323 864 529 894 tribuuntur.
552 862 643 892 Sext.
662 864 711 891 14.
723 861 890 901 squalebat
906 860 985 889 civi-

249 912 314 937 tas.

295 950 484 991 Squalidus,
503 948 542 979 (le
565 948 662 979 rebus
685 947 877 984 subtilibus,
903 956 984 986 qua-

246 992 293 1024 lia
319 999 400 1025 sunt
422 993 685 1024 Dialecticorum
717 995 895 1031 praecepta,
925 993 986 1020 aut

247 1047 321 1076 quae
339 1049 378 1067 ex
394 1038 432 1068 iis
446 1036 600 1067 subtilius
615 1035 840 1075 disputantur.
856 1036 913 1064 Or.
930 1035 983 1065 32.

247 1081 307 1111 sed
337 1081 416 1121 quia
444 1080 515 1111 haec
552 1089 612 1110 sua
640 1083 759 1119 sponte
787 1077 985 1118 squalidiora

248 1129 340 1162 sunt,
356 1125 562 1155 adhibendus
578 1123 642 1153 erit
656 1123 690 1152 in
707 1122 757 1153 his
780 1121 984 1162 explicandis

251 1168 386 1207 quidam
412 1168 572 1198 orationis
589 1167 688 1196 nitor.
713 1166 760 1196 sic
776 1166 879 1196 etiam
904 1164 985 1195 dici-

246 1219 305 1242 tur
321 1212 511 1242 adverbium
539 1210 694 1251 squalide.
718 1210 789 1240 Fin.
806 1210 848 1239 iv.
872 1212 903 1239 3.
927 1207 986 1238 sed

250 1265 307 1286 vos
323 1257 506 1296 squalidius
525 1257 583 1295 (sc.
599 1253 757 1291 definitis,
774 1251 957 1293 partimini]
975 1264 982 1281 :

249 1299 384 1330 illorum
403 1299 505 1336 vides,
522 1308 622 1338 quam
637 1298 746 1327 niteat
759 1297 876 1327 oratio.

292 1343 444 1383 Squalor,
462 1342 501 1372 ‹le
527 1341 730 1381 lugentibus.
747 1340 788 1370 ad
805 1340 881 1370 Div.
908 1348 937 1368 v.
958 1341 986 1370 l.

247 1386 284 1423 in
308 1387 404 1417 luctu
421 1390 454 1416 et
479 1387 627 1426 squalore
642 1395 728 1415 sum.
751 1384 846 1415 Verr.
870 1393 901 1414 v.
931 1385 984 1413 48.

248 1435 333 1460 extr.
358 1430 518 1470 adspicite
540 1430 720 1469 squalorem
741 1427 918 1465 sordesque
934 1436 986 1456 so-

248 1475 387 1505 ciorum.
408 1475 445 1504 it.
467 1473 506 1503 de
523 1472 798 1513 supplicantibus.
823 1471 935 1500 Plane.
954 1472 984 1500 8.

249 1528 349 1556 quam
381 1527 470 1547 nunc
500 1516 755 1547 multitudinem
794 1515 912 1545 vidctis
950 1515 984 1544 in

248 1563 397 1602 squalore
413 1565 447 1591 et
463 1561 558 1591 luctu
575 1559 760 1600 supplicem
775 1558 876 1589 vobis.

292 1606 434 1645 Squillu,
451 1605 562 1644 piscis,
579 1605 634 1643 qui
648 1608 682 1633 et
698 1603 890 1642 pinnoteres
905 1601 986 1632 dici-

249 1653 319 1680 tur.
335 1659 364 1679 v.
378 1649 456 1679 Nat.
474 1649 516 1679 D.
533 1648 566 1678 ii.
583 1650 635 1678 48.
661 1646 731 1676 Fin.
747 1647 780 1676 ii.
797 1649 827 1676 8.

290 1693 436 1723 Stabilis.
460 1692 533 1723 Fin.
559 1691 593 1721 ii.
618 1693 670 1722 ⁶23.
695 1690 846 1730 voluptas
862 1689 985 1720 stabilis

251 1735 507 1777 Epicureorum,
526 1734 603 1774 quid
619 1736 661 1765 sit
676 1735 687 1764 ?

296 1780 408 1817 Sam-e,
427 1781 461 1810 in
478 1790 512 1809 re
539 1778 675 1809 militari
693 1777 861 1817 significat
878 1778 986 1817 primo

249 1824 458 1864 simpliciter,
476 1823 510 1853 in
533 1823 604 1852 acie
628 1831 720 1860 esse3
748 1821 837 1851 unde
860 1821 987 1851 formu-

249 1867 289 1898 }ae
305 1881 310 1898 :
336 1878 412 1898 cum
431 1867 542 1906 aliquo
557 1871 658 1903 stare,
674 1875 693 1895 a
719 1865 869 1905 partibus
885 1864 988 1894 alicu-

244 1913 300 1951 jus
315 1916 404 1942 slare
420 1911 479 1940 ἃς.
508 1910 602 1941 Brut.
619 1913 671 1944 79.
696 1919 794 1939 nemo
812 1912 927 1939 contra
943 1908 988 1938 ci-

250 1956 342 1987 vium
358 1955 566 1995 perditorum
593 1953 790 1994 popularem
813 1952 988 1982 turbulen-

249 2004 387 2038 tamque
404 1998 608 2028 dementiam
626 2007 646 2027 a
667 2001 788 2026 senatu
804 2001 838 2025 et
852 2006 872 2026 a
886 1996 990 2026 bono-

248 2053 326 2073 rum
342 2052 442 2072 causa
455 2043 544 2072 stetit
559 2040 766 2071 constantius
784 2052 790 2069 :
816 2040 988 2069 sedetiam

253 2096 388 2117 manere
411 2087 446 2116 in
464 2086 547 2123 acie,
570 2084 815 2124 opponiturque
832 2085 873 2123 «τῷ
895 2083 991 2122 fuge-

252 2139 299 2160 re.
321 2130 422 2160 Tusc.
450 2130 484 2160 ii.
501 2130 554 2159 5⁷3.
577 2132 616 2158 ut
639 2128 729 2158 enim
756 2128 795 2157 fit
812 2128 846 2157 in
862 2126 989 2167 praelio,

255 2179 293 2206 ut
323 2174 463 2213 ignavus
493 2172 587 2202 miles
614 2181 652 2201 ac
683 2171 838 2209 timidus,
860 2171 989 2210 abjecto

252 2223 350 2249 scuto
363 2216 570 2257 fugiat‚——ob
588 2225 727 2254 eamque
745 2224 879 2245 causam
896 2224 992 2255 pere·

256 2266 290 2291 at
303 2269 547 2299 nonnunquam
565 2259 667 2289 etiam
686 2259 816 2297 integro
841 2267 990 2298 corpore,

255 2315 333 2334 cum
349 2305 389 2340 ci,
406 2305 462 2343 qui
478 2305 614 2340 steterit,
641 2302 726 2333 nihil
741 2302 807 2332 tale
833 2302 993 2332 evenerit.

255 2348 274 2371 *²
289 2353 379 2378 stare
393 2357 490 2387 porro
506 2348 677 2383 dicuntur,
693 2347 748 2384 qui
764 2345 875 2375 locum
890 2345 926 2375 in
942 2354 994 2375 re-

258 2391 349 2432 publ.
375 2392 590 2431 dignitatem,
606 2390 764 2423 fortunas⁴
778 2389 934 2419 obtinent
960 2393 995 2419 et

260 2439 415 2466 tuentur.
439 2434 481 2464 ad
496 2434 573 2465 Div.
591 2434 645 2464 vii.
662 2435 694 2465 2.
726 2443 840 2463 eorum
856 2431 993 2472 auxilie,

260 2480 317 2519 qui
328 2489 381 2509 me
389 2476 604 2516 stante,'stc1re
616 2486 683 2507 non
693 2481 860 2516 poterant.
869 2476 887 2494 *Ψ
898 2477 995 2515 item,

262 2523 320 2562 qui
336 2527 528 2553 constantes
545 2521 674 2551 suntin
691 2529 725 2550 re
752 2519 876 2559 aliqua,
894 2520 950 2558 qui
977 2530 997 2550 a

258 2567 430 2599 sententia
454 2568 621 2605 suscepta,
644 2563 814 2604 promissis
841 2564 901 2593 ἀρ.
929 2572 996 2594 nou

260 2610 435 2642 recedunt.
469 2609 540 2639 Att.
566 2608 621 2638 vii.
656 2611 705 2638 15.
742 2616 859 2637 omnes
885 2607 999 2647 cupic-.

262 2654 344 2685 bant
370 2654 536 2683 Caesarem
555 2657 644 2682 stare
668 2650 914 2681 conditionibus
945 2651 998 2688 iis,

263 2707 345 2738 quas
362 2697 503 2727 tulisset.
527 2696 568 2726 ad
585 2696 659 2726 Div.
673 2695 716 2724 ix.
735 2696 766 2725 2⁷.
790 2694 888 2724 modo
905 2694 998 2725 nobis

261 2746 323 2773 stet
340 2740 435 2778 illud,
454 2750 522 2770 una
543 2740 651 2769 vivere
665 2739 699 2768 in
715 2737 844 2768 studiis.
867 2736 939 2769 Att.
965 2738 998 2768 ii.

262 2787 294 2816 4.
318 2786 345 2814 si
377 2785 412 2814 in
441 2794 480 2814 eo
507 2793 573 2813 non
603 2787 679 2813 stat.
715 2785 838 2812 *stare
864 2780 999 2819 dicitur,

263 2827 353 2867 quud
369 2828 541 2858 decretum
557 2830 609 2857 est
621 2831 656 2856 et
671 2825 906 2855 constitutum.
929 2826 1002 2856 Att.

263 2872 311 2909 fii.
331 2874 379 2904 14.
405 2881 513 2912 neque
547 2871 637 2903 ‹lh-20
652 2870 771 2908 stabat,
789 2878 854 2909 quo
867 2869 1002 2911 potissi-

792 76 939 109 INDEX
959 74 1255 105 LA'rxerA'rIs.

1031 174 1123 194 mum
1149 163 1209 193 δίο.
1243 161 1365 194 *stare
1390 162 1490 193 etiam
1517 161 1688 200 dicuntur,
1704 162 1762 202 qui

1028 207 1153 237 habent
1180 205 1268 237 unde
1293 206 1420 244 vivant,
1436 207 1537 237 vitam
1561 207 1763 244 transigant.

1029 250 1135 280 Flacc.
1164 251 1194 280 6.
1219 249 1276 288 qui
1301 249 1390 280 domi
1403 254 1492 281 stare
1507 260 1574 280 non
1590 253 1760 290 poterant,

1028 293 1120 333 largo
1150 303 1187 323 ac
1214 292 1342 323 liberali
1373 294 1495 324 viatico
1522 296 1760 324 commoveret.

1029 336 1128 368 Stare
1144 346 1210 366 non
1228 346 1335 376 posse,
1353 337 1409 376 qui
1425 338 1466 368 ob
1481 347 1524 368 aes
1542 337 1692 367 alienum
1708 335 1761 366 fu-

1029 389 1119 418 gere,
1147 386 1182 410 et
1208 380 1324 410 cedere
1347 381 1418 411 foro
1445 385 1622 421 coguntur.
1648 379 1711 409 Pis.
1727 379 1758 410 6.

1028 433 1136 462 egere,
1153 423 1231 454 foris
1244 433 1314 454 esse
1330 424 1523 462 Gabinium,
1539 425 1610 454 sine
1626 423 1761 464 provin*

1027 468 1080 497 cia
1094 471 1182 498 sture
1199 476 1265 497 non
1282 478 1386 507 posse.
1432 468 1484 498 Sic
1501 471 1551 498 est
1581 469 1682 497 etiam
1704 476 1758 506 ap.

1027 511 1164 540 Sueton.
1188 510 1313 542 Othon.
1340 515 1372 543 5.
1403 510 1505 542 *Fim
1527 512 1560 541 ii.
1594 513 1643 541 10.
1667 509 1762 540 volu-

1027 557 1101 592 ptas
1115 558 1204 584 stum·
1217 560 1251 585 et
1274 565 1422 594 movens,
1446 555 1525 594 quid
1541 555 1585 585 sit
1599 555 1612 584 ?
1639 563 1667 583 v.
1681 552 1761 583 ibid.

1026 599 1079 628 523.
1103 597 1121 615 ²*
1136 602 1225 628 stare
1246 599 1349 629 etiam
1371 606 1422 630 est
1440 610 1499 639 pro
1515 599 1647 635 dieere3
1683 597 1763 636 quia

1026 645 1148 671 stantes
1164 641 1330 672 dicebant.
1364 643 1444 673 Har.
1461 642 1500 673 R.
1516 645 1548 673 4.
1573 651 1650 672 cum
1676 640 1760 671 mihi

1024 686 1126 714 stanti
1154 685 1348 716 minaretur.
1381 686 1531 717 Marcell.
1552 689 1600 716 ll.
1628 690 1764 714 nonest

1027 729 1186 759 stantibus
1215 738 1347 759 neeesse
1375 730 1531 760 omnibus
1560 728 1680 759 dicere.
1703 727 1762 757 Or.

1028 772 1080 802 63.
1105 781 1158 802 me
1187 776 1293 803 stante
1324 773 1382 803 ἃς.
1407 773 1487 803 hinc
1511 771 1596 802 illud
1610 771 1763 810 intellige

1027 816 1068 845 ad
1083 815 1159 847 Div.
1172 816 1193 845 i.
1210 819 1241 847 4.
1265 825 1342 846 cum
1359 817 1394 846 in
1409 820 1529 847 senatu
1537 814 1763 856 pulcherrime

1026 863 1202 897 staremus,
1227 859 1316 898 quod
1332 860 1405 898 jam
1431 859 1523 890 illam
1557 858 1763 889 sententiam

1025 902 1137 933 Bibuli
1152 902 1357 942 fregeramus
1375 904 1434 935 &c.
1456 903 1475 921 ᾗ
1487 902 1569 934 Rab.
1587 901 1682 933 Perd.
1711 904 1762 932 10.

1025 947 1059 977 in
1077 946 1141 977 fide
1155 951 1255 978 stare.

1071 989 1253 1028 Statarim,
1269 993 1320 1021 est
1330 994 1434 1028 actor,
1447 990 1502 1030 qui
1517 989 1663 1020 sedatius
1680 988 1765 1029 agit,

1027 1042 1136 1072 neque
1162 1035 1198 1064 in
1224 1044 1326 1064 scena
1351 1034 1528 1065 discurrit:
1563 1033 1651 1064 unde
1682 1033 1761 1073 ipsae

1026 1076 1147 1108 fabulae
1162 1080 1308 1108 stataria>
1317 1077 1488 1116 dicuutur,
1502 1087 1574 1117 quae
1583 1076 1762 1107 sedatiores

1027 1125 1130 1151 sunt:
1157 1122 1275 1161 quibus
1299 1126 1518 1163 opponuntur
1538 1121 1700 1157 motoriae,
1727 1120 1764 1150 in

1028 1164 1148 1203 quibus
1174 1165 1283 1196 multa
1309 1166 1457 1205 negotia,
1475 1174 1590 1196 cursus
1607 1165 1666 1195 διο.
1684 1163 1763 1194 hinc

1029 1208 1070 1238 ad
1085 1214 1253 1239 oratorem
1280 1209 1494 1246 transfertur,
1510 1209 1566 1248 qui
1584 1208 1696 1239 minus
1710 1217 1766 1237 ve-

1027 1251 1203 1282 hementer
1217 1253 1299 1283 dicit
1324 1258 1359 1283 et
1374 1253 1454 1293 agit.
1469 1252 1566 1283 Brut.
1581 1255 1635 1284 30.
1651 1252 1705 1283 63.
1721 1249 1764 1281 cf.

1028 1295 1129 1326 Gron.
1145 1297 1223 1327 Obs.
1241 1297 1282 1326 iv.
1299 1300 1332 1331 7.

1074 1339 1271 1371 Statassczre.
1294 1339 1375 1380 Leg.
1393 1341 1429 1370 ii.
1458 1342 1508 1371 1¹..
1531 1339 1686 1370 vincendi
1712 1342 1764 1368 at-

1029 1393 1092 1421 que
1107 1384 1259 1423 potiundi
1275 1384 1538 1424 statassandique
1561 1383 1764 1423 cognomina

1029 1427 1169 1457 Statoris
1196 1432 1231 1458 et
1258 1427 1377 1458 Invicti
1391 1428 1495 1458 Jovis.
1518 1427 1576 1457 sed
1590 1427 1677 1457 hanc
1706 1437 1764 1456 vo-

1028 1480 1101 1500 cem
1124 1480 1163 1501 ex
1189 1472 1401 1512 corruptione
1427 1475 1550 1509 ortam,
1572 1479 1689 1501 omnes
1716 1470 1764 1500 fa-

1027 1518 1154 1545 tentur.
1200 1515 1266 1546 vid.
1298 1515 1474 1554 Gruterus,
1509 1514 1701 1553 Turnebus,
1729 1521 1765 1545 et

1030 1557 1172 1588 Gronov.
1185 1559 1225 1589 ad
1237 1558 1270 1589 h.
1288 1558 1311 1589 l.

1074 1601 1190 1640 Statio,
1208 1603 1312 1641 locus,
1322 1602 1378 1633 ubi
1389 1611 1488 1632 naves
1504 1606 1593 1632 stare
1609 1606 1762 1642 possunt,

1027 1645 1086 1676 sed
1102 1646 1213 1677 minus
1229 1650 1306 1677 tuto
1331 1656 1432 1686 quam
1457 1646 1492 1676 in
1514 1649 1627 1687 portu,
1642 1645 1730 1676 unde
1746 1656 1768 1676 a

1028 1689 1168 1730 Virgilio
1194 1690 1351 1721 malefida
1375 1690 1510 1720 dicitur.
1532 1690 1575 1721 ad
1603 1689 1681 1720 Div.
1707 1690 1764 1721 xii.

1033 1737 1081 1764 15.
1104 1734 1196 1772 urbs,
1217 1738 1345 1774 portus,
1371 1735 1479 1770 statio,
1497 1743 1571 1772 quae
1598 1738 1693 1764 extra
1710 1744 1766 1764 ur-

1028 1777 1107 1808 bem
1125 1782 1187 1808 est.
1212 1777 1405 1815 *custodia‚
1422 1778 1582 1807 exeubiae.
1606 1777 1689 1807 Cato
1713 1779 1767 1808 20.

1030 1821 1070 1851 de
1085 1823 1218 1852 statione
1240 1822 1317 1852 vitae
1333 1821 1463 1859 injussu
1482 1821 1692 1860 imperatoris
1709 1820 1767 1851 de-

1029 1865 1157 1895 cedere.
1205 1864 1225 1884 *
1241 1865 1476 1895 deversorium.
1514 1864 1620 1896 Attic.
1657 1865 1700 1894 vi.
1735 1869 1768 1899 9.

1031 1914 1115 1939 extr.
1140 1909 1176 1940 in
1204 1918 1280 1940 arce
1300 1908 1441 1940 Athe-nis
1467 1909 1563 1939 statio
1584 1918 1660 1939 mea
1674 1917 1766 1939 nunc

1032 1952 1154 1992 placet.

1076 1996 1217 2028 Statim.
1241 1994 1320 2035 Agr.
1335 1995 1369 2026 ii.
1384 1998 1434 2027 15.
1451 2004 1559 2035 agros,
1574 1995 1686 2033 urbes,
1700 1999 1769 2027 cta-

1032 2041 1113 2077 tiva,
1130 2045 1260 2080 portus,
1275 2044 1383 2070 totam
1412 2039 1554 2078 denique
1570 2039 1767 2080 Bithyniam

1032 2083 1201 2114 vendituri
1229 2087 1321 2114 sunt.
1352 2082 1557 2124 Interpretes
1580 2084 1768 2124 superiores

1031 2128 1192 2158 stationes
1209 2127 1346 2158 navium
1363 2136 1433 2157 esse
1450 2130 1581 2167 putant.
1618 2127 1769 2158 Graevius

1032 2178 1147 2202 autem
1174 2174 1294 2210 stagna
1321 2171 1578 2210 interpretatur,
1602 2180 1676 2210 quae
1705 2180 1769 2201 vox

1034 2215 1115 2245 adeo
1141 2215 1176 2246 in
1206 2214 1379 2245 Pithoeano
1396 2220 1432 2244 ct
1457 2214 1646 2246 Erfurtens.
1663 2214 1769 2245 Codd.

1031 2259 1198 2299 reperitur
1227 2267 1286 2299 pro
1325 2259 1458 2289 stativa.
1518 2258 1607 2289 Nam
1636 2259 1773 2290 stativas

1034 2313 1136 2342 aquas
1153 2312 1223 2332 esse
1239 2306 1372 2342 stagna,
1390 2306 1429 2332 ut
1453 2306 1571 2332 auctor
1587 2306 1639 2332 est
1665 2301 1770 2332 Varro

1036 2356 1088 2386 ap.
1106 2346 1258 2377 Nonium
1274 2346 1309 2377 in
1326 2345 1434 2376 Putei.
1479 2346 1527 2376 Ut
1541 2345 1623 2376 adeo
1645 2346 1772 2376 stativa

1036 2391 1104 2420 sint
1134 2394 1254 2429 stagna
1278 2393 1314 2419 et
1336 2389 1429 2420 lacus
1453 2390 1585 2430 piscosi,
1610 2389 1666 2428 qui
1696 2399 1771 2420 care

1037 2433 1241 2464 venduntur.
1264 2433 1349 2464 Mihi
1369 2436 1482 2463 autem
1506 2433 1596 2473 prior
1611 2434 1775 2473 interpre-

1034 2478 1122 2508 tatio
1137 2478 1243 2517 magis
1258 2477 1380 2517 placet.
1413 2477 1501 2507 Nam
1517 2477 1627 2517 primo
1641 2477 1774 2515 urbem,

1037 2526 1185 2561 portum,
1203 2525 1237 2551 et
1252 2521 1433 2551 stationem
1447 2521 1547 2560 jungi
1572 2530 1612 2550 ex
1636 2520 1678 2551 ad
1694 2521 1771 2552 Div.

1038 2566 1094 2595 xii.
1115 2568 1164 2595 15.
1180 2568 1257 2594 ante
1274 2564 1417 2594 vidimus
1433 2564 1468 2595 in
1483 2564 1594 2594 statio.
1639 2564 1775 2595 Deinde

1036 2609 1100 2640 etsi
1115 2610 1242 2639 state'z'oe
1271 2617 1365 2646 aquae
1388 2608 1453 2638 dici
1479 2611 1633 2647 possunt,
1658 2612 1775 2638 tamen

1038 2662 1105 2682 non
1121 2656 1299 2692 propterea
1314 2652 1416 2682 etiam
1432 2653 1552 2682 stativa
1567 2656 1689 2690 stagna
1703 2663 1713 2690 ;
1738 2652 1775 2682 in

1040 2706 1105 2735 quo
1132 2700 1219 2725 esset
1245 2695 1382 2735 puerilis
1406 2694 1605 2735 tautologia.
1649 2696 1684 2725 Si
1701 2695 1775 2734 quis

1040 2744 1154 2768 autem
1172 2738 1328 2779 probaret
1353 2738 1533 2768 lectionem
1551 2739 1714 2769 Pithoeani
1738 2742 1776 2769 et

1038 2782 1164 2813 Erfurt.
1185 2781 1288 2813 Codd.
1312 2791 1379 2811 non
1392 2781 1548 2814 haberem
1561 2792 1777 2823 magnopere,

1039 2826 1126 2866 quod
1142 2826 1287 2856 dicerem
1304 2831 1432 2856 contra.

1086 2868 1212 2909 Stator,
1229 2869 1383 2902 minister
1401 2869 1630 2911 magist-ratus,
1645 2860 1779 2911 appari.-
