1920 3196
660 81 806 112 INDEX
835 78 1131 109 LATlNiTA‘rls.

161 173 318 205 orationis
344 171 546 203 adolescenti
572 180 658 211 saepe
679 179 834 211 proeceps,
861 169 882 198 i.

163 229 193 248 e.
208 219 240 247 in
257 227 321 256 quo
340 215 435 245 facile
453 218 579 254 peccat.

208 260 395 299 Proecepeio.
419 258 475 288 Gr.
499 257 667 299 πρόληψις.
691 256 810 286 Partit.
833 255 884 287 36.

164 308 213 334 cst
230 303 319 333 notio
336 301 491 332 inchoata
508 302 541 330 in
559 301 681 330 animo.

208 346 430 377 Proecertalio.
462 343 644 375 oemulatio.
678 342 803 374 Heren.
842 342 885 372 iv.

165 393 217 421 30.

209 432 402 468 Proeciaere,
419 440 582 467 recusare,
600 439 733 469 negare.
758 429 826 459 Att.
855 439 887 458 x.

167 477 215 507 16.
239 476 326 514 quod
358 476 436 515 quia
460 474 557 514 plane
576 474 782 513 praeciderat.
810 472 888 502 ibid.

164 520 230 548 viii.
247 522 277 549 4.
294 519 404 558 plane,
422 518 492 547 sine
502 517 571 546 ulla
591 518 786 556 exceptione
797 526 886 556 111·oe-

164 563 252 593 cidit.
276 563 388 592 *Cato
409 564 456 592 16.
485 561 784 600 brevipraeeidnm:
808 559 840 588 11.
859 569 886 589 e.

164 606 279 645 paucis
311 605 431 641 dicam,
466 605 579 643 paucis
607 614 675 634 rem
705 603 888 643 expediam.

164 650 183 666 ’¹‘
198 649 270 680 Att.
299 650 340 679 ix.
367 650 398 679 6.
417 649 594 687 proeez'dere
620 657 730 677 naves.
755 648 776 676 i.
792 657 821 675 e.
839 656 889 675 ro-

164 698 233 723 stra
249 692 448 731 ‹lestingei-e,
464 701 505 720 ne
523 701 620 721 usum
636 691 816 721 militarem
831 689 889 719 ha-

166 736 277 766 beant.
294 746 323 765 v.
340 736 525 765 Schefferus
542 735 581 764 de
600 734 645 764 Re
663 744 735 764 nav,
752 744 783 774 p.
805 735 874 764 1535.

210 780 404 819 Praecipere.
428 778 498 808 Att.
511 779 578 808 viii.
601 781 647 808 11.
664 777 886 817 quodcunque

163 829 202 853 tu
220 823 395 853 consilium
409 823 617 861 pra’cepisses.
638 832 667 851 ν.
684 826 754 851 not.
777 820 795 838 ᾗ
811 825 889 850 ante

166 877 296 907 capere,
323 874 521 906 praevertere
547 866 764 904 cogitatione,
791 863 889 894 factis

168 911 226 940 ἃς.
243 910 307 940 Off.
324 911 346 940 i.
363 911 414 939 ⁴23.
425 911 601 949 proeeipere
617 908 820 948 cogitatione
836 907 890 938 fu-

171 960 258 984 tura.
276 953 317 983 cf.
330 953 371 983 ad
388 953 462 983 Div.
478 962 508 982 v.
531 954 577 982 16.

213 997 442 1037 PracipzeanS,
473 1005 629 1035 praeceps.
660 994 771 1025 Rabir.
802 994 889 1024 Post.

172 1044 198 1071 1.
231 1042 474 1081 praecipilcmtes
503 1038 686 1079 impellere.
724 1037 804 1068 Sull.
835 1040 888 1068 31.

166 1086 376 1124 proeeipitans
392 1082 534 1122 respubl.

212 1127 452 1167 P1·<e‹.·2·pi:atas.
478 1126 519 1156 ad
545 1126 622 1156 Div.
645 1125 688 1154 xi.
714 1126 767 1156 528.
791 1128 890 1155 aetate

163 1173 372 1211 prcecipltczta
386 1183 394 1199 :
419 1170 450 1199 h.
468 1180 496 1199 e.
512 1178 655 1199 summa.

211 1213 437 1254 Praecipuum,
453 1212 645 1255 προηγμένον.
671 1211 741 1241 Fin.
760 1212 807 1241 iii.
826 1211 875 1241 16.

212 1255 364 1293 Pueris-e,
403 1256 495 1286 nulla
532 1256 729 1295 exceptione
765 1255 890 1291 addita,

167 1301 329 1331 absolute.
352 1302 422 1331 Att.
450 1300 516 1329 viii.
543 1302 574 1330 4.
594 1300 728 1338 Jtroecise
759 1308 890 1337 negare.

168 1345 188 1363 ἢ
204 1346 326 1375 omisso
342 1345 440 1374 verbo
457 1343 578 1381 aliquo,
595 1342 764 1372 brevitatis
781 1351 890 1372 causa.

168 1388 247 1419 Nat.
272 1389 315 1419 1).
334 1388 366 1418 ii.
384 1390 434 1421 ⁴29.
460 1387 628 1416 existimas
655 1386 695 1415 ab
716 1385 765 1415 his
785 1387 892 1425 provi-

167 1432 308 1462 dentiam
328 1432 420 1470 fingi,
443 1431 536 1469 quasi
557 1430 723 1468 quandam
741 1429 893 1459 Deam—

167 1476 226 1505 sed
242 1475 274 1505 id
288 1477 418 1514 prat-ise
434 1474 567 1503 dicitur.
581 1473 643 1502 vid.
661 1473 784 1502 locum.

212 1519 374 1550 Pravc,·e'sio.
398 1520 454 1548 Or.
481 1517 527 1547 iii.
545 1520 598 1548 53.
623 1522 674 1546 est
689 1517 797 1556 figura
816 1517 892 1546 ἀτο-

170 1562 320 1595 ciba-mm.

213 1606 432 1641 Prceeomum,
459 1603 535 1634 vitae
566 1613 684 1643 genus,
725 1603 813 1642 quod
842 1607 893 1633 est

165 1659 366 1690 proeconum.
392 1648 433 1678 ad
450 1648 524 1678 Div.
543 1648 585 1677 vi.
612 1651 659 1678 18.
685 1648 739 1686 qui
763 1656 889 1687 proeco-

170 1695 263 1723 m'um
279 1693 438 1722 facerent.
462 1692 480 1709 ²¹*
492 1693 648 1731 prceconis
662 1690 891 1730 proclamatio.

169 1737 280 1766 Rabir.
314 1736 400 1765 Post.
435 1738 484 1768 17.
522 1735 551 1765 O
585 1744 697 1764 meum
730 1735 890 1764 miserum

170 1780 392 1818 acerbumque
415 1780 635 1818 pra’cmzizlm!
668 1778 710 1808 ad
735 1779 811 1808 Div.
836 1779 891 1808 vii.

168 1825 221 1853 24.
266 1823 416 1852 addictus
449 1821 680 1861 Hipponacteo
721 1823 890 1862 prceccmb.

168 1867 232 1896 Sed
249 1867 280 1897 h.
299 1866 320 1895 l.
338 1871 387 1896 est
412 1865 648 1904 metaphorice.
672 1874 701 1895 v,
728 1865 891 1896 addictus.

167 1910 239 1940 Att.
267 1910 334 1939 xiii.
366 1911 412 1939 12.
437 1909 617 1948 Ligariana
642 1909 798 1948 przeclare
814 1919 892 1938 ven-

168 1953 282 1983 didisti
323 1952 502 1993 (laudando
540 1952 718 1982 vendibilia
755 1952 887 1988 fecisti.)

168 1997 322 2033 Posthac,
343 1995 498 2035 quictiuid
513 1996 687 2035 scripsero,
703 1996 762 2025 tibi
775 2006 892 2035 proeeo-

168 2042 260 2070 nium
292 2039 459 2069 deseram:
491 2039 525 2068 11.
549 2049 577 2068 e.
606 2044 640 2069 te
670 2040 891 2077 venditorem,

169 2082 375 2113 laudatorem
393 2083 605 2112 constituam.

215 2127 409 2157 Proeconizcs.
432 2127 548 2166 Quint.
565 2128 616 2156 31.
641 2131 787 2164 quzestus
804 2136 891 2167 prce-

168 2171 276 2201 eonz'us
292 2183 301 2199 .-
325 2171 381 2208 qui
397 2170 435 2199 fit
452 2170 617 2209 praeconio
633 2169 795 2199 faciendo.

214 2214 414 2250 Proeezcltus,
441 2218 656 2252 praeparatus,
690 2213 807 2243 Partit.
836 2215 888 2244 ⁶23.

169 2257 303 2296 quidam
326 2256 462 2297 perfecti
487 2256 633 2293 habitus,
656 2256 697 2286 ad
727 2257 886 2287 virtutem

170 2301 262 2339 quasi
288 2302 449 2340 proeczclti.

212 2344 409 2379 Prepa-ursio,
438 2344 642 2383 praegressio,
679 2344 889 2383 preparatio.

167 2388 250 2427 Top.
284 2391 333 2418 15.
364 2388 615 2427 proecursionem
653 2386 814 2417 adhibent
845 2387 886 2417 ad

170 2431 396 2461 efficiendum.

214 2474 414 2505 Proecursor.
437 2474 530 2504 Verr.
555 2484 584 2504 ν.
607 2476 660 2504 41.
693 2473 784 2504 hunc
805 2484 891 2515 proe-

173 2528 331 2549 cursorem
350 2517 493 2548 habebat
508 2523 542 2547 et
557 2517 778 2547 emissarium.

215 2561 412 2598 Praedialor,
430 2562 612 2600 interprete
637 2560 775 2591 Salmas.
803 2560 891 2590 mod.

171 2604 270 2635 Usur.
282 2615 310 2634 c.
323 2605 371 2635 16.
387 2609 450 2641 est,
464 2605 517 2643 qui
532 2604 654 2643 praedia
667 2604 799 2643 publico
810 2604 893 2634 obli-

171 2652 250 2686 gata
278 2652 312 2677 et
344 2647 515 2678 vendenda
543 2648 625 2676 emit
662 2647 822 2686 adeoque,
853 2651 893 2676 ut

168 2691 353 2721 Gronovius
370 2692 409 2721 de
428 2691 559 2721 Lentes.
578 2695 611 2720 et
633 2691 739 2720 unciis
767 2701 798 2729 p.
818 2691 891 2722 516.

167 2736 422 2774 interpretatur,
444 2735 619 2774 pecuniam
644 2744 737 2764 suam
762 2735 794 2764 in
811 2743 893 2774 prae-

166 2778 229 2808 (liis
244 2778 356 2814 habet,
373 2779 441 2808 Att.
460 2778 514 2807 xii.
537 2780 583 2807 14.
606 2780 654 2810 17.
679 2777 788 2816 Atque
806 2777 892 2807 hanc

167 2830 238 2851 esse
264 2822 334 2858 ejus
353 2822 439 2851 verbi
456 2822 521 2850 vim
546 2820 652 2850 Closs.
672 2820 842 2850 Philoxeni
861 2826 894 2850 et

166 2864 321 2905 analogia
364 2865 496 2896 docent.
585 2864 659 2894 loss
702 2864 890 2903 proediator.

1567 67 1649 105 393

927 166 1032 201 &vm-55
1056 165 1255 210 ὖταςχὸνινων.
1289 164 1353 196 Sed
1372 163 1466 196 Balb.
1489 166 1543 196 20.
1566 163 1653 195 hane

925 212 993 241 vim
1011 211 1131 241 habere
1149 219 1214 240 non
1232 212 1362 250 potest:
1397 207 1545 239 Scaevola
1572 217 1652 238 cum

928 254 967 284 de
982 256 1059 292 jure
1082 253 1293 294 praediatorio
1309 250 1552 289 consuleretur,
1573 260 1654 281 con-

927 297 1067 327 sultores
1082 305 1158 327 suos
1183 305 1425 334 nonnunquam
1448 294 1490 324 ad
1515 293 1653 325 Furium

929 348 964 371 et
991 340 1206 377 Cascellium,
1227 340 1440 380 proediatores
1470 337 1653 376 rejiciebat.

930 384 1047 423 Itaque
1065 383 1240 414 Manutius
1269 381 1553 422 interpretabatur
1573 391 1650 411 cum

928 427 1053 458 Budaeo
1070 427 1209 465 aliisque
1225 440 1231 456 :
1266 426 1393 466 peritus
1413 425 1499 464 juris
1510 425 1654 464 proedia-

929 472 1014 501 torii.
1040 471 1084 501 Et
1102 470 1264 510 profecto,
1291 470 1318 499 si
1351 469 1443 498 locus
1473 477 1573 498 sanus
1590 471 1654 505 est,

930 515 1029 544 aliam
1053 514 1119 544 vim
1150 513 1182 544 h.
1214 513 1235 543 l.
1265 513 1403 542 verbum
1433 511 1555 542 habere
1585 520 1654 542 non

931 563 1038 598 potest
1054 569 1063 595 3
1089 557 1240 596 inprimis
1253 566 1331 586 cum
1343 556 1460 586 Furius
1477 559 1511 584 et
1524 554 1656 585 Cascel-

931 602 994 632 lius
1008 601 1085 631 JCti
1103 601 1238 630 suerint.
1262 600 1325 630 Sed
1341 599 1479 629 Salmas.
1504 597 1526 629 l.
1554 608 1580 628 c.
1599 608 1655 628 vo-

931 655 1002 675 cem
1012 645 1223 685 proedialores
1239 643 1414 674 delendam
1425 645 1549 673 censet.
1563 642 1654 681 Quo·-

932 689 1022 719 niam
1038 692 1152 718 autem
1176 697 1290 718 omnes
1317 686 1391 717 libri
1409 685 1503 716 MSS.
1519 690 1554 716 et
1570 685 1653 715 editi

931 742 1005 762 eam
1022 738 1169 768 servant,
1186 731 1306 761 durum
1325 729 1406 760 mihi
1427 729 1488 759 boe
1511 729 1656 759 videtur.

932 776 979 805 Ac
1003 780 1111 816 potest
1134 775 1272 805 sortasse
1298 774 1382 804 ratio
1410 773 1562 810 inveniri,
1592 782 1658 812 qua

932 820 1095 859 possimus
1126 828 1195 848 rem
1220 817 1386 857 expedire.
1432 815 1516 847 Mihi
1541 817 1589 847 sic
1620 817 1655 846 in

932 867 1081 893 mentem
1097 863 1189 892 venit
1207 874 1213 892 ε
1250 861 1384 900 Propria
1406 859 1541 899 quidem
1564 860 1656 890 verbi

933 908 980 936 vis
997 916 1036 936 ea
1051 909 1114 943 est,
1129 915 1229 945 quam
1246 905 1424 935 Salmasius
1440 904 1556 934 tradit.
1590 903 1655 934 Sed

933 950 1091 988 quoniam
1116 949 1342 989 praediatoreS,
1367 948 1424 987 qui
1446 947 1580 987 praediis
1595 957 1659 987 pu-

933 994 1018 1023 blico
1033 992 1186 1031 obligatis
1203 992 1354 1022 emendis
1372 995 1539 1030 quaestum
1555 990 1658 1021 facie-

932 1037 1027 1075 bant,
1041 1046 1176 1076 operam
1199 1036 1336 1072 dabaut,
1352 1040 1392 1065 ut
1414 1034 1501 1065 hanc
1527 1038 1658 1074 partem

926 1080 1026 1119 juris,
1043 1080 1083 1110 de
1100 1079 1230 1119 praediis
1242 1078 1374 1119 publico
1384 1078 1549 1118 obligatis,
1567 1088 1658 1108 com-

934 1124 1021 1153 modi
1038 1124 1089 1154 sui
1106 1133 1218 1160 cansa,
1235 1126 1388 1153 accurate
1405 1126 1659 1161 cognoscerent,

935 1175 972 1197 ut
988 1171 1067 1197 sunt
1088 1167 1176 1207 apud
1202 1176 1261 1196 nos
1290 1170 1488 1196 mercatores
1516 1166 1657 1204 majores

926 1211 1012 1250 juris
1026 1210 1207 1247 cambialiS,
1218 1209 1305 1249 quod
1316 1213 1450 1246 vocant,
1459 1209 1658 1249 plerumque

933 1264 998 1284 non
1031 1255 1154 1291 minus,
1178 1263 1277 1292 quam
1303 1253 1396 1290 acti,
1426 1253 1552 1292 periti:
1583 1262 1660 1292 pro-

932 1303 1048 1338 pterea
1070 1299 1140 1328 fieri
1158 1297 1281 1337 potuit,
1304 1302 1343 1327 ut
1360 1296 1539 1336 praetliator
1553 1297 1656 1326 etiam

933 1342 1111 1379 diceretur,
1129 1341 1184 1381 qui
1198 1341 1285 1379 juris
1300 1340 1502 1380 praediatorii
1528 1340 1658 1380 peritus

933 1388 1030 1415 esset.
1064 1385 1180 1424 Itaque
1194 1384 1311 1414 furius
1326 1390 1360 1413 et
1377 1383 1556 1413 Cascellius
1567 1383 1660 1421 JCti,

934 1438 999 1458 non
1024 1439 1119 1469 pares
1156 1427 1324 1465 Scaevolae,
1351 1427 1420 1463 sed,
1444 1427 1522 1466 quia
1554 1426 1657 1457 iidem

933 1471 1160 1512 praediatores,
1172 1472 1438 1511 propterea-iuris
1453 1470 1656 1510 praediatorii

934 1517 1104 1555 peritiores
1135 1516 1206 1555 ipso
1233 1514 1387 1544 Scaevola.
1411 1514 1584 1550 dimicent,
1601 1515 1657 1552 qui

933 1569 987 1589 me
1003 1563 1082 1589 sunt
1097 1559 1258 1589 doctiores
1271 1563 1305 1587 et
1322 1558 1496 1588 acutiores.
1521 1558 1564 1588 Et
1580 1558 1659 1594 vidi,

934 1603 1131 1641 Gesnerum‚
1147 1602 1215 1632 Vir.
1234 1601 1285 1632 Ill.
1301 1601 1386 1631 hanc
1403 1602 1567 1632 rationem
1583 1611 1659 1642 pro-

936 1647 1025 1677 bare.

977 1690 1226 1721 Proediatorius.
1249 1688 1342 1719 Balb.
1359 1691 1411 1720 ⁶20,
1437 1698 1514 1718 cum
1530 1688 1570 1729 Ω.
1582 1688 1660 1719 Mu-

934 1735 1003 1764 cius
1027 1734 1066 1764 de
1087 1735 1163 1773 jure
1174 1734 1383 1773 proediatorio
1405 1731 1657 1762 consuleretur:

932 1777 966 1807 h.
984 1788 1012 1808 e.
1028 1777 1068 1807 de
1090 1787 1142 1814 eo,
1155 1776 1243 1816 quod
1257 1776 1298 1806 ad
1314 1776 1439 1816 praedia
1454 1775 1587 1816 publico
1603 1776 1661 1805 ob-

933 1821 1049 1861 ligata,
1066 1826 1100 1850 et
1117 1831 1133 1849 e
1162 1821 1234 1859 lege
1252 1820 1463 1860 praediatoria
1485 1818 1661 1849 vendenda

934 1864 1132 1905 pertinebat.
1179 1864 1286 1894 Gloss.
1321 1863 1560 1903 praediatorius,
1595 1862 1659 1904 mg)

932 1908 1050 1951 χωρίου.
1094 1908 1202 1946 Hujus
1223 1908 1309 1945 juris
1335 1906 1486 1946 quaedam
1512 1910 1593 1936 sunt
1619 1905 1662 1935 ad

933 1953 1010 1982 Div.
1029 1962 1058 1981 v.
1071 1953 1123 1982 ⁶20.
1148 1951 1212 1981 vid.
1230 1951 1369 1981 Salmas.
1397 1949 1484 1980 mod.
1502 1950 1600 1980 Usur.
1621 1959 1658 1980 c.

938 1997 987 2026 16.
1021 1995 1225 2035 Interpretes
1245 1994 1285 2024 ad
1316 1994 1455 2024 Sueton.
1485 1993 1601 2023 Claud.
1623 1996 1656 2027 9.

935 2039 990 2068 ubi
1019 2039 1231 2068 Burmannus
1256 2042 1434 2074 memorat,
1457 2037 1661 2067 dissertatio-

935 2092 1011 2112 nem
1030 2082 1069 2111 de
1087 2082 1148 2111 hoc
1159 2082 1235 2118 jure
1252 2082 1420 2121 scripsisse
1436 2081 1603 2111 Graevium
1620 2080 1660 2109 fi-

934 2126 1031 2162 lium,
1049 2135 1121 2164 quae
1139 2126 1240 2154 etiam
1253 2125 1320 2161 hic,
1331 2125 1466 2164 Lipsiae,
1479 2134 1596 2154 recusa
1607 2127 1659 2154 est

935 2180 964 2198 a.
995 2173 1088 2203 1741.
1113 2169 1177 2198 Sed
1202 2174 1325 2208 praeter
1347 2168 1553 2201 Salmasiana
1575 2167 1660 2198 nihil

935 2214 1009 2242 novi
1028 2213 1137 2242 habet.
1183 2212 1282 2242 Plura
1298 2218 1332 2242 et
1357 2212 1496 2242 meliora
1517 2212 1577 2241 dat
1595 2212 1660 2242 Ba-

935 2257 1028 2286 chius
1042 2256 1080 2285 V.
1096 2256 1133 2286 C.
1147 2256 1179 2285 in
1192 2257 1285 2295 Disp.
1301 2256 1448 2294 ejusdem
1457 2255 1659 2294 argumenti.

934 2300 1022 2330 Loca
1047 2299 1088 2329 ad
1107 2300 1163 2336 jus
1180 2300 1429 2339 proediatorc'um
1456 2298 1662 2338 pertinentia

934 2347 1014 2373 sunt
1029 2343 1117 2383 apud
1144 2342 1339 2373 Ciceronem
1357 2342 1486 2372 Vei-rin.
1502 2343 1522 2373 i.
1541 2346 1592 2374 54.
1617 2342 1659 2372 ad

934 2387 1009 2417 Div.
1027 2397 1058 2416 v.
1075 2388 1126 2417 ⁶20.

977 2430 1215 2467 Praedieabz'lis,
1232 2429 1419 2460 laudabilis.
1441 2429 1543 2459 Tusc.
1558 2438 1588 2459 v.
1608 2431 1659 2463 17.

927 2474 1136 2514 proedicabz‘le
1152 2474 1236 2503 nihil
1251 2479 1299 2503 est
1317 2474 1351 2502 in
1366 2473 1436 2503 vita
1451 2474 1580 2502 misera.

980 2517 1189 2553 l‘roedieatia,
1214 2517 1430 2556 praeconium.
1463 2516 1542 2556 Agr.
1558 2515 1593 2545 ii.
1612 2518 1662 2547 13.

934 2561 995 2600 ipsi
1011 2562 1156 2600 praeconi
1167 2561 1429 2600 proedieationem
1443 2560 1595 2590 acerbam
1608 2559 1661 2590 fu-

934 2608 1057 2633 turam.
1081 2604 1099 2621 *ἓ
1115 2605 1268 2642 jactatio
1293 2604 1367 2634 Act.
1393 2604 1414 2634 i.
1438 2604 1530 2634 verr.
1551 2607 1578 2634 l.
1601 2613 1663 2634 sua.

935 2656 991 2687 spe
1006 2658 1043 2677 ac
1054 2648 1295 2686 proerlieatz‘one.

980 2691 1161 2727 Prreditus,
1190 2692 1222 2720 in
1246 2694 1372 2730 partem
1389 2690 1601 2722 deteri-orem.
1626 2690 1663 2722 in

937 2734 1048 2764 Caecil.
1066 2736 1095 2763 2.
1115 2735 1276 2774 proerlitns
1291 2733 1424 2764 scelere.
1447 2733 1547 2764 Tuse.
1562 2744 1592 2765 ν.
1611 2737 1662 2765 14.

937 2787 1003 2807 non
1029 2782 1067 2807 ut
1084 2787 1182 2818 parvo
1201 2784 1291 2807 metu
1306 2778 1462 2816 praeditus
1476 2778 1532 2815 sit,
1549 2778 1607 2808 sed
1616 2781 1663 2808 -ut

937 2820 1041 2851 nullo.
1064 2821 1117 2850 Sic
1141 2831 1198 2862 spe
1208 2821 1379 2861 predium,
1403 2825 1453 2851 est
1478 2821 1552 2853 Act.
1577 2822 1600 2852 i.
1626 2821 1681 2853 in.

939 2863 1031 2894 verr.
1050 2867 1079 2895 3.
