1920 3196
660 93 804 122 INDEX
835 92 1132 122 LATINJTA'HS.

192 179 374 211 Mandatus
395 180 499 212 subst.
524 180 636 213 editur
664 187 738 223 post
759 182 877 214 Lamb.

150 222 272 255 Caecin.
289 228 320 258 7.

193 268 322 304 Manca,
349 277 426 298 cum
454 267 520 298 dat.
553 268 636 299 Phil.
661 270 694 299 ii.
723 272 753 301 5.
785 270 878 309 eujus

149 311 237 341 idem
259 312 319 341 tibi
344 311 466 349 fatum,
483 312 571 342 sicut
595 313 632 343 C.
651 313 787 343 Curioni
810 324 880 344 ma-

149 359 214 384 net.
260 355 312 385 Sic
335 360 369 385 et
393 355 509 385 Gra‘ci.
542 355 605 386 vid.
623 356 662 386 de
688 357 748 387 hae
771 357 879 387 forma

149 398 274 429 Sanc-tii
308 398 449 429 Minerv.
468 399 501 428 ii.
518 402 548 429 4.
581 400 877 431 Drakenborcbius

149 441 236 472 male
260 441 325 471 huc
348 442 451 472 trahit
475 442 556 472 illud
580 442 650 473 Liv.
676 444 695 472 i.
721 447 772 474 53.
808 455 877 474 ma-

146 495 224 515 nere
239 485 288 515 his
305 484 428 515 belluni
442 497 448 514 ε
475 486 561 525 quod
578 491 640 523 est,
654 488 691 516 iis
710 498 805 527 porro
821 498 877 527 ge-

147 528 288 559 rendum
305 534 354 558 est
373 529 509 566 bellum,
526 539 605 566 non,
623 531 788 560 imminet.

189 572 336 608 Mamm,
357 573 560 611 chirotheca,
578 584 643 612 qua
666 575 730 603 iter
751 574 876 605 facien-

145 620 196 646 tes
210 621 245 645 et
259 615 393 646 feminae
417 617 610 647 utebantur.
644 617 728 648 Phil.
752 619 796 648 xi.
826 621 874 648 ll.

146 669 348 698 quamquam
365 660 478 697 miror,
492 660 621 690 tamdiu
637 661 757 691 morari
770 662 875 691 Anto-

145 704 251 733 nium.
298 703 388 732 Solet
403 704 491 733 enim
517 705 666 744 accipere
681 705 749 744 ipso
768 707 875 735 mani-

143 756 210 784 cas,
229 757 289 777 nec
306 746 431 776 diutius
454 747 633 777 obsidionis
657 753 785 778 metum
811 749 874 778 ser-

144 800 196 820 re:
232 791 252 821 i.
268 800 297 820 e.
315 795 352 819 ut
369 790 468 820 homo
483 791 591 821 mollis
612 795 646 821 et
659 792 797 822 timidus
821 793 872 822 fu-

145 844 232 873 gere.
257 845 286 864 V.
304 834 430 864 Ruben.
449 835 486 865 R.
504 835 542 865 V.
560 836 579 864 i.
597 838 628 866 4.

188 878 383 908 manicatus.
417 878 515 908 Catil.
550 879 583 908 ii.
621 882 668 909 10.
700 880 872 909 manicatoe

143 922 281 959 tunicae,
311 926 402 957 sunt,
437 931 509 960 quae
544 922 667 952 Graecis
699 922 870 953 chiridotae

143 964 314 1002 dicuntur,
346 965 410 994 vid.
441 964 524 995 Geli.
554 966 609 995 vii.
646 967 694 996 12.
740 966 870 996 Latinis

143 1009 243 1038 etiam
262 1008 474 1046 manuleatae,
491 1009 627 1039 Sueton.
647 1009 728 1039 Caes.
747 1012 798 1040 45.
829 1010 870 1040 ad

144 1061 262 1082 manus
293 1052 479 1088 fimbriatae,
507 1053 598 1092 (nam
630 1052 716 1082 latus
745 1053 869 1091 clavus,

142 1095 198 1134 qui
229 1095 269 1125 ad
301 1105 418 1125 manus
442 1096 628 1126 fimbriatus
659 1096 794 1132 dicitur,
819 1102 869 1127 est

140 1139 258 1168 tunica
272 1138 448 1177 laticlavia)
468 1139 524 1168 uhi
542 1150 571 1170 v,
589 1140 728 1170 casaub.
759 1140 796 1170 Id
813 1150 869 1179 ge-

141 1191 203 1211 nus
219 1183 343 1212 tunicae
360 1182 491 1212 mollius
509 1183 666 1213 Romanis
683 1183 867 1221 videbatur,

139 1231 174 1255 ot
199 1225 344 1255 foeminis
370 1228 621 1256 convenientius
650 1237 750 1265 quam
777 1228 868 1265 viris,

139 1269 195 1307 qui
222 1269 372 1299 brevibus
401 1274 433 1299 et
463 1270 649 1301 substrictis
673 1271 867 1308 utebantur,

138 1319 177 1342 ut
209 1318 326 1342 auctor
353 1318 403 1343 est
431 1313 556 1344 Gellius
581 1314 602 1343 l.
627 1324 655 1344 e.
702 1313 790 1344 Hinc
815 1325 867 1354 ap.

137 1354 254 1394 virgil.
269 1356 343 1386 AEn.
361 1357 404 1386 ix.
422 1357 494 1387 616.
519 1358 703 1387 convicium
722 1363 791 1387 est:
824 1359 867 1388 Et

136 1401 262 1429 tunicae
292 1401 437 1430 manicas
462 1404 497 1430 et
522 1400 647 1431 habent
671 1401 867 1432 redimicula

138 1443 258 1473 mitrae.

179 1486 412 1526 Manipularis.
437 1487 508 1517 Att.
528 1487 570 1518 ix.
591 1491 639 1518 10.
667 1488 864 1528 Pompeium

136 1533 307 1569 tamquam
349 1540 436 1561 unus
474 1533 694 1570 manipularis
729 1538 864 1563 secutus

134 1583 221 1605 sum.
278 1574 337 1603 Est
375 1575 468 1604 miles
510 1575 647 1614 legionis
684 1577 864 1615 gregarius.

136 1617 222 1647 Nam
243 1618 431 1657 manipulus
445 1623 494 1648 est
513 1619 655 1649 cohortis
672 1618 862 1658 legionariae

134 1670 209 1701 pars
224 1662 336 1691 tertia.

177 1704 325 1735 Mansus.
356 1704 448 1734 Orat.
466 1705 499 1734 ii.
517 1708 568 1739 39.
600 1706 656 1744 qui
678 1715 793 1736 omnes
813 1711 863 1736 te-

135 1748 311 1778 nuissimas
335 1748 526 1787 particulas,
543 1756 641 1788 atque
665 1750 778 1779 omnia
801 1751 863 1780 mi—

134 1792 226 1821 nima
258 1802 385 1828 mansa,
417 1796 455 1821 ut
493 1794 639 1822 nutrices
678 1793 860 1824 infantibus

133 1835 243 1876 pueris
260 1835 293 1865 in
309 1845 344 1865 os
360 1836 524 1866 inserunt.

176 1878 352 1909 Manubiae.
383 1878 481 1908 Arch.
503 1882 550 1909 ll.
569 1878 668 1909 Dom.
686 1882 738 1910 38.
764 1879 860 1911 Rosc.

131 1922 170 1952 A.
188 1925 239 1956 37.
257 1923 316 1953 &c.
349 1927 399 1952 est
423 1932 496 1961 pars
521 1923 653 1962 praedae,
673 1933 772 1962 quam
798 1924 860 1954 im-

132 1970 264 2005 perator
280 1966 380 2005 capit,
398 1969 435 1995 ut
454 1967 486 1995 in
513 1971 731 1996 monumento
749 1967 860 2006 aliquo

132 2014 359 2039 consumatur.
387 2009 450 2039 vid.
474 2009 552 2047 Agr.
576 2010 609 2039 ii.
626 2011 678 2040 22.
708 2015 742 2040 et
765 2011 857 2042 Verr.

131 2052 154 2082 i.
172 2055 225 2086 59ἱ
246 2062 318 2091 quae
335 2056 414 2082 sunt
430 2052 503 2082 loca
519 2053 664 2083 classica.

176 2095 398 2133 Manumissio,
417 2095 552 2126 donatio
571 2096 745 2128 libertatis.
778 2097 858 2128 Coel.

175 2182 420 2219 Mammium-e,
450 2192 581 2212 servum
613 2183 764 2213 libertate
802 2182 858 2214 do-

131 2235 220 2256 nare.
237 2226 278 2256 ad.
294 2226 368 2256 Div.
382 2226 448 2255 xiii.
462 2230 514 2260 77.
532 2227 572 2256 ad
583 2227 623 2266 Ω.
640 2226 688 2257 Fr.
703 2228 723 2256 i.
741 2230 771 2257 ⁶2.
784 2237 813 2258 c.
831 2231 856 2258 1.

172 2269 430 2309 lilanupretz'mn.
457 2269 549 2300 verr.
566 2271 586 2300 i.
607 2271 657 2301 56.
683 2281 857 2310 manupre-

127 2315 210 2343 tium
227 2312 408 2343 macbinae:
435 2312 466 2343 h.
484 2323 512 2343 e.
542 2323 666 2343 merces
690 2314 780 2352 (lata,
797 2325 856 2354 pro

128 2357 239 2387 labore
263 2357 477 2386 conficiendae
501 2357 675 2387 machinae.
715 2358 778 2388 Pis.
801 2360 855 2389 24.

128 2400 297 2440 provincia
325 2400 390 2430 ista
414 2401 474 2430 tibi
501 2402 746 2440 »canapo-etium
776 2402 854 2439 fuit,

126 2453 194 2474 non
210 2453 330 2474 eversae
342 2453 400 2483 per
416 2444 528 2479 te‚sed
544 2444 682 2484 perditae
699 2445 853 2476 civitatis

125 2486 190 2517 vid.
206 2487 377 2518 Drakenb.
395 2487 434 2517 ad
452 2487 521 2517 Liv,
539 2489 646 2518 xxxiv.
664 2492 695 2522 7.
709 2489 770 2527 Ap.
789 2489 853 2519 Pli-

126 2531 235 2568 nium,
251 2533 290 2560 ut
304 2531 415 2561 xxxiii.
435 2534 482 2561 ll.
507 2534 558 2561 est
572 2532 821 2570 manipretium.

169 2574 303 2612 Manus,
320 2573 412 2604 labor
427 2584 597 2605 manuum.
628 2575 720 2605 Verr.
737 2576 782 2605 iii.
804 2579 851 2606 ll.

124 2627 227 2648 manu
245 2626 404 2656 quaerere,
420 2617 460 2647 de
485 2618 678 2648 aratoribus.
708 2619 853 2658 *probo-

123 2661 186 2691 seis
210 2659 390 2700 elephanti.
420 2661 499 2691 Nat.
526 2661 568 2691 D.
594 2661 627 2691 ii.
651 2665 704 2695 47.
737 2672 853 2693 manus

123 2704 202 2735 data
224 2704 421 2744 elephantis.
451 2704 521 2734 *ad
542 2705 616 2735 Div.
635 2705 678 2734 xi.
699 2708 746 2736 13.
777 2716 850 2745 quae

122 2748 156 2778 in
172 2748 321 2778 manibus
333 2751 425 2785 sunt,
438 2747 561 2778 dicitur
572 2748 611 2778 de
629 2749 784 2788 praesenti
801 2759 851 2779 re-

122 2801 196 2822 rum
217 2795 320 2821 statu.
348 2792 435 2823 Sext.
455 2794 507 2823 32.
539 2801 589 2821 res
607 2792 680 2829 jam
703 2793 851 2823 manibus

121 2839 275 2865 tenetur:
309 2834 340 2866 h.
364 2845 393 2865 e.
423 2833 518 2875 paene
545 2835 696 2866 confecta
717 2840 779 2867 est.
809 2837 851 2867 ad

122 2877 196 2909 Div.
231 2880 253 2910 i.
282 2883 314 2913 9.
351 2880 399 2911 sic
428 2879 464 2909 in
496 2879 644 2910 manibus
669 2878 849 2921 habebant,

1578 89 1658 127 351

925 180 971 210 sic
988 181 1237 212 osculabantur.
1268 182 1311 213 ib.
1328 183 1395 213 viii.
1416 186 1443 214 l.
1474 194 1595 216 manus
1617 187 1660 218 ad

921 234 956 254 os
981 235 1162 264 opponere,
1187 226 1321 265 signum
1346 226 1471 257 silentii
1494 231 1660 262 servandi.

923 267 1028 298 Flacc.
1039 269 1070 298 6.
1086 270 1254 308 porrigere
1263 280 1399 300 manum
1410 283 1419 299 .·
1438 272 1555 303 modus
1565 274 1658 304 Grae-

921 320 1035 341 corum
1053 312 1201 351 suffragii
1226 313 1365 344 ferendi.
1398 315 1438 344 ad
1460 315 1536 347 Div.
1554 318 1609 347 vii.
1625 321 1658 349 5.

920 354 1038 384 tollere
1055 366 1192 385 manus.-
1217 356 1414 387 admirantis
1430 366 1554 397 gestus.
1583 361 1655 393 Att.

922 399 966 428 iii.
991 402 1039 429 15.
1070 399 1262 430 vulneribus
1287 402 1353 431 suis
1379 411 1497 432 manus
1516 404 1654 435 afferre:

920 441 952 471 h.
981 453 1009 471 e.
1039 441 1185 472 dolorem
1213 444 1412 482 instaurare,
1439 456 1573 484 augere.
1611 448 1655 479 ad

919 486 994 516 Div.
1020 496 1050 515 x.
1074 489 1125 516 23.
1157 486 1308 517 Vocontii
1331 488 1391 517 sub
1414 499 1517 519 manu
1543 496 1580 520 ut
1603 502 1655 522 es-

919 533 1010 558 sent:
1044 528 1075 558 h.
1100 539 1128 559 e.
1152 531 1272 569 parati,
1295 532 1321 560 si
1351 532 1430 570 quid
1453 532 1585 572 vellem,
1609 535 1651 566 ad

919 582 1069 602 manum.
1094 572 1134 602 de
1151 573 1211 602 hac
1228 573 1384 611 formula,
1398 585 1470 615 quae
1489 586 1554 607 non
1571 588 1652 609 ean·

918 615 993 645 dem
1009 616 1130 654 ubique
1147 617 1212 646 vim
1231 618 1342 654 habet,
1361 629 1388 648 v.
1408 619 1488 649 Iutt.
1505 621 1547 650 ad
1569 622 1651 652 Sue-

916 663 987 690 ton.
1012 660 1097 698 Aug.
1125 663 1177 694 49.
1216 661 1366 700 inprimis
1394 663 1648 696 Burmannum:

917 712 1118 742 quamquam
1137 705 1170 732 in
1193 703 1249 734 illo
1273 705 1343 735 loco
1368 706 1530 744 Suetonii,
1548 719 1649 748 quem

916 745 969 775 hic
994 746 1173 776 laudarunt
1196 748 1343 778 Graevius
1367 753 1401 779 et
1425 751 1569 789 Cortius,
1589 753 1651 784 ali-

915 799 983 827 ani,
1007 794 1106 828 atque
1132 791 1197 827 liic,
1223 792 1286 821 vim
1312 792 1430 823 habet:
1463 798 1497 824 et
1521 795 1649 827 Grono-

914 833 1003 862 vium
1021 833 1193 864 adsseilee.
1210 845 1261 875 ep.
1278 839 1330 869 94.
1356 836 1499 877 *Topim
1516 841 1547 869 4.
1572 849 1648 871 mu-

915 875 975 906 lier
990 877 1058 906 viro
1075 878 1107 906 in
1132 888 1269 908 ‘numum
1290 881 1456 911 convenit.
1486 882 1518 911 id
1534 883 1572 912 fit
1588 894 1649 924 per

914 921 1158 959 coemtionem3
1191 922 1230 951 de
1255 933 1320 962 qua
1342 933 1452 964 supra.
1483 925 1591 957 *ibixL
1610 932 1645 962 9.

914 974 1000 1001 aqua
1023 974 1123 995 mana
1149 974 1281 996 nocens.
1305 967 1326 996 i.
1344 977 1372 997 e.
1397 974 1533 1008 propter
1554 975 1645 1001 stru-

913 1010 1042 1037 cturam
1075 1008 1221 1045 aedificii,
1251 1020 1311 1049 per
1348 1021 1448 1050 quam
1488 1013 1642 1053 pluvialis

913 1060 998 1089 aqua
1014 1052 1053 1080 fit
1069 1052 1168 1082 noxia
1181 1053 1301 1083 vicino.
1326 1064 1355 1084 v.
1371 1054 1544 1087 Boethius.

954 1094 1190 1127 Mastrucatus.
1216 1096 1364 1128 Provinc.
1377 1098 1511 1130 Consul.
1521 1104 1551 1135 7.
1569 1111 1641 1133 ma-

910 1141 1049 1168 stracati
1079 1139 1272 1172 latrunculi.
1303 1141 1382 1172 dicti
1413 1153 1432 1173 a
1459 1149 1640 1184 mastruca,

911 1191 977 1220 qua
993 1184 1143 1212 montani
1160 1184 1251 1214 Sardi
1271 1186 1463 1217 utebantur.
1497 1188 1565 1219 Viri
1582 1189 1641 1220 do-

911 1226 955 1254 cti
977 1226 1018 1255 ad
1042 1226 1074 1256 h.
1094 1226 1114 1256 l.
1139 1226 1319 1259 laudarunt
1340 1228 1487 1261 Turneb.
1504 1231 1640 1265 Advers.

910 1279 962 1298 xx.
980 1274 1010 1303 9.

951 1312 1134 1344 Mczscraea.
1166 1314 1206 1344 fr.
1222 1324 1281 1354 pro
1298 1315 1432 1348 Scauro.
1459 1319 1560 1349 vestis
1578 1319 1638 1350 vil·

908 1355 990 1394 losa,
1007 1367 1080 1396 quae
1105 1368 1122 1387 e
1146 1359 1388 1397 musmonibus,
1409 1370 1530 1399 genere
1555 1364 1640 1394 arie·

908 1404 995 1437 tum,
1009 1410 1034 1430 s.
1053 1411 1267 1432 musmonum
1284 1402 1406 1433 villosis
1422 1404 1562 1444 pellibus
1579 1407 1638 1437 fie-

907 1443 976 1480 bat,
994 1445 1082 1474 unde
1102 1445 1178 1475 ibid.
1196 1445 1302 1485 pelliti
1320 1446 1479 1478 dicuntur
1493 1455 1637 1482 mastru-

907 1489 972 1517 cati
996 1487 1042 1517 illi
1059 1488 1164 1519 Sardi.
1189 1499 1217 1519 v.
1232 1489 1263 1519 J.
1280 1489 1319 1519 G.
1336 1490 1471 1530 Bergeri
1494 1492 1635 1534 Ecloga-

907 1531 991 1560 rium
1011 1532 1195 1570 Corsicum,
1212 1533 1300 1563 Diss.
1322 1533 1355 1563 ii.
1380 1544 1411 1574 p.
1429 1538 1481 1566 38.
1511 1537 1634 1569 AElian.

907 1574 950 1604 H.
975 1574 1037 1604 An.
1060 1576 1122 1605 xvi.
1145 1579 1198 1607 34.
1233 1576 1343 1606 hieme
1367 1578 1567 1619 calefecisse‚
1591 1591 1636 1612 ae-

905 1622 989 1647 state.
1007 1619 1215 1658 refrigerasse
1231 1620 1346 1652 tradit.

948 1662 1106 1699 sthtellio,
1132 1663 1269 1693 matula.
1304 1664 1418 1695 Parad.
1442 1676 1472 1697 V.
1498 1669 1528 1697 2.
1558 1678 1630 1700 ma·

905 1706 1061 1736 tellionem
1089 1707 1302 1737 Corinthium
1330 1709 1542 1748 cupidissime
1565 1717 1635 1743 tra-

905 1756 1006 1778 ctare.
1053 1750 1105 1779 Sic
1129 1761 1181 1790 ap.
1202 1750 1287 1781 Plin.
1311 1753 1418 1782 xxxiv.
1437 1755 1467 1784 2.
1496 1755 1633 1796 trullei3

904 1796 937 1822 et
957 1803 1007 1832 ap.
1025 1793 1172 1825 Martial.
1187 1795 1229 1825 ix.
1246 1799 1299 1829 97.
1330 1796 1432 1827 trulla
1456 1797 1632 1831 Corinthia.

904 1846 962 1875 pro
979 1837 1117 1874 matula,
1130 1844 1168 1868 ut
1185 1841 1274 1868 recte
1290 1839 1531 1880 interpretatur
1546 1843 1633 1874 Har-

903 1880 1035 1910 ‹luinus.
1089 1882 1166 1911 Non
1195 1892 1272 1920 ergo
1303 1883 1506 1923 mirandum,
1537 1887 1564 1916 si
1595 1887 1631 1917 in

902 1923 1062 1962 Digestis,
1091 1925 1126 1955 in
1160 1925 1286 1955 mundo
1317 1926 1472 1958 muliebri
1503 1931 1632 1962 matula

906 1968 1054 2006 ponitur.

943 2010 1100 2047 Materia,
1111 2011 1197 2050 quod
1209 2013 1375 2052 objectum
1391 2020 1510 2046 vocant
1523 2016 1631 2056 philo-

900 2054 994 2093 sophi
1019 2055 1159 2085 barbari.
1192 2055 1262 2086 Inv.
1280 2058 1300 2086 i.
1320 2060 1350 2088 5.
1381 2061 1521 2090 materia
1537 2062 1630 2094 artis.

901 2097 974 2127 Div.
1001 2098 1035 2127 ii.
1059 2101 1089 2128 4.
1130 2098 1324 2130 divinationi
1352 2100 1463 2141 aliqua
1486 2106 1629 2136 materia

900 2140 1009 2171 (landa
1032 2147 1095 2178 est,
1112 2142 1146 2171 in
1170 2152 1235 2181 qua
1257 2145 1378 2174 versari
1395 2147 1508 2185 possit.
1533 2148 1630 2179 *ele-

901 2190 1020 2222 ganter
1042 2186 1145 2215 etiam
1169 2186 1305 2225 dicitur,
1338 2188 1378 2218 de
1402 2189 1535 2221 dotibus
1569 2201 1628 2222 na-

899 2227 1075 2266 turalibuS,
1100 2239 1180 2267 quas
1211 2240 1257 2260 se.
1288 2235 1462 2271 tamquam
1492 2237 1630 2267 maten·-

898 2281 953 2300 am
978 2272 1153 2312 disciplina
1187 2273 1345 2305 elaborat.
1376 2275 1470 2308 Verr.
1501 2278 1548 2308 iii.
1573 2279 1627 2311 63.

898 2316 1047 2345 materies
1078 2317 1225 2347 Catonis.
1251 2317 1320 2348 InV.
1346 2319 1366 2348 i.
1391 2321 1421 2350 2.
1457 2331 1531 2360 quae
1556 2332 1627 2354 ma-

897 2361 980 2389 teria
993 2365 1080 2389 esset
1096 2360 1129 2389 in
1145 2361 1265 2391 animis
1282 2361 1448 2394 humanis.
1463 2375 1492 2395 v.
1510 2364 1626 2399 Burm.

897 2402 939 2431 ad
969 2402 1066 2432 Ovid.
1089 2403 1170 2433 Her.
1195 2405 1237 2435 iv.
1272 2405 1324 2436 86.
1360 2407 1415 2437 ubi
1439 2408 1523 2439 bene
1552 2410 1627 2442 lau-

896 2445 1021 2475 dantur
1038 2446 1110 2476 loca
1134 2447 1218 2477 Livii
1235 2448 1256 2478 i.
1274 2451 1325 2483 39.
1342 2451 1395 2480 46.

939 2488 1084 2519 Materia
1115 2491 1293 2529 aequitatis.
1328 2493 1451 2525 Caecin.
1486 2497 1539 2528 23.
1573 2503 1626 2530 est

895 2531 987 2562 locus
1018 2535 1206 2564 eommunis
1245 2535 1285 2564 de
1319 2538 1475 2576 aequitate
1513 2542 1624 2581 potius

895 2585 994 2614 quam
1007 2579 1131 2616 scripto
1147 2578 1326 2616 sequenda.

939 2619 1148 2651 Materiatus.
1171 2622 1235 2651 Off.
1266 2623 1312 2652 iii.
1343 2625 1503 2657 13.,aedes
1534 2628 1624 2660 male

896 2663 1089 2694 maleriatoe.

938 2706 1088 2743 Affateris,
1105 2707 1211 2738 telum
1229 2709 1406 2742 Gallicum.
1419 2712 1460 2742 ad
1469 2713 1622 2748 Herenn.

894 2749 936 2779 iv,
960 2752 1012 2781 32.
1047 2760 1108 2780 nec
1131 2756 1200 2781 tam
1224 2752 1321 2783 facile
1346 2765 1385 2784 ex
1419 2755 1518 2788 Italia
1551 2769 1622 2792 ma-

894 2795 972 2823 teris
985 2793 1206 2834 Transalpina
1221 2796 1359 2836 depulsa
1375 2804 1436 2830 est.

937 2836 1130 2875 Mati-imm,
1147 2839 1200 2869 cui
1218 2844 1326 2871 mater
1341 2848 1519 2884 superstes.
1536 2847 1636 2882 Har..

894 2879 934 2912 R.
954 2883 1001 2913 ll.
1026 2882 1202 2917 maluimus
1217 2893 1311 2924 puer.
