1920 3196
233 90 317 129 416

286 184 454 218 sacculus.
478 184 550 215 Fin.
567 184 602 215 ii.
621 187 652 215 8.
676 184 806 221 vinum,
822 187 876 215 cui
893 184 976 216 nihil

241 232 439 261 ——saccnlus
469 227 664 259 abstulerit:
705 228 812 258 intell.
843 238 977 259 saccum

241 274 421 310 vinarium,
438 283 503 312 quo
527 272 735 312 percolantes
758 272 887 310 vinum,
908 272 978 312 ejus

241 319 327 348 vires
342 317 518 356 frangunt,
534 320 573 346 ut
588 315 696 345 lenius
714 316 783 345 flat.

289 360 558 397 Sacramentum,
569 358 805 398 jusjurandum
823 358 980 389 militare.

242 405 309 436 Off.
337 405 358 434 i.
389 407 438 434 11.
475 408 514 433 ut
543 403 689 432 secundo
716 412 793 432 eum
820 402 982 441 obligaret

242 448 376 479 militiae
402 451 624 479 sacramentm
651 446 729 485 quia
752 446 858 485 priore
882 446 981 476 amis-

241 501 292 529 so,
305 493 380 532 jure
398 501 473 521 cum
491 490 640 521 hostibus
657 498 806 529 pugnare
822 498 889 519 non
907 496 980 529 pot—

243 540 327 566 erat.
373 535 526 564 Pearcius
549 533 591 564 ad
614 533 646 563 h.
664 533 684 563 l.
708 538 918 563 sacramento
934 532 982 562 di-

243 579 389 618 stinguit
415 577 653 616 jusjurandum
687 576 830 607 militare
861 586 878 605 e
910 575 981 606 Liv.

242 623 386 653 xxii.38.
411 621 512 651 Male.
536 619 623 651 Nam
637 620 679 650 ibi
694 629 761 649 non
771 620 983 658 distinguun-

245 670 302 697 tur
323 670 572 696 saci-amentum
596 668 630 694 et
649 663 901 702 jusjurandum,
925 663 982 692 sed

246 712 493 740 sacramentum
517 707 755 744 voluntarium,
772 711 807 736 et
830 707 983 745 legitima

240 752 460 794 jurisjurandi
491 751 631 781 adactio.
669 750 739 780 *ln
769 750 840 780 foro
870 760 981 780 sacra-

246 802 392 828 mentum
416 800 488 826 erat
511 795 664 835 pecunia,
680 804 753 833 quae
778 803 796 823 a
819 793 983 832 litiganti-

245 842 308 872 bus
331 839 562 879 deponebatur
585 839 673 878 apud
697 836 906 874 Pontificem,
931 840 981 874 ut,

248 885 304 924 qui
322 894 422 914 causa
439 882 625 919 cecidisset,
642 882 813 911 amitteret
836 890 909 910 eam
927 891 983 921 pe-

245 929 400 959 cuniam:
426 926 514 966 quod
537 927 607 964 ejus
631 926 678 955 rei
694 935 795 955 causa
810 925 924 961 fiebat,
941 933 982 953 ne

247 973 385 1012 impune
409 970 509 1001 alicui
537 970 710 1008 negotium
739 968 896 1008 petendo,
924 973 983 997 aut

239 1017 336 1056 justa
349 1014 486 1055 petendi
501 1013 693 1049 inficiando,
709 1012 832 1042 frustra
855 1021 983 1041 creare-

244 1064 312 1090 tur.
352 1059 516 1089 Instituta
531 1063 643 1087 autern
660 1066 710 1086 res
727 1059 778 1086 est
791 1056 892 1085 etiam
909 1065 984 1095 pro-

245 1109 320 1145 pter
345 1103 490 1142 inopiam
520 1101 640 1137 aerarii,
664 1105 800 1130 auctore
822 1099 983 1135 Varrone,

244 1151 287 1178 ut
315 1147 349 1177 id
379 1146 456 1176 inde
486 1145 631 1184 aliquem
661 1143 808 1174 reditum
834 1142 983 1173 haberet.

244 1191 368 1223 Differt
383 1200 402 1220 a
415 1189 592 1230 sponsione
609 1192 857 1218 sacramentum
874 1186 907 1216 in
932 1196 983 1224 en,

245 1234 335 1274 quod
350 1235 385 1264 in
401 1234 576 1273 sponsione
593 1241 659 1261 non
682 1231 862 1271 deponitur
884 1240 981 1270 pecu-

245 1279 313 1316 nia,
337 1277 396 1308 sed
417 1281 552 1307 tantum
576 1276 796 1316 promittitur.
826 1285 856 1304 v.
877 1274 984 1304 Hoto-

244 1331 361 1353 mann.
374 1321 415 1351 ad
428 1320 483 1351 Or.
497 1330 547 1360 pr.
557 1320 697 1360 Quintio
709 1329 737 1348 c.
750 1321 780 1349 8.
796 1327 856 1358 pro
868 1317 984 1347 eadem

245 1377 280 1397 re
294 1365 394 1396 habet
407 1363 612 1395 Faeciolatus
625 1363 664 1392 V.
678 1362 747 1393 Cel.
759 1362 800 1391 ad
812 1361 897 1391 hanc
913 1371 985 1391 ora-

245 1410 388 1441 tionem.
423 1408 488 1438 vid.
517 1407 664 1437 Iudicem
697 1407 732 1436 in
761 1406 906 1445 sponsio,
943 1405 984 1434 ad

246 1454 325 1485 Div.
355 1453 410 1483 vii.
441 1453 493 1482 32.
538 1455 740 1481 sacramento
770 1448 983 1479 contendere.

247 1497 327 1528 hinc
343 1497 414 1537 ipsa
436 1495 554 1536 petitio
577 1498 825 1524 sacramentum
849 1492 984 1529 dicitur,

248 1551 323 1580 quae
338 1544 548 1571 sacramento
567 1538 763 1578 interposito
786 1537 835 1566 fit.
862 1536 986 1566 Caecin.

246 1588 301 1616 33.
340 1593 408 1614 non
439 1592 532 1623 posse
561 1586 713 1612 nostrum
742 1584 985 1612 sacramentum

241 1629 373 1668 justum
383 1627 540 1668 judicari.
568 1627 668 1657 Dom.
683 1627 736 1659 99.
753 1625 779 1655 si
806 1623 985 1654 decemviri

245 1675 489 1703 sacramentum
504 1671 537 1700 in
552 1669 742 1700 libertatem
754 1669 917 1707 injustum
929 1668 985 1705 ju-

246 1716 426 1746 dicassent.
456 1716 513 1745 Or.
537 1714 557 1743 i.
585 1717 634 1744 10.
665 1713 760 1750 justo
782 1715 986 1743 sacramento

246 1759 460 1790 contendere.
486 1757 527 1788 cf.
544 1757 616 1787 Mil.
630 1760 682 1791 97.

293 1802 449 1839 Sacrare,
471 1811 601 1831 sacrum
633 1805 667 1831 et
697 1798 885 1829 inviolabile
917 1798 987 1828 effi-

247 1857 333 1878 cere.
351 1846 444 1876 Balb.
458 1849 506 1876 14.
522 1843 985 1878 sanctionessac‘rmzdoesunt,

247 1896 310 1921 aut
337 1899 458 1929 genere
487 1889 571 1929 ipso,
601 1893 660 1918 aut
697 1887 920 1917 obtestatione
952 1892 986 1916 et

247 1933 498 1965 consecratione
514 1933 608 1972 legis,
621 1934 679 1962 aut
693 1940 802 1970 poena.

289 1978 462 2009 Sacratus.
478 1976 567 2016 leges
577 1979 727 2006 cawatae.
749 1984 780 2005 v.
794 1973 868 2004 Iud.
881 1973 986 2012 Legg.

289 2022 537 2058 &cromnam
560 2018 759 2050 inviolabilis
782 2018 843 2055 ita,
863 2021 914 2054 ut,
931 2017 987 2055 qui

247 2065 370 2096 violare
392 2065 526 2101 audeat,
544 2073 635 2094 sacer
658 2063 710 2093 sit.
738 2061 832 2093 Balb.
854 2063 903 2091 14.
935 2071 986 2090 sa-

246 2114 452 2140 erosanctum
470 2107 553 2137 nihil
577 2117 647 2137 esse
670 2110 792 2146 potest,
809 2105 874 2135 nisi
898 2104 987 2143 quod

243 2153 389 2194 populus
404 2152 537 2192 plebsve
552 2151 727 2181 sanxisset.

293 2197 472 2233 Saecuzum,
498 2195 537 2225 de
560 2198 710 2234 tempore
734 2192 833 2232 longo
856 2195 889 2221 et
914 2190 987 2221 diu-

245 2245 359 2271 turno.
387 2240 450 2270 Off.
468 2240 502 2269 ii.
520 2241 573 2270 ⁶21.
603 2248 668 2275 nae,
682 2237 732 2267 illi
748 2235 857 2267 multa
870 2237 984 2266 saecula

244 2284 470 2324 exspectanda
484 2283 589 2312 fuere.

292 2327 396 2367 Saga.
428 2327 504 2358 Div.
532 2326 554 2357 i.
582 2328 634 2357 31.
666 2333 757 2363 δας-ιε
786 2332 882 2361 anus,
909 2332 988 2362 quia

246 2371 354 2402 multa
369 2371 453 2400 scire
468 2370 598 2399 volunt.

291 2415 419 2454 Sagax.
445 2414 523 2445 Div.
540 2413 561 2443 i.
578 2416 631 2444 31.
663 2421 795 2452 sagaces
811 2410 892 2440 dicti
908 2413 988 2440 sunt

245 2469 357 2489 canes.

292 2502 435 2542 Sagina,
450 2500 645 2540 largitiones
670 2499 704 2528 iu
726 2497 988 2539 plebem,inpri-

245 2546 310 2577 mis
336 2546 506 2576 frumenti.
545 2543 652 2574 Flacc.
680 2546 711 2576 7.
747 2542 802 2580 qui
830 2541 988 2571 multitu-

246 2590 361 2620 dinem
374 2598 441 2619 non
454 2587 669 2624 auctoritate,
681 2585 738 2616 sed
748 2586 881 2624 sagina,
890 2589 985 2614 tene-

243 2634 313 2665 bat.

291 2668 423 2716 Sagire.
445 2675 524 2707 Div.
539 2674 562 2706 i.
579 2677 632 2706 31.
655 2674 769 2713 sagire
786 2676 838 2702 est
855 2672 983 2702 sentire

244 2725 356 2752 acute.

291 2764 436 2803 Sagum,
460 2765 512 2793 est
532 2761 632 2791 vestis
655 2759 823 2796 militaris,
847 2769 913 2798 qua
936 2762 986 2787 et-

246 2809 314 2839 iam
330 2816 446 2838 omnes
462 2807 549 2836 cives
567 2805 664 2836 Rom.
681 2805 716 2833 in
738 2804 820 2833 urbe
843 2803 984 2832 uteban-

243 2856 303 2882 tur
325 2861 365 2881 ex
389 2850 476 2881 SCto
500 2850 535 2880 in
557 2847 720 2878 tumultu.
750 2857 781 2877 v.
805 2845 986 2877 tumultus.

244 2895 332 2927 Phil.
348 2895 413 2926 xiv.
432 2897 460 2926 l.
484 2893 526 2924 ad
539 2901 623 2933 saga
639 2892 699 2923 ire.

785 95 931 126 INDEX
961 96 1257 127 LATINXTATIS·

1067 185 1139 222 Sal,
1155 190 1190 215 et
1206 185 1290 216 sales
1313 184 1471 217 dicuntur
1493 185 1532 217 de
1550 189 1690 227 utroque
1706 191 1774 227 μα’

1023 238 1101 259 nere
1117 229 1328 266 facetiarum,
1346 233 1380 259 et
1396 239 1447 268 eo,
1465 231 1552 270 quod
1575 235 1626 261 est
1645 232 1679 261 in
1695 232 1764 262 sin-

1024 273 1110 311 gulis
1137 273 1256 310 verbis,
1280 282 1353 311 quae
1377 273 1516 304 dicteria
1539 274 1710 311 dicuntur,
1728 278 1764 305 et

1023 316 1111 354 quod
1138 320 1189 345 est
1211 316 1324 346 fusum
1348 317 1556 356 aequabiliter
1577 326 1636 358 per
1656 321 1763 348 totam

1022 359 1219 390 orationem.
1250 359 1315 389 vid.
1338 360 1395 390 Or.
1410 362 1462 392 26.
1492 362 1566 399 init.
1582 363 1639 393 Or.
1657 362 1691 392 ii.
1710 364 1763 393 54.

1025 412 1075 432 ars
1089 403 1178 432 salis.

1069 445 1225 482 Salebroe,
1243 447 1437 485 asperitates
1458 448 1585 478 viarum
1609 449 1760 489 proprie:

1025 490 1058 518 in
1083 490 1232 519 oratione
1255 490 1390 521 salebrae
1419 496 1497 521 sunt
1523 492 1557 521 in
1585 492 1761 522 collatione

1024 533 1213 570 verborum,
1244 543 1319 563 cum
1351 543 1466 574 aspere
1496 536 1594 564 verba
1624 545 1764 565 concur-

1024 581 1115 606 runt.
1139 576 1203 606 vid.
1219 577 1276 607 Or.
1295 580 1345 608 153.
1370 579 1403 607 in
1421 578 1633 618 Philosophia
1648 584 1762 608 antem

1023 625 1103 650 sunt
1127 619 1352 659 difficultates,
1369 631 1408 651 ex
1432 622 1550 661 quibus
1575 631 1641 651 non
1666 621 1763 652 facile

1024 663 1096 702 quis
1113 673 1146 693 se
1166 664 1332 703 expediat.
1362 665 1432 695 Fin.
1451 666 1485 694 ii.
1506 669 1555 695 10.
1588 665 1658 695 haec
1682 669 1763 695 sunt

1024 707 1190 736 contraria
1217 708 1465 747 (repugnantia)
1493 708 1545 738 hic
1571 709 1596 738 si
1622 709 1762 739 definire

1024 750 1073 780 vel
1105 750 1249 780 dividere
1279 751 1696 791 didicisset‚—nunquam
1727 753 1762 782 in

1022 797 1134 824 tantas
1149 795 1293 824 salebras
1309 795 1491 825 incidisset.
1515 795 1557 824 cf.
1575 805 1604 825 ν.
1622 797 1675 827 ⁶28.

1068 837 1201 868 Salinoe.
1231 837 1328 873 sales,
1353 838 1495 868 facetiae.
1534 838 1575 868 ad
1605 839 1681 868 Div.
1708 839 1764 870 vii.

1023 882 1075 912 32.
1106 891 1172 911 non
1196 882 1275 911 satis
1300 881 1477 920 diligenter
1501 891 1519 911 a
1538 886 1571 911 te
1588 883 1765 922 possessio-

1023 934 1101 954 nem
1123 926 1308 955 salinarum
1332 935 1484 955 mearum
1510 925 1653 956 defendi.
1697 925 1763 956 Sed

1024 969 1206 1009 pei-jocum
1225 969 1289 998 ista
1304 968 1474 999 dicuntur.

1068 1012 1194 1049 Salsns,
1221 1018 1394 1049 venustus,
1421 1012 1559 1052 lepidus.
1598 1011 1669 1043 Att.
1697 1013 1761 1043 xvi.

1027 1057 1076 1086 12.
1108 1056 1147 1085 de
1164 1056 1273 1085 libris:
1299 1057 1434 1095 negotia
1454 1057 1552 1087 salsa.
1584 1056 1663 1087 Nat.
1679 1057 1723 1087 D.
1741 1057 1764 1088 i.

1024 1102 1076 1131 ⁶28.
1107 1099 1170 1129 hoc
1193 1100 1301 1139 ipsum
1324 1100 1467 1137 (naevum
1494 1101 1528 1130 in
1545 1100 1687 1130 articulo
1704 1100 1763 1130 ha-

1023 1141 1113 1182 bere)
1142 1145 1266 1173 salsum
1291 1143 1340 1173 illi
1367 1148 1402 1173 et
1428 1148 1607 1173 venustum
1632 1143 1764 1174 videba-

1022 1191 1090 1217 tur.

1069 1230 1211 1261 Saliare.
1236 1230 1324 1260 Mur.
1343 1231 1373 1261 6.
1398 1239 1496 1260 nemo
1512 1229 1580 1260 fere
1595 1231 1698 1261 saltat
1712 1240 1764 1260 so-

1024 1274 1126 1305 brius.
1151 1285 1180 1304 v.
1196 1274 1346 1304 saltator.
1368 1274 1455 1304 *On
1472 1274 1524 1308 67.
1549 1283 1762 1304 numerosam

1026 1317 1354 1358 comprehensionem
1378 1326 1530 1357 perverse
1546 1318 1677 1356 fugiens
1694 1317 1764 1347 He-

1026 1363 1144 1401 gesias,
1160 1363 1273 1398 saltat,
1291 1362 1441 1391 incidens
1458 1355 1655 1401 particulas:
1681 1360 1715 1391 h.
1734 1371 1764 1392 e.

1025 1415 1157 1446 semper
1187 1406 1289 1435 incise
1321 1411 1356 1434 et
1385 1405 1598 1435 membratim
1636 1405 1767 1443 dicens,

1026 1459 1198 1488 nunquam
1222 1448 1361 1487 longiori
1380 1452 1414 1478 et
1436 1457 1614 1478 numerosa
1628 1448 1764 1488 periodo

1024 1496 1136 1530 utens,
1153 1502 1218 1532 quo
1241 1494 1334 1531 quasi
1350 1491 1483 1522 mollius
1501 1491 1675 1522 salientem
1692 1502 1766 1522 ora-

1024 1538 1151 1567 tionem
1168 1537 1281 1566 efficit.

1071 1581 1232 1618 Saltator,
1247 1580 1280 1609 in
1305 1579 1444 1609 convicii
1460 1578 1532 1609 loco
1549 1579 1672 1609 dicitur
1688 1579 1765 1610 Mu-

1025 1634 1095 1654 ren.
1114 1625 1144 1655 6.
1168 1625 1244 1654 Sen.
1260 1634 1294 1663 p.
1308 1623 1347 1653 R.
1366 1624 1396 1653 6.
1421 1623 1485 1654 Off.
1503 1623 1524 1653 i.
1539 1625 1590 1653 42.
1606 1623 1647 1653 ad
1664 1633 1763 1662 quem

1025 1668 1137 1698 locum
1154 1668 1301 1698 Graevius
1318 1666 1433 1697 multis
1457 1666 1605 1706 disputat
1627 1667 1662 1697 in
1678 1667 1765 1697 hanc

1026 1713 1244 1748 seutentiam,
1273 1710 1486 1740 saltationem
1526 1720 1593 1740 non
1626 1720 1762 1741 omnem

1026 1756 1127 1786 fuisse
1152 1760 1300 1795 turpem,
1326 1754 1384 1783 sed
1410 1754 1639 1784 histrionicam
1667 1754 1766 1785 modo

1027 1805 1061 1830 et
1077 1800 1255 1829 scenicam.
1293 1798 1410 1836 Itaque
1426 1800 1613 1828 saltatorem
1629 1807 1698 1827 esse
1714 1797 1767 1828 hi-

1025 1844 1200 1880 strionem,
1217 1843 1273 1881 qui
1292 1842 1440 1871 earmina
1456 1841 1568 1878 saltet,
1584 1841 1670 1880 quod
1693 1845 1767 1872 erat

1026 1886 1140 1917 Romzr.
1150 1887 1185 1916 in
1194 1885 1674 1926 pi-imispantomimorum‚qui
1682 1895 1765 1915 non-

1027 1931 1090 1960 nisi
1107 1929 1258 1960 saltando
1279 1928 1408 1970 fabulas
1431 1928 1620 1966 exhibebat,
1636 1932 1675 1959 ut
1690 1930 1764 1967 jam

1027 1974 1142 2005 docuit
1157 1974 1286 2004 erudite
1303 1972 1442 2002 Salmas.
1459 1972 1500 2002 ad
1516 1972 1649 2012 VopiSC.
1660 1973 1767 2003 Aure-

1027 2017 1106 2048 lian.
1122 2021 1153 2052 7.
1174 2028 1205 2057 p.
1222 2020 1296 2047 433.
1315 2021 1349 2046 et
1366 2016 1476 2046 Carin.
1488 2026 1521 2056 p.
1535 2019 1608 2046 830.
1622 2025 1647 2046 s.
1661 2016 1768 2047 Salta-

1025 2062 1151 2092 tionem
1169 2060 1312 2099 aliquam
1331 2065 1445 2090 autem
1461 2059 1562 2089 fuisse
1575 2059 1766 2099 honestam,

1027 2116 1067 2136 ex
1080 2105 1195 2135 multis
1207 2105 1303 2134 rebus
1316 2103 1458 2142 intelligi
1473 2113 1579 2143 posse,
1590 2108 1766 2142 tamquam

1027 2149 1113 2188 quod
1124 2149 1156 2178 iu
1169 2148 1296 2188 pompis
1309 2148 1409 2177 sacris
1421 2147 1523 2177 fuerit
1533 2151 1693 2186 usurpata
1705 2148 1765 2181 διε.

1025 2193 1145 2232 Neque
1156 2196 1269 2221 tamen
1281 2191 1360 2221 mihi
1372 2190 1501 2220 videtur
1509 2195 1581 2220 tota
1590 2190 1648 2220 illa
1657 2191 1769 2231 dispu-

1025 2237 1153 2266 tatione
1167 2235 1336 2274 vulgarem
1347 2235 1549 2264 sententiam
1560 2234 1638 2264 satis
1652 2234 1769 2265 confu-

1026 2286 1111 2316 tare,
1122 2289 1194 2318 quae
1207 2279 1328 2309 saltare
1340 2282 1437 2318 turpe
1450 2278 1550 2308 fuisse
1563 2278 1676 2308 Romae
1690 2287 1768 2308 cen-

1026 2328 1088 2354 set.
1107 2322 1254 2359 Scilicet,
1270 2323 1327 2358 qui
1349 2322 1427 2351 huic
1443 2326 1523 2351 sunt
1546 2321 1681 2358 addicti,
1700 2331 1770 2353 non

1028 2373 1167 2407 negant,
1184 2366 1362 2396 honestum
1380 2366 1493 2402 fuisse,
1510 2365 1543 2394 in
1564 2366 1663 2394 sacris
1681 2365 1768 2397 ludis

1028 2416 1063 2440 et
1092 2410 1221 2450 pompis
1253 2409 1293 2439 ad
1322 2409 1529 2448 praescriptos
1568 2409 1769 2438 caerimoniis

1029 2455 1146 2484 modos
1163 2453 1303 2483 saltare:
1329 2453 1369 2482 de
1386 2452 1435 2484 his
1451 2452 1683 2482 saltationibus
1701 2462 1768 2483 non

1028 2503 1079 2527 est
1110 2507 1237 2527 sermo:
1277 2496 1335 2526 sed
1373 2506 1414 2525 an
1445 2501 1539 2525 extra
1569 2495 1631 2525 hoe
1662 2505 1767 2535 genus

1026 2551 1172 2577 sacrum,
1201 2550 1230 2569 ν.
1262 2550 1290 2570 c.
1322 2541 1357 2570 in
1387 2540 1557 2575 conviviis,
1589 2539 1766 2569 honestum

1026 2585 1127 2614 fuerit
1150 2583 1280 2614 saltare.
1313 2583 1400 2622 quod
1424 2582 1505 2612 mihi
1529 2592 1595 2612 non
1627 2583 1768 2613 videtur.

1025 2629 1113 2659 Nam
1132 2628 1254 2657 diserte
1271 2627 1386 2657 Cicero
1402 2636 1452 2665 pr.
1470 2627 1602 2656 Muren.
1614 2627 1644 2656 6.
1669 2636 1769 2657 nemo

1025 2672 1094 2701 fere
1109 2673 1211 2701 saltat
1222 2671 1362 2707 sobrius,
1376 2671 1438 2700 nisi
1453 2670 1510 2708 qui
1525 2670 1609 2699 forte
1626 2670 1767 2700 insanit:

1027 2725 1134 2754 neque
1159 2715 1194 2744 in
1216 2714 1411 2751 solitudine,
1432 2723 1539 2752 neque
1563 2713 1596 2742 in
1621 2713 1772 2743 convivio

1028 2759 1198 2788 moderato
1237 2764 1336 2796 atque
1373 2757 1533 2786 honesto:
1578 2757 1773 2796 tempestivi·

1028 2803 1182 2839 convivii,
1199 2801 1320 2831 amoeni
1341 2801 1418 2837 loci,
1436 2801 1618 2830 multarum
1636 2800 1771 2830 delicia—

1028 2856 1102 2876 rum
1130 2855 1240 2875 eomes
1267 2850 1317 2875 est
1340 2848 1490 2874 extrema
1510 2845 1651 2874 saltatio.
1696 2843 1773 2875 Uti-

1030 2899 1109 2921 nam
1134 2889 1273 2920 dixisset
1295 2888 1457 2927 Graevius,
1476 2887 1534 2919 ubi
1557 2887 1649 2920 locus
1671 2887 1776 2920 fuerit
