1920 3196
662 87 809 116 INDEX
839 86 974 114 LATIN
981 86 1138 115 ITATIS.

189 178 336 215 Haerere,
358 177 481 208 versari
504 175 695 217 diligenter,
712 180 875 217 perpetuo

145 223 179 253 in
206 232 239 253 re
269 221 390 260 aliqua.
421 222 516 251 Orat.
533 221 554 250 i.
572 224 624 251 38.
652 225 799 250 oratores
827 219 877 249 di-

143 272 267 297 cuntur
280 266 401 295 laem-ere
415 265 549 303 injure.
567 265 638 294 Att.
655 264 723 294 xiii.
739 267 792 295 40.
811 265 874 293 Ζιφ-

142 319 217 340 rere
233 309 267 338 in
287 309 387 340 libris.
415 308 472 337 Or.
489 310 542 338 40.
566 310 688 338 lzoerere
707 308 740 337 in
757 307 873 337 eadem

142 353 323 388 sententia,
341 352 381 382 de
405 358 549 388 oratore,
567 362 644 381 cum
672 362 742 381 rem
761 356 874 389 auget.

140 395 234 426 Verr.
251 406 281 426 ν.
299 396 350 426 64.
376 395 438 424 hoc
462 401 575 432 tenco,
594 394 647 424 hic
672 396 786 430 hoerco,
811 395 872 423 hoc

140 449 215 469 sinn
240 444 432 469 contentus.
467 437 552 468 Phil.
568 439 636 468 xiii.
652 442 681 468 ζ’».
707 439 873 468 lem-ebunt

139 483 174 513 in
199 483 305 513 oculis
334 483 465 512 nostris.
498 482 539 511 ad
566 483 642 512 niv.
671 483 712 511 vi.
739 485 769 512 5.
805 491 872 511 non

139 536 234 566 posse
261 534 294 556 te
319 526 376 556 diu
401 527 524 556 Izoerere
549 525 582 555 in
600 531 670 555 tarn
688 525 805 555 acerba
824 526 873 554 in-

133 570 237 608 juria.
267 571 420 600 *haerere
443 569 604 599 dicuntur
627 570 715 598 faces
741 570 873 609 injectae

138 613 265 643 aedibus
293 616 353 644 ἃς.
380 623 457 643 cum
483 622 549 642 non
576 614 646 643 sine
675 623 761 643 noxa
784 613 872 643 deci-

139 656 239 694 dunt,
268 657 325 687 scd
352 657 560 687 incendunt:
594 656 682 686 unde
714 656 784 686 haec
812 657 873 686 du-

138 705 273 731 cuntur.
305 701 403 731 Rosc.
416 702 510 731 Com.
524 702 553 730 6.
579 702 678 730 lucret
694 706 871 740 peccatum

137 743 218 774 huic
246 744 386 774 homini.
417 745 475 774 Or.
507 745 539 773 ii.
569 747 620 775 54.
645 744 794 774 facetum
822 744 874 773 di-

138 792 230 818 ctum
256 789 414 818 emissum
441 790 561 818 haerere
585 788 694 818 debet.
728 787 827 817 Catil.
851 788 872 817 i.

138 832 169 862 6.
209 832 297 871 quod
329 832 471 862 dedecus
503 841 567 861 non
597 833 695 862 lzoeree
722 831 870 861 infamiae

137 881 218 906 tuae.
265 876 414 906 Graevius
439 886 514 905 cum
540 875 684 905 Grutcro
710 876 870 913 malebat,

137 919 279 949 inhaeret
299 920 394 949 famae
410 923 489 950 tuae.
536 919 586 949 De
604 920 700 949 samm
717 923 784 950 tuae
802 929 869 949 non

136 963 384 993 intercesserim
400 975 408 1001 ;
436 963 576 993 inhaeret
600 973 666 992 non
683 973 765 1003 opus
782 963 871 993 vide-

137 1009 204 1037 tur.
236 1008 255 1025 Ῥ
268 1007 339 1037 Mil.
356 1009 408 1038 21.
435 1008 525 1037 hccsz't
539 1007 573 1037 in
590 1007 628 1036 iis
652 1008 770 1046 poenis,
787 1018 867 1047 quas

137 1051 200 1080 ἃς.
223 1050 244 1080 i.
262 1061 290 1080 c.
319 1051 452 1089 incidit,
479 1050 570 1081 velut
597 1051 695 1091 piscis
723 1052 757 1081 in
785 1056 868 1090 rete,

134 1095 237 1124 subiit
253 1095 314 1125 &cu

179 1138 356 1175 Hoesitare‚
374 1137 489 1168 rudem
509 1147 590 1168 esse.
619 1138 676 1169 Or.
694 1139 715 1168 i.
737 1142 786 1170 10.
805 1141 867 1171 lzoe—

132 1183 235 1213 silure
251 1183 285 1211 in
303 1182 466 1221 majorum
486 1182 659 1212 institutis.

178 1225 407 1262 Hallueimtri,
438 1225 609 1255 effundere
646 1230 774 1257 temere
808 1227 868 1258 ali-

134 1269 228 1308 quid,
261 1279 328 1299 non
360 1270 539 1300 admodum
573 1277 728 1300 accurate
764 1271 866 1311 loqui.

133 1313 174 1352 Ω.
191 1313 241 1342 Fr.
259 1314 292 1342 ii.
315 1316 361 1343 li.
386 1313 535 1352 epistolae
555 1313 679 1344 debent
696 1315 866 1348 interdum

134 1358 345 1387 hallucinari.
377 1356 454 1387 Nat.
472 1358 516 1387 D.
534 1358 554 1387 i.
572 1359 624 1387 ⁶26.
645 1359 711 1388 ista
734 1370 753 1388 a
776 1360 866 1390 vobis

133 1403 305 1440 tamquam
332 1401 459 1430 dictata
482 1401 681 1437 redduntur,
698 1412 770 1441 quae
788 1403 868 1444 Epi-

133 1454 234 1474 curus
251 1445 396 1475 oscitans
413 1446 635 1475 hallucinatus
650 1451 711 1476 est.

177 1488 291 1525 b'ara,
310 1488 480 1518 stabulum
509 1498 696 1528 porcorum.
730 1490 795 1521 Pis.
816 1492 866 1523 16.

131 1531 278 1571 Epicure
295 1542 335 1562 ex
351 1533 436 1562 hara
453 1532 625 1572 producte.

175 1575 299 1606 Hasta.
329 1576 460 1605 Verrin.
484 1577 526 1606 iv.
544 1576 596 1606 56.
620 1577 720 1606 hastoe
744 1579 868 1616 grami-

131 1629 215 1650 neae.
249 1630 278 1649 v.
306 1621 510 1659 gramineus
550 1621 697 1650 ²¹*auctio
718 1621 865 1661 publica,

131 1663 211 1702 quia
233 1664 327 1694 hasta
350 1664 485 1702 signum
510 1665 676 1694 auctionis
697 1665 862 1704 publicae:

132 1717 334 1746 quamquam
363 1712 427 1744 est,
453 1708 508 1746 qui
536 1708 639 1738 etiam
665 1709 698 1738 in
727 1711 864 1748 privatis

131 1752 261 1781 hastam
289 1751 433 1790 positam
460 1756 570 1791 putet.
600 1762 629 1782 V.
647 1752 806 1783 Dukerus
823 1754 865 1784 ad

130 1793 217 1825 Flor.
233 1805 265 1835 p.
285 1795 359 1826 346.
392 1794 477 1824 Phil.
495 1795 562 1825 viii.
580 1798 610 1825 3.
635 1798 729 1826 hasta
754 1797 864 1828 Caesa-

130 1838 186 1868 ris.
218 1838 306 1869 conf.
332 1838 397 1874 Off.
425 1839 459 1868 ii.
486 1842 516 1870 8.
559 1839 600 1868 ad
626 1840 703 1870 Div.
730 1851 781 1871 xv.
814 1845 863 1876 17.

130 1883 226 1912 hasta
256 1882 396 1913 refrixit.
439 1886 458 1903 ¹¹*
476 1889 679 1922 argumenta
709 1887 863 1916 oratoris.

127 1926 212 1966 Top.
235 1929 283 1960 17.
308 1926 386 1956 JCti
411 1927 559 1965 patronis
584 1927 626 1956 ad
649 1937 764 1958 corum
786 1939 863 1968 pru-

129 1969 278 2000 dentiam
312 1969 584 2009 confugientibus
623 1972 735 2001 hastas
765 1974 864 2003 mini-

129 2019 250 2043 strant.
281 2014 402 2043 *Mun
420 2015 471 2044 21.
496 2016 626 2044 hastam
643 2015 797 2053 abjicere.
823 2017 863 2047 de

130 2058 225 2086 hasta
243 2062 418 2087 amentata
437 2057 501 2087 vid.
518 2058 732 2089 Amcntatus.

173 2101 353 2137 Hasratus,
371 2105 421 2130 est
447 2111 554 2140 genus
582 2101 746 2141 militum,
773 2104 862 2142 quod

128 2144 163 2173 in
195 2145 264 2174 acie
297 2145 405 2184 prima
444 2146 725 2184 constituebatur,
756 2152 795 2176 nt
828 2149 863 2178 in

129 2187 242 2218 media
278 2189 457 2228 principes,
495 2190 530 2218 in
571 2188 694 2220 ultima
729 2190 863 2222 Triarii.

127 2230 205 2262 Div.
224 2232 245 2262 i.
262 2235 314 2263 35.
338 2232 477 2271 signifer
494 2233 592 2272 primi
611 2235 733 2264 hastati
746 2247 755 2263 .·
781 2235 813 2264 h.
831 2246 860 2265 e.

126 2276 244 2314 primae
269 2277 430 2306 centuriae
453 2277 669 2307 hastatorum.
695 2278 760 2308 vid.
786 2279 863 2319 Lip-

128 2319 196 2349 sius
212 2318 285 2349 Mil.
304 2319 342 2349 R.
359 2320 392 2350 ii.
410 2324 439 2351 8.

171 2363 288 2393 Haud.
299 2368 440 2393 teneant
458 2363 584 2402 tirones
602 2365 667 2394 vim
686 2364 859 2397 formulae:

127 2407 217 2437 haud
232 2407 300 2437 scio
317 2417 358 2436 an
376 2419 384 2445 ;
411 2417 484 2446 quae
509 2418 585 2437 cum
613 2408 860 2440 dubitationem

126 2449 248 2480 habere
265 2450 432 2488 videatur,
449 2456 564 2481 tamen
588 2452 788 2492 simpliciter
815 2454 862 2484 af-

126 2494 250 2524 firmat.
276 2494 346 2523 Fin.
376 2505 406 2524 v.
435 2498 466 2525 3.
501 2495 708 2534 Aristoteles,
748 2507 862 2536 quem,

126 2543 267 2576 excepto
299 2538 453 2575 Platone,
483 2540 574 2569 haud
603 2540 670 2569 scio
698 2550 741 2569 an
771 2546 861 2571 recte

125 2581 266 2610 dixerim
294 2582 478 2622 principem
510 2582 796 2622 philosophorum.
822 2585 863 2615 ad

123 2625 166 2664 Q.
185 2625 235 2655 Fr.
253 2625 274 2655 i.
295 2628 322 2655 l.
343 2629 390 2655 10.
408 2629 446 2656 ut
460 2626 522 2655 tibi
540 2627 627 2656 tanti
646 2627 787 2658 honores
804 2628 863 2659 ha-

127 2669 298 2706 berentur,
315 2670 432 2707 quanti
460 2670 550 2699 haud
565 2671 633 2699 scio
651 2681 692 2700 an
721 2673 862 2703 nemini.

127 2712 188 2742 ἂν.
236 2711 454 2743 Illustrarunt
485 2713 548 2742 hoc
587 2713 719 2744 dicendi
756 2725 860 2755 genus

125 2755 223 2785 multi
260 2756 387 2786 laudati
420 2757 552 2787 Duker.
578 2757 620 2786 ad
651 2758 785 2789 Florum
814 2760 861 2790 iii.

127 2801 176 2830 12.
196 2807 230 2828 ct
244 2799 418 2830 Drakenb.
436 2800 478 2830 ad
494 2801 566 2831 Liv.
582 2801 705 2832 xxxvii.
723 2805 775 2833 54.

168 2843 293 2882 Haceo,
319 2854 409 2875 aveo.
447 2844 518 2876 Att.
545 2855 573 2874 v.
599 2846 650 2876 90.
675 2846 772 2877 haereo
801 2848 862 2878 sci—

122 2895 169 2917 re.

1578 78 1662 116 313

966 174 1112 211 Ham-io,
1129 175 1289 215 percipio,
1305 173 1386 205 fero.
1404 174 1484 206 Coel.
1499 177 1550 207 24.
1567 176 1659 208 hunc

918 219 1014 248 hausi
1042 218 1202 249 dolorem.
1234 219 1334 249 Dom.
1365 221 1414 249 11.
1440 221 1577 251 haurire
1603 232 1657 252 me

918 271 1025 291 unum
1050 272 1108 302 pro
1132 262 1287 292 omnibus
1312 262 1541 294 calamitatem
1572 266 1658 296 indi-

918 306 1126 344 gnissimam.
1172 306 1258 335 conf.
1293 306 1394 337 Tusc.
1427 307 1448 336 i.
1480 311 1532 340 35.
1571 316 1656 340 extr.

917 355 1060 387 quantas
1088 354 1121 379 ct
1175 360 1275 388 quam
1315 349 1527 382 incredibiles
1558 355 1655 384 hausi

918 392 1140 422 calamitates.
1166 394 1218 422 Sic
1249 393 1391 433 explicat
1434 394 1517 426 bene
1551 398 1655 428 etlam

915 435 1132 466 Burmannus
1164 437 1204 466 ad
1236 437 1366 476 Virgilii
1405 437 1488 469 illud
1519 442 1658 473 haurire

916 479 1082 519 supplicia
1097 480 1173 510 [Ἐιι.
1191 482 1232 509 iv.
1261 484 1335 511 325.
1361 481 1413 511 Sic
1438 484 1526 514 idem
1544 484 1656 525 Virgi-

917 523 980 553 lius
1000 534 1006 552 :
1033 534 1106 562 quae
1125 523 1212 554 bella
1228 525 1391 554 exhausta
1408 528 1562 565 canebat,
1586 530 1607 559 i.
1625 539 1653 562 e.

918 567 1050 597 fortiter
1066 568 1106 597 ad
1120 568 1222 597 finem
1234 568 1390 605 tolerata,
1410 571 1488 600 ibid.
1508 572 1582 602 init.

963 611 1126 649 Ηαηείιιε,
1153 611 1243 641 locus
1269 612 1325 642 ubi
1361 623 1448 652 aqua
1485 614 1652 648 hauritur.

917 653 1041 684 Cae‹·in.
1060 656 1113 685 ⁶26.
1138 665 1233 694 aquae
1258 655 1391 694 duetus,
1409 659 1559 698 haustus,
1573 661 1651 700 iter,

916 704 1024 728 actus.

960 742 1154 773 Hebdomas.
1180 743 1221 773 ad
1244 744 1321 773 Div.
1347 745 1412 775 xvi.
1435 750 1467 779 9.
1493 746 1533 776 ad
1557 747 1653 778 Tiro-

915 795 992 815 nem
1019 790 1210 825 aegrotum:
1240 787 1473 827 nymphoniam
1509 791 1652 830 Lysonis

915 829 1034 859 vellem
1048 830 1197 867 vitasses,
1209 841 1249 860 ne
1270 832 1302 860 in
1317 838 1469 871 quartam
1483 835 1652 866 hebdoma-

914 873 957 903 da
988 873 1162 904 incideres.
1209 874 1393 906 Hebdomas
1421 882 1472 907 est
1501 881 1649 918 spatium

913 922 1043 956 septem
1067 918 1210 955 dierum,
1246 929 1311 957 quo
1345 922 1453 959 spatio
1484 924 1590 953 morbi
1615 925 1651 954 in

914 960 1059 991 deterius
1076 967 1135 991 aut
1152 964 1271 992 melius
1287 965 1408 994 mutari
1421 965 1530 996 solent
1544 979 1550 996 t
1576 977 1650 1008 sep-

912 1004 989 1034 timi
1007 1006 1096 1035 enim
1122 1006 1191 1036 dics
1215 1010 1296 1036 sunt
1313 1008 1420 1038 critici
1438 1020 1454 1039 e
1473 1009 1651 1051 disciplina.

913 1048 1133 1079 medicorum.

954 1092 1072 1130 Hebes,
1091 1094 1274 1133 opponitur
1298 1096 1506 1134 acuminato,
1524 1097 1647 1138 fragm.

910 1135 1012 1166 Acad.
1031 1137 1064 1166 ii.
1088 1147 1148 1167 cur
1164 1137 1253 1168 lunae
1271 1140 1438 1169 nascentis
1467 1141 1532 1171 alia
1558 1143 1650 1173 hebe-

911 1181 1008 1218 tim-a,
1033 1180 1099 1210 alia
1127 1183 1280 1212 acutiora.
1301 1183 1481 1214 videantur
1511 1195 1648 1218 cornua.

909 1223 1127 1264 *opponitur
1155 1226 1281 1256 subtili.
1314 1226 1385 1256 Fin.
1411 1228 1444 1257 ii.
1471 1230 1500 1259 6.
1536 1230 1649 1260 rheto-

910 1267 978 1297 rica
994 1268 1147 1305 forensis,
1161 1280 1237 1299 cum
1256 1270 1462 1310 populariter
1478 1273 1646 1314 loquatur,

910 1314 960 1341 est
972 1312 1142 1342 interdum
1157 1313 1269 1353 paullo
1286 1315 1432 1345 hebetior.

954 1355 1162 1395 Hedryelzus.
1187 1357 1286 1388 Tusc.
1304 1358 1351 1389 iii.
1372 1362 1419 1393 19.
1445 1360 1649 1400 hedrychum

907 1399 1139 1430 incendamus.
1172 1401 1326 1432 Davisius
1372 1405 1522 1442 reposuit
1549 1407 1646 1446 hedy-

909 1444 1040 1480 chrum,
1057 1454 1095 1473 ex
1113 1445 1308 1481 conjectura
1324 1447 1358 1476 P.
1373 1446 1523 1479 Victorii.
1556 1449 1646 1481 Nam

914 1487 1093 1527 hedtyelzus
1111 1488 1205 1518 nihili
1223 1499 1284 1518 vox
1301 1496 1364 1527 est,
1383 1490 1440 1520 illa
1467 1491 1571 1522 altera
1587 1504 1647 1524 au-

910 1535 979 1561 tem
1009 1541 1127 1570 graeca.
1154 1531 1242 1562 Illud
1268 1540 1384 1564 autem
1412 1535 1560 1575 scrupuli
1592 1537 1646 1568 hie

908 1575 1069 1612 restabat,
1088 1576 1176 1614 quod
1190 1581 1325 1607 auctore
1344 1579 1539 1609 Dioscoride
1555 1581 1576 1610 i.
1594 1582 1647 1612 61.

910 1619 1092 1658 Itedyehrns
1109 1624 1159 1649 est
1176 1625 1389 1659 unguentum
1406 1634 1415 1660 3
1437 1623 1477 1652 de
1493 1634 1558 1662 quo
1575 1635 1647 1655 ver-

908 1662 989 1692 bum
1006 1663 1225 1694 incendamus
1244 1665 1308 1694 dici
1319 1675 1385 1695 non
1404 1671 1526 1705 potest.
1544 1668 1645 1699 Hunc

906 1706 1103 1746 scrupulum
1130 1708 1323 1739 sublaturus
1341 1710 1511 1749 Davisius,
1529 1721 1568 1741 ex
1586 1722 1646 1742 au-

909 1751 1066 1780 ctoritate
1087 1751 1181 1781 MSS.
1204 1753 1313 1792 primo
1331 1753 1448 1784 demus
1469 1760 1503 1785 et
1530 1755 1646 1786 incen-

908 1793 1025 1824 damus
1044 1802 1241 1835 pcrmutat;
1267 1796 1386 1827 deinde
1411 1807 1469 1837 pro
1486 1799 1645 1830 incenda-

907 1848 996 1876 mus,
1023 1840 1161 1877 conjicit
1197 1840 1376 1879 legendum
1404 1842 1645 1874 intendamus:

906 1882 928 1912 i.
946 1892 974 1912 e.
1002 1884 1222 1922 porrigamus.
1258 1884 1337 1923 Ejus
1365 1886 1541 1916 sententiae
1567 1888 1645 1918 sub-

908 1927 1023 1956 scribit
1041 1926 1205 1957 ssuherius
1222 1927 1263 1958 ad
1279 1928 1311 1958 h.
1337 1928 1358 1958 l.

951 1970 1107 2001 Heluari.
1130 1972 1230 2003 Dom.
1247 1976 1300 2006 47.
1326 1973 1455 2003 belisari
1471 1975 1552 2014 reip.
1568 1985 1646 2007 san-

907 2014 1057 2053 guinem.
1083 2015 1154 2045 Fin.
1167 2015 1213 2045 iii.
1228 2018 1258 2047 2.
1282 2017 1375 2055 quasi
1394 2019 1523 2048 heluam*
1540 2017 1643 2051 libris.

950 2057 1068 2088 Helm).
1092 2058 1183 2089 Sext.
1206 2063 1255 2090 11.
1290 2061 1385 2090 heluo
1400 2062 1531 2102 patriae,
1548 2063 1642 2094 heluo

904 2103 1112 2141 patrimonii.

941 2145 1112 2184 Helvelloe,
1132 2147 1272 2178 minutae
1288 2147 1413 2186 herbae,
1433 2148 1474 2178 ad
1490 2149 1568 2180 Div.
1585 2151 1641 2182 vii.

905 2189 957 2219 QG.

948 2232 1201 2272 Hemicyclium,
1248 2235 1384 2274 solium,
1421 2236 1504 2267 sella
1539 2238 1646 2277 major

906 2277 1011 2316 patris
1030 2286 1060 2307 v,
1084 2288 1111 2307 c.
1137 2278 1291 2309 familias.
1310 2279 1392 2310 Lael.
1416 2283 1441 2310 1.
1460 2291 1569 2320 augur
1585 2283 1644 2312 do-

904 2321 951 2350 mi
970 2321 1002 2350 in
1020 2322 1205 2362 hemicyclio
1228 2323 1356 2354 sedens.
1381 2324 1508 2355 Solium
1526 2326 1573 2355 ita
1589 2336 1644 2356 vo-

905 2371 1003 2394 catur
1041 2375 1059 2395 a
1096 2366 1206 2404 figura
1246 2368 1498 2399 semicirculari.
1529 2370 1644 2401 Sidon.

904 2408 1013 2448 Apoll.
1039 2409 1098 2449 Ep.
1118 2410 1150 2439 ii.
1168 2413 1199 2441 2.
1223 2411 1297 2441 solii
1321 2413 1560 2451 hemicyclium.
1577 2414 1643 2445 vid.

906 2451 1050 2483 Gronov.
1075 2453 1116 2483 ad
1140 2455 1280 2485 Sueton.
1312 2456 1352 2485 de
1388 2456 1576 2487 Grammat.
1611 2468 1641 2488 c.

908 2499 957 2529 17.

950 2539 1153 2571 Herc-tecm.
1191 2542 1249 2572 Or.
1280 2543 1301 2573 i.
1335 2543 1386 2574 56.
1421 2544 1491 2583 qui,
1523 2544 1645 2584 quibus

904 2584 1011 2613 verbis
1043 2586 1176 2615 lzercz’sci
1203 2592 1371 2625 oporteat,
1403 2588 1522 2625 nescit,
1554 2589 1644 2619 idem

903 2629 1122 2658 herciscunda>
1147 2629 1283 2660 familiae
1302 2641 1436 2661 causam
1454 2641 1552 2670 agere
1578 2642 1646 2664 non

905 2676 1028 2711 potest.
1052 2672 1177 2703 Caecin.
1204 2677 1234 2707 7.
1259 2674 1416 2705 AEbutius
1434 2676 1571 2705 nomine
1587 2676 1645 2706 hc-

904 2715 990 2745 redis
1007 2716 1169 2746 arbitrum
1200 2717 1228 2746 fa
1236 2718 1335 2748 miliae
1353 2719 1572 2750 herciscunda?
1586 2730 1645 2760 po-

904 2759 1065 2789 stulavitz
1092 2760 1123 2790 h.
1144 2771 1173 2791 e.
1190 2761 1232 2790 ad
1257 2762 1453 2792 divisionem
1486 2773 1646 2802 provoca-

903 2803 965 2839 vit,
992 2807 1032 2833 ut
1057 2803 1155 2834 hodic
1183 2804 1380 2844 loquuntur.
1415 2805 1564 2837 Hercism'
1595 2811 1647 2838 est

904 2846 1018 2876 dividi.
1066 2847 1107 2878 Et
1144 2848 1206 2878 hoc
1240 2858 1339 2879 sensu
1363 2850 1436 2887 jam
1477 2850 1646 2882 Ciceronis

904 2896 1055 2931 tempore
1067 2890 1197 2933 dictum
1215 2901 1286 2923 csse
1303 2894 1451 2932 ltercisci,
1468 2894 1645 2926 usitatam—
