1920 3196
224 106 307 142 26²

227 212 293 231 nna.
328 201 393 231 Ati.
418 201 460 230 ix.
481 203 528 230 18.
561 199 602 229 ad
626 201 740 229 omnia
758 200 962 237 descendere,

227 253 280 275 est
303 246 393 274 omni
419 245 448 273 vi
473 251 504 273 ct
531 244 712 273 acerbitate
739 243 799 273 uti.
831 244 871 273 ad
890 244 963 273 l)iv.

229 290 296 318 viii.
315 293 344 319 Β.
377 288 517 318 alu-rain
535 288 574 317 ad
594 287 821 316 conditionem
839 288 964 317 descen-

229 334 304 362 dere
328 333 398 361 vult
425 334 545 361 (asar.
576 331 696 360 *Vera
722 331 754 360 ii.
773 335 825 364 7'...
857 331 964 370 plarct

231 376 313 406 mihi
340 377 403 405 ista
420 375 585 404 ‹le-sensio:
612 375 772 403 descendo:
804 374 856 403 iel}
882 374 964 404 lasse

231 419 323 451 mich
341 420 460 449 darauf
473 419 539 447 ein.

278 464 435 493 Des-cisun».
461 462 527 491 1³in.
543 462 588 491 iii.
606 465 652 490 18.
672 462 841 491 desciscere
854 462 964 498 avita,

228 507 252 537 1.
266 518 294 535 e.
310 507 455 546 scipsum
470 506 670 534 interficere.
693 504 793 534 Tusc.
808 505 853 534 iii.
866 506 895 535 (Ζ.
914 505 966 534 dc-

232 553 364 581 scismre
391 560 410 579 a
438 552 567 578 natura.
601 548 702 578 Aead.
728 548 769 577 iv.
800 551 848 578 15.
887 558 964 577 cuin

233 595 398 633 captiosas
418 593 695 632 interrogationes
711 591 886 622 dissolvere
899 602 965 621 non

234 644 388 678 possunt,
405 638 579 667 desciscunt
596 646 615 665 a
632 636 782 665 veritate.

278 681 482 718 Describere,
515 679 673 716 dividere,
705 679 901 708 distribuere
932 679 966 707 in

234 731 357 765 partes.
388 724 465 763 Agr.
487 725 520 753 ii.
537 725 589 757 29.
622 723 654 752 in
673 724 796 761 jugera
814 722 900 751 dena
914 722 967 751 de—

231 770 363 799 scribat.
390 768 473 797 Phil.
489 768 556 797 xiii.
571 771 600 797 5.
616 767 781 796 describite
797 766 880 795 illud
894 775 967 805 sep-

234 813 299 842 ties
318 812 437 841 millies
455 813 511 840 ita.
538 811 672 840 Cluent.
689 812 741 840 32.
767 819 833 839 non
851 809 967 839 Archi-

233 856 346 886 medes
365 856 474 894 potuit
493 854 610 884 melius
627 854 811 883 describere.
837 853 878 882 ad
890 854 966 883 Div.

233 900 297 929 xvi.
320 903 364 929 11.
400 899 503 928 Itali-f.
526 899 676 937 regiones
693 898 856 937 descripta?
873 900 966 934 sunt,

234 953 333 982 quam
348 944 486 981 quisque
499 947 628 982 partem
643 946 805 971 tueretur.
822 941 864 970 cf.
875 940 967 970 Verr.

232 989 255 1017 i.
278 989 326 1017 14.
345 990 403 1016 &cu
422 988 527 1016 (jraev.
547 985 587 1014 ad
603 985 722 1015 Caton.
744 988 792 1018 17.
809 984 880 1014 Att.
898 985 918 1014 i.
936 986 966 1014 ⁶2.

232 1031 315 1069 ch.
333 1031 378 1060 iii.
401 1034 448 1064 19.
479 1028 620 1069 populus
644 1029 822 1068 descriptus
844 1028 968 1057 ordini—

233 1074 307 1111 bus,
332 1084 435 1104 censu
466 1076 526 1103 otc.
565 1072 638 1102 add.
663 1072 778 1102 Burm.
802 1071 844 1101 ad
875 1073 967 1101 Suet.

231 1117 306 1148 Tib.
333 1121 384 1148 30.
425 1116 634 1148 *Dialectici
666 1116 824 1146 dicuntur
850 1116 967 1145 descri-

234 1162 317 1199 bere,
336 1172 413 1191 eum
428 1161 550 1190 formas
567 1167 601 1190 et
617 1170 740 1199 genera
761 1169 873 1190 rerum
891 1169 968 1188 con-

234 1206 402 1235 stituunt:
428 1206 509 1234 item
526 1205 560 1233 in
577 1205 771 1244 partitione.
816 1203 870 1232 Sic
885 1203 966 1233 Rab.

233 1249 323 1279 Post.
340 1252 389 1279 15.
413 1249 588 1287 descripta,
601 1252 819 1287 opponuntur
835 1247 967 1276 univer-

232 1293 288 1323 sis.
328 1293 387 1323 Or.
414 1293 448 1322 ii.
476 1295 528 1323 33.
568 1292 728 1331 descripta
757 1290 966 1330 generatim3

232 1346 293 1376 pro
309 1346 374 1375 quo
393 1345 487 1366 mox:
521 1336 554 1365 in
579 1341 670 1364 certa
693 1345 817 1373 genera
840 1339 966 1364 coacta.

233 1380 314 1410 ibid.
338 1385 376 1410 ut
400 1390 473 1418 qua?
497 1379 565 1408 sint
588 1379 622 1408 in
641 1379 731 1416 jure,
748 1378 800 1407 vel
823 1383 900 1418 apte
914 1378 968 1407 de-

232 1425 383 1461 ecrz'bere,
411 1423 462 1453 vel
492 1427 609 1452 ornate
640 1422 821 1458 illustrare,
853 1422 966 1461 possit.

234 1467 312 1497 ibid.
339 1471 391 1502 71.
430 1468 464 1496 in
496 1466 606 1496 multa
633 1475 756 1505 genera
783 1466 967 1495 describere.

232 1512 251 1529 *ἓ
264 1511 304 1541 ab
322 1511 383 1540 hac
399 1510 564 1540 dividendi
588 1510 833 1549 significatione
851 1509 968 1538 multae

234 1554 389 1585 formulae
429 1554 560 1583 dicendi
591 1554 774 1590 ducuntur,
804 1562 884 1591 quas
920 1553 969 1582 ita

235 1599 339 1639 possis
368 1598 593 1638 interpretari,
619 1602 657 1627 ut
682 1597 775 1626 nulla
799 1597 968 1626 divisionis

235 1643 362 1671 mentio
382 1643 457 1671 fiat:
483 1642 540 1671 sed
556 1651 688 1680 semper
708 1641 749 1670 ad
771 1641 967 1670 divisionem

235 1685 380 1724 aliquam
398 1686 585 1725 respicitur.
616 1685 668 1714 Sic
684 1685 777 1714 Verr.
789 1694 819 1714 v.
835 1686 886 1714 25.
915 1684 969 1713 de-

234 1731 373 1760 scribere
410 1730 599 1758 civitatibus
634 1738 781 1758 summas
812 1728 969 1768 pecunia—

234 1783 321 1803 rum.
355 1773 396 1802 acl
421 1773 495 1803 Div.
517 1773 572 1802 xii.
592 1776 618 1802 1.
648 1772 798 1811 pecuniae
825 1773 969 1802 maxime

233 1818 471 1847 describunlzir.
488 1816 528 1846 ad
544 1817 584 1856 Ω.
599 1816 650 1846 Fr.
661 1817 682 1846 i.
696 1820 721 1846 1.
739 1825 766 1845 c.
781 1819 807 1846 1.
825 1815 969 1855 vectigal

233 1862 418 1891 describere.
466 1860 505 1890 ln
529 1861 647 1899 quibus
676 1860 831 1890 omnibus
854 1860 970 1890 descri-

232 1905 304 1934 bere
327 1904 486 1944 explicari
510 1909 620 1943 potest
644 1905 820 1943 imperare,
843 1903 914 1941 sed,
931 1906 970 1933 ut

233 1948 416 1987 intelligas,
442 1948 645 1988 imperatum
678 1957 748 1977 esse
780 1948 840 1984 ita,
866 1953 904 1977 ut
927 1948 970 1977 sit

234 1992 460 2022 constitutum
491 1991 606 2027 simul,
631 1996 797 2030 quantum
829 2001 969 2030 quaeque

233 2036 350 2066 civitas
375 2035 479 2065 daret.
510 2035 619 2064 simile
647 2039 710 2072 est,
735 2034 824 2074 quod
848 2035 972 2064 dieitur

233 2089 293 2119 pro
332 2079 475 2109 dividere
515 2079 700 2117 largiendo,
733 2079 815 2108 item
846 2078 970 2117 largiri.

232 2120 326 2153 Verr.
344 2124 389 2152 iii.
407 2125 459 2157 99.
493 2123 557 2153 Off.
574 2124 594 2152 i.
613 2126 666 2153 34.
690 2123 770 2161 jura
784 2123 969 2152 describere.

232 2166 326 2196 verr.
353 2177 383 2196 v,
416 2170 465 2197 11.
498 2167 674 2196 describere
692 2167 772 2205 jura
799 2167 969 2205 aequitate.

234 2210 317 2249 Leg.
335 2211 369 2239 ii.
387 2213 416 2241 5.
435 2211 514 2249 jura
529 2215 609 2240 sunt
624 2211 712 2240 varie
729 2215 763 2240 et
779 2210 821 2240 ad
836 2216 970 2250 tempus

232 2255 395 2294 descripta
412 2254 538 2294 populi.
562 2255 626 2284 Off.
645 2255 665 2284 i.
686 2255 734 2284 16.
764 2264 838 2292 ‹111ae
854 2255 971 2285 descri-

228 2303 291 2338 pta
308 2304 387 2328 sunt
404 2297 532 2337 legibus
557 2304 591 2327 et
607 2299 685 2337 jure
710 2298 811 2334 civili,
828 2298 898 2327 haee
924 2299 972 2328 ita

234 2345 429 2378 teneantur,
443 2346 480 2371 ut
493 2343 536 2371 sit
550 2342 787 2371 constitutum.
813 2342 903 2371 Sext.
916 2344 970 2372 4⁶2.

234 2385 385 2415 nondum
405 2386 561 2425 descripto
578 2386 655 2423 jure
681 2385 780 2415 civili.
810 2385 911 2415 Acad.
928 2387 969 2415 iv.

233 2430 286 2460 36.
318 2430 427 2459 officia
453 2430 639 2459 describere.
683 2429 768 2458 ‹Jura
796 2429 972 2459 describere

234 2472 323 2503 idem
344 2477 406 2510 est,
425 2473 514 2512 quod
531 2474 610 2510 jura
633 2473 724 2509 dare,
741 2473 969 2511 constituere;

231 2516 290 2547 sed
313 2524 491 2557 propterea
506 2518 586 2555 jura
609 2517 784 2546 describere
810 2527 869 2556 pro
893 2517 970 2546 dare

233 2561 370 2598 dicitur,
398 2562 477 2600 quia
502 2561 536 2590 in
556 2561 690 2600 juribus
715 2560 831 2590 dandis
856 2560 970 2590 discri-

232 2614 310 2634 men
350 2609 502 2634 servatur
539 2604 709 2641 ordinum,
740 2608 880 2634 aetatum
911 2605 971 2634 διο.

233 2658 437 2687 quamquam
463 2649 496 2677 in
521 2648 692 2677 nonnullis
709 2648 828 2678 harum
845 2648 971 2677 sormu-

233 2691 341 2722 larum
366 2693 468 2722 etiam
494 2692 611 2732 respici
630 2692 741 2731 potuit
758 2692 799 2721 ad
816 2691 906 2721 illam
925 2692 971 2721 al-

233 2739 340 2765 teram
358 2736 655 2775 significationem,
671 2745 736 2774 qua
757 2745 815 2775 pro
832 2735 970 2765 definire

233 2779 369 2810 dieitur.
402 2780 495 2810 Verr.
518 2780 551 2809 ii.
577 2783 629 2810 53.
661 2779 869 2809 describebat
893 2789 971 2808 cen-

228 2832 320 2853 sores
338 2823 432 2853 binos
457 2823 491 2852 in
515 2823 664 2862 singulas
690 2823 863 2852 civitates:
890 2822 922 2852 h.
940 2833 969 2852 e.

230 2866 388 2904 faciebat,
407 2868 554 2904 creabat,
571 2871 611 2896 ut
631 2866 748 2895 eodem
773 2867 883 2905 eapite
899 2872 968 2897 est:

230 2910 288 2940 sed
304 2911 480 2942 describere
496 2916 548 2942 est
567 2920 626 2951 pro
648 2910 772 2949 facere,
791 2911 870 2950 quia
893 2920 970 2942 cen-

712 112 755 138 IN
765 112 790 138 D
801 111 855 138 EX
889 113 1185 140 1..=x'rm1'r.x'r18.

1007 211 1094 231 ειη-(ης
1113 209 1206 231 cxxx
1226 200 1304 230 faeti
1320 208 1400 231 sunt
1418 201 1459 241 (e.
1478 200 1542 241 55.)
1564 202 1623 240 ita,
1636 206 1675 233 ut
1691 205 1742 233 to-

1007 250 1061 274 tus
1086 245 1141 274 ille
1167 254 1326 274 numerus
1350 254 1526 276 censorum
1550 246 1741 276 civitatibus

1007 289 1277 325 distribueretur,
1294 292 1327 318 et
1346 289 1487 327 siugulae
1504 290 1596 320 binos
1612 290 1744 330 accipe-

1008 339 1093 362 rent.
1133 332 1339 362 *describere
1366 337 1416 362 est
1447 333 1548 363 etiam
1581 333 1741 363 definire.

1009 376 1109 412 uncle,
1134 375 1173 404 de
1201 386 1266 414 quo
1296 375 1433 406 definire
1460 377 1523 406 diei
1552 382 1676 416 potest,
1700 376 1740 406 de

1007 419 1122 448 eodeni
1148 419 1249 448 etiam
1275 419 1449 450 describere
1472 420 1604 450 dieitur.
1637 421 1695 451 Or.
1720 420 1742 449 i.

1008 466 1061 496 49.
1101 463 1276 492 describere
1303 463 1423 493 sinibus
1452 464 1576 502 ingenii
1602 464 1653 493 sui
1681 463 1741 494 διο.

1008 506 1212 536 *describere
1243 506 1402 537 dicuntur
1429 509 1529 537 etiam
1557 507 1744 537 mathema-

1008 550 1080 586 tici,
1098 560 1175 580 euin
1198 550 1320 580 forinas
1345 551 1563 589 geometricas
1579 550 1744 580 scribunt.

1010 593 1093 622 Cato
1122 596 1168 623 14.
1207 594 1411 624 *describere
1440 594 1585 632 aliquem
1611 593 1744 632 dicunt,

1009 638 1065 675 qui
1082 647 1159 666 euni
1175 637 1307 675 quidem
1326 647 1392 667 non
1410 638 1599 673 nominant,
1616 637 1674 667 sed
1697 637 1746 668 ita

1010 680 1049 709 de
1066 690 1104 710 eo
1129 680 1324 720 loquuntur,
1341 687 1379 711 ut
1395 681 1491 711 facile
1510 681 1653 720 intelligi
1670 691 1745 721 pos-

1009 724 1064 760 sit,
1081 724 1120 753 de
1138 735 1202 762 quo
1219 734 1326 754 serino
1343 726 1396 754 sit.
1429 725 1517 754 unde
1534 735 1593 764 pro
1614 725 1741 764 signifi-

1010 778 1083 797 care
1102 768 1276 807 reperitur.
1308 768 1340 797 in
1366 779 1432 807 qua
1454 768 1583 798 ratione
1609 768 1744 798 dicendi

1009 821 1095 850 saepe
1127 812 1255 841 accedit
1283 812 1347 841 ista
1373 812 1433 849 vis,
1460 815 1498 841 ut
1528 811 1744 842 contumeliae

1010 855 1157 885 causa-id
1175 856 1244 884 fieri
1263 855 1434 884 innuatur.
1458 855 1500 885 ad
1513 856 1578 895 Qu.
1593 855 1644 885 Fr.
1663 856 1696 886 ii.
1713 858 1744 886 3.

1011 899 1167 928 Crassum
1192 899 1364 938 descripsit.
1401 899 1475 928 Mil.
1505 902 1553 929 18.
1588 898 1745 928 videlieet

1011 942 1057 972 illi
1075 953 1127 972 me
1147 942 1312 972 latronem
1329 943 1556 972 describebant.
1589 941 1670 972 Sull.
1687 944 1742 976 29.

1010 987 1088 1025 quia
1118 989 1198 1015 sunt
1228 986 1378 1025 descripti
1410 985 1618 1016 consulares:
1654 985 1686 1015 h.
1711 996 1740 1015 e.

1010 1030 1050 1058 ab
1067 1035 1259 1059 accusatore
1275 1030 1424 1059 oratione
1438 1030 1613 1068 designati.
1634 1030 1744 1059 Pison.

1011 1075 1063 1103 228.
1099 1083 1166 1103 non
1191 1073 1382 1103 mehercule
1406 1073 1620 1103 contumeliae
1644 1083 1744 1103 eausa

1009 1117 1189 1147 describam
1207 1127 1422 1156 quemquam,
1438 1117 1624 1157 praesertim
1649 1117 1744 1156 inge-

1010 1161 1141 1191 niosum
1161 1162 1220 1190 &e.
1255 1161 1337 1190 Phil.
1353 1161 1386 1190 ii.
1401 1164 1454 1191 44.
1488 1161 1552 1189 ista
1569 1165 1630 1190 tua
1645 1160 1745 1190 mini-

1010 1214 1063 1234 me
1080 1214 1178 1234 avara
1194 1205 1328 1243 conjux,
1344 1214 1443 1243 quam
1460 1214 1521 1243 ego
1537 1204 1608 1234 sine
1625 1208 1745 1233 contu-

1011 1247 1111 1278 melia
1122 1249 1269 1278 describo.
1293 1258 1352 1287 pro
1369 1251 1521 1278 accurate
1534 1248 1698 1288 explicare
1712 1251 1747 1278 et

1009 1302 1175 1331 exponere
1198 1298 1249 1322 est
1272 1291 1313 1321 ad
1335 1292 1410 1322 Div.
1435 1291 1502 1321 viii.
1527 1295 1557 1322 8.
1595 1301 1668 1330 quae
1692 1300 1744 1321 res

1010 1345 1110 1374 quam
1134 1335 1350 1365 vehementer
1373 1335 1415 1365 ad
1438 1345 1491 1365 me
1514 1335 1692 1376 pertineat,
1709 1335 1744 1365 in

1009 1378 1319 1419 literis—descripsi.

1053 1423 1250 1462 Descriptio,
1265 1423 1469 1459 distributio,
1482 1423 1577 1452 Offic.
1594 1422 1616 1452 i.
1630 1425 1661 1456 7.
1679 1422 1745 1462 pri-

1010 1470 1160 1497 vatarum
1177 1467 1419 1506 possessionum
1432 1467 1609 1506 descriptio.
1634 1465 1742 1497 Flace.

1014 1514 1062 1541 14.
1082 1511 1116 1540 in
1134 1511 1339 1549 descriptione
1351 1510 1503 1549 aequabili
1517 1514 1660 1540 sumtus.
1676 1510 1742 1540 Off.

1010 1555 1030 1584 1.
1051 1557 1103 1588 ⁶27.
1137 1560 1187 1584 est
1212 1554 1321 1584 decori
1345 1554 1511 1593 descriptio
1538 1553 1679 1593 duplex:
1711 1553 1746 1583 h.

1010 1609 1038 1628 e.
1056 1599 1091 1627 in
1109 1598 1189 1627 duas
1207 1598 1329 1628 formas
1346 1597 1568 1627 distribuitur.
1595 1596 1696 1627 Tusc.
1713 1607 1744 1628 v.

1011 1644 1062 1673 ⁶24.
1093 1642 1259 1681 descriptio
1282 1641 1544 1681 expetendarum
1569 1640 1746 1680 fugienda-

1010 1695 1125 1715 rumve
1151 1695 1274 1715 rerum.
1307 1685 1431 1722 ’ἔοι-(10,
1455 1685 1510 1724 qui
1534 1695 1579 1714 sc,
1603 1685 1643 1714 ab
1667 1689 1747 1723 apta

1011 1729 1244 1759 distributione
1262 1739 1372 1759 reruni
1389 1734 1423 1759 et
1439 1728 1587 1768 partium
1602 1728 1724 1768 pendet
1738 1740 1744 1757 ε

1011 1773 1063 1803 die
1088 1773 1315 1812 Einrichtung
1338 1772 1407 1802 und
1435 1772 1610 1811 Ordnung.
1643 1772 1707 1802 Off.
1725 1772 1747 1802 i.

1011 1820 1063 1852 39.
1095 1817 1283 1846 aedisscandi
1300 1817 1478 1855 descriptio.
1503 1817 1560 1846 Or.
1579 1816 1613 1845 ii.
1629 1820 1660 1850 9.
1687 1820 1747 1845 aut

1011 1862 1037 1890 si
1054 1862 1107 1890 via
1124 1860 1193 1890 ulla
1216 1860 1623 1899 traditur—descriptionis
1647 1862 1745 1898 atque

1011 1905 1146 1935 ordinis.
1179 1904 1272 1934 Cato.
1301 1907 1350 1937 17.
1382 1905 1474 1942 atqui
1498 1913 1560 1942 ego
1584 1904 1649 1933 ista
1671 1913 1745 1933 sum

1011 1949 1195 1985 dimensus,
1223 1948 1289 1977 mei
1318 1953 1397 1977 sunt
1422 1947 1568 1984 ordines,
1592 1957 1667 1976 mea
1693 1947 1747 1976 dc-

1010 1994 1139 2032 scriptio
1150 2004 1159 2020 :
1185 1992 1301 2021 multae
1318 1992 1421 2021 etiam
1436 1991 1575 2020 istarum
1591 1991 1746 2020 arborum

1012 2047 1087 2066 mea
1104 2044 1205 2065 manu
1222 2040 1302 2065 sunt
1319 2040 1411 2065 satae.
1443 2034 1533 2064 Sext.
1553 2035 1605 2065 65.
1630 2035 1748 2064 descri-

1007 2082 1076 2120 ptio
1103 2080 1259 2109 civitatis.
1288 2079 1369 2118 Leg.
1396 2079 1442 2108 iii.
1469 2080 1499 2109 2.
1531 2078 1745 2117 magistratu-

1013 2134 1071 2154 um
1094 2124 1301 2163 descriptione
1327 2123 1435 2152 omnis
1458 2123 1540 2162 reip.
1566 2122 1751 2151 moderatio

1012 2168 1216 2197 continetur.
1244 2167 1345 2196 Aead.
1364 2167 1385 2196 i.
1403 2167 1434 2196 6.
1464 2166 1632 2205 descriptio
1649 2170 1752 2195 natu-

1016 2222 1074 2249 rae,
1092 2212 1173 2241 item
1197 2211 1289 2240 artis.
1321 2210 1519 2249 *descriptio
1542 2210 1643 2239 etiam
1670 2209 1752 2239 dici-

1011 2263 1082 2292 tur,
1092 2255 1208 2285 eodem
1222 2255 1333 2291 modo,
1346 2258 1384 2284 ut
1397 2255 1587 2292 descriptus,
1599 2263 1676 2282 cum
1690 2252 1749 2282 ho-

1014 2300 1120 2329 mines
1146 2299 1380 2328 centuriantur
1403 2304 1437 2327 et
1461 2297 1691 2334 decuriantur,
1709 2296 1749 2325 de

1013 2343 1132 2382 quibus
1141 2352 1200 2372 suo
1211 2343 1282 2372 loeo
1292 2342 1420 2371 dictum
1431 2345 1491 2371 est.
1505 2341 1618 2370 Plane.
1633 2343 1679 2370 18.
1693 2340 1749 2369 de-

1013 2387 1154 2417 curiatio
1164 2386 1353 2422 tribulium,
1364 2386 1532 2424 descriptio
1544 2383 1672 2424 populi,
1682 2383 1750 2413 sus-

1012 2431 1120 2469 fragia
1143 2430 1319 2469 largitione
1343 2429 1508 2459 devincta.
1542 2428 1610 2458 *de
1634 2427 1749 2457 formis

1014 2478 1278 2513 geometrarum,
1303 2478 1341 2503 ut
1367 2473 1554 2503 describere.
1602 2471 1704 2500 Tusc.
1728 2470 1750 2500 i.

1019 2522 1066 2552 17.
1100 2519 1162 2547 nisi
1186 2518 1266 2556 quid
1290 2524 1361 2546 erat
1386 2517 1535 2546 numeris
1557 2522 1617 2545 aut
1633 2515 1751 2545 deseri·
1771 2535 1774 2538 ι

1008 2563 1173 2601 ptionibus
1188 2561 1435 2601 explicandum.

1058 2605 1265 2645 Descriptus,
1282 2605 1418 2640 divisus,
1443 2604 1483 2633 ad
1507 2607 1613 2633 certas
1637 2607 1749 2642 partes

1014 2655 1073 2679 aut
1090 2649 1210 2687 classes
1226 2649 1393 2684 redactus,
1407 2648 1624 2677 constitutus.
1651 2645 1750 2675 Catil.

1014 2694 1047 2723 ii.
1066 2694 1094 2723 6.
1128 2692 1409 2731 quemadmodum
1428 2692 1458 2720 ei
1482 2698 1569 2720 esset
1593 2690 1677 2720 ratio
1701 2695 1752 2718 to-

1013 2737 1081 2766 tius
1098 2736 1175 2765 belli
1191 2737 1360 2775 descripta.
1388 2735 1458 2765 Att.
1476 2735 1540 2764 xvi.
1561 2737 1590 2764 5.
1620 2734 1657 2763 οἷ
1683 2733 1754 2762 dies

1013 2781 1166 2819 —lepide
1197 2781 1367 2819 descriptos
1405 2780 1464 2808 δερ.
1505 2788 1534 2808 v.
1565 2778 1751 2807 describere.

1016 2828 1035 2845 *ἓ
1048 2824 1163 2854 ordine
1179 2823 1300 2853 factus.
1331 2823 1401 2852 Fin.
1420 2823 1467 2852 iii.
1483 2824 1535 2853 22).
1564 2827 1685 2851 natura
1703 2821 1753 2850 ni-

1014 2867 1063 2897 hil
1087 2874 1137 2897 est
1161 2868 1285 2907 aptius,
1308 2866 1392 2896 nihil
1415 2866 1615 2905 descriptius.
1661 2864 1752 2894 Hinc

1015 2912 1072 2943 Or.
1100 2914 1151 2945 59.
1182 2912 1361 2951 descriptus
1384 2910 1463 2940 ordo
1488 2909 1663 2940 verborum
1687 2911 1751 2945 est,
