<?xml version="1.0" encoding="UTF-8"?>
<!DOCTYPE html PUBLIC "-//W3C//DTD XHTML 1.0 Transitional//EN"
    "http://www.w3.org/TR/xhtml1/DTD/xhtml1-transitional.dtd">
<html xmlns="http://www.w3.org/1999/xhtml" xml:lang="en" lang="en">
 <head>
  <title>
</title>
<meta http-equiv="Content-Type" content="text/html;charset=utf-8" />
  <meta name='ocr-system' content='tesseract 3.04.00' />
  <meta name='ocr-capabilities' content='ocr_page ocr_carea ocr_par ocr_line ocrx_word'/>
</head>
<body>
  <div class='ocr_page' id='page_1' title='image "./clavisciceronian00erneuoft/clavisciceronian00erneuoft_0309.png"; bbox 0 0 1920 3196; ppageno 0'>
   <div class='ocr_carea' id='block_1_1' title="bbox 0 1179 55 3196">
    <p class='ocr_par' dir='ltr' id='par_1_1' title="bbox 0 1179 55 3196">
     <span class='ocr_line' id='line_1_1' title="bbox 0 1179 55 3196; baseline 0 0"><span class='ocrx_word' id='word_1_1' title='bbox 0 1179 55 3196; x_wconf 95' lang='lat' dir='ltr'><strong> </strong></span> 
     </span>
    </p>
   </div>
   <div class='ocr_carea' id='block_1_2' title="bbox 654 85 1131 114">
    <p class='ocr_par' dir='ltr' id='par_1_2' title="bbox 654 85 1131 114">
     <span class='ocr_line' id='line_1_2' title="bbox 654 85 1131 114; baseline 0.002 -1"><span class='ocrx_word' id='word_1_2' title='bbox 654 86 699 113; x_wconf 77' lang='lat' dir='ltr'><strong>{N</strong></span> <span class='ocrx_word' id='word_1_3' title='bbox 706 86 799 113; x_wconf 81' lang='lat' dir='ltr'><strong>DEX</strong></span> <span class='ocrx_word' id='word_1_4' title='bbox 834 85 966 113; x_wconf 80' lang='lat' dir='ltr'>LATIN</span> <span class='ocrx_word' id='word_1_5' title='bbox 975 86 1091 114; x_wconf 81' lang='grc' dir='ltr'>ῙΤΑΤΙ</span> <span class='ocrx_word' id='word_1_6' title='bbox 1098 87 1131 114; x_wconf 84' lang='lat' dir='ltr'><strong>S.</strong></span> 
     </span>
    </p>
   </div>
   <div class='ocr_carea' id='block_1_3' title="bbox 134 173 893 2230">
    <p class='ocr_par' dir='ltr' id='par_1_3' title="bbox 136 173 875 380">
     <span class='ocr_line' id='line_1_3' title="bbox 183 173 873 215; baseline -0.004 -9"><span class='ocrx_word' id='word_1_7' title='bbox 183 175 363 208; x_wconf 73' lang='lat' dir='ltr'><strong>Festivitas.</strong></span> <span class='ocrx_word' id='word_1_8' title='bbox 390 173 461 204; x_wconf 77' lang='lat' dir='ltr'><strong>Inv.</strong></span> <span class='ocrx_word' id='word_1_9' title='bbox 479 174 500 204; x_wconf 94' lang='lat' dir='ltr'><strong>i.</strong></span> <span class='ocrx_word' id='word_1_10' title='bbox 522 177 569 208; x_wconf 82' lang='lat'><strong>19.</strong></span> <span class='ocrx_word' id='word_1_11' title='bbox 594 175 788 215; x_wconf 42' lang='grc' dir='ltr'><strong>(μικρὴ-ωε</strong></span> <span class='ocrx_word' id='word_1_12' title='bbox 801 183 873 203; x_wconf 83' lang='lat' dir='ltr'><strong>ora-</strong></span> 
     </span>
     <span class='ocr_line' id='line_1_4' title="bbox 136 217 871 258; baseline -0.005 -7"><span class='ocrx_word' id='word_1_13' title='bbox 136 220 236 252; x_wconf 78' lang='lat' dir='ltr'>tionis</span> <span class='ocrx_word' id='word_1_14' title='bbox 252 220 320 249; x_wconf 74' lang='lat' dir='ltr'><strong>sit?</strong></span> <span class='ocrx_word' id='word_1_15' title='bbox 346 220 404 248; x_wconf 89' lang='lat' dir='ltr'><strong>Or.</strong></span> <span class='ocrx_word' id='word_1_16' title='bbox 429 219 462 248; x_wconf 88' lang='lat' dir='ltr'><strong>ii.</strong></span> <span class='ocrx_word' id='word_1_17' title='bbox 488 221 538 249; x_wconf 74' lang='lat'><strong>54.</strong></span> <span class='ocrx_word' id='word_1_18' title='bbox 564 217 871 258; x_wconf 65' lang='lat' dir='ltr'><strong>perpetuasbslivi-</strong></span> 
     </span>
     <span class='ocr_line' id='line_1_5' title="bbox 138 261 873 301; baseline -0.004 -7"><span class='ocrx_word' id='word_1_19' title='bbox 138 270 202 301; x_wconf 77' lang='lat' dir='ltr'><strong>tas,</strong></span> <span class='ocrx_word' id='word_1_20' title='bbox 218 263 341 293; x_wconf 88' lang='lat' dir='ltr'><strong>dicitur</strong></span> <span class='ocrx_word' id='word_1_21' title='bbox 357 262 395 291; x_wconf 87' lang='lat' dir='ltr'><strong>de</strong></span> <span class='ocrx_word' id='word_1_22' title='bbox 413 261 639 299; x_wconf 79' lang='lat' dir='ltr'><strong>cavillatione,</strong></span> <span class='ocrx_word' id='word_1_23' title='bbox 657 261 697 290; x_wconf 92' lang='lat' dir='ltr'><strong>de</strong></span> <span class='ocrx_word' id='word_1_24' title='bbox 715 271 780 300; x_wconf 84' lang='lat' dir='ltr'><strong>qua</strong></span> <span class='ocrx_word' id='word_1_25' title='bbox 795 262 873 291; x_wconf 86' lang='lat' dir='ltr'><strong>ibid.</strong></span> 
     </span>
     <span class='ocr_line' id='line_1_6' title="bbox 137 305 875 344; baseline -0.004 -7"><span class='ocrx_word' id='word_1_26' title='bbox 137 308 194 338; x_wconf 85' lang='lat' dir='ltr'><strong>Or.</strong></span> <span class='ocrx_word' id='word_1_27' title='bbox 228 308 280 337; x_wconf 72' lang='lat'><strong>52.</strong></span> <span class='ocrx_word' id='word_1_28' title='bbox 321 306 372 336; x_wconf 87' lang='lat' dir='ltr'><strong>his</strong></span> <span class='ocrx_word' id='word_1_29' title='bbox 398 305 638 344; x_wconf 45' lang='lat' dir='ltr'><strong>=sestivitatibus</strong></span> <span class='ocrx_word' id='word_1_30' title='bbox 676 305 875 335; x_wconf 69' lang='lat' dir='ltr'><strong>insolentius</strong></span> 
     </span>
     <span class='ocr_line' id='line_1_7' title="bbox 142 351 304 380; baseline -0.006 0"><span class='ocrx_word' id='word_1_31' title='bbox 142 351 304 380; x_wconf 79' lang='lat' dir='ltr'><strong>abutitur.</strong></span> 
     </span>
    </p>

    <p class='ocr_par' dir='ltr' id='par_1_4' title="bbox 139 392 877 605">
     <span class='ocr_line' id='line_1_8' title="bbox 183 392 877 431; baseline -0.003 -7"><span class='ocrx_word' id='word_1_32' title='bbox 183 394 296 424; x_wconf 80' lang='lat' dir='ltr'><em>Fibra.</em></span> <span class='ocrx_word' id='word_1_33' title='bbox 321 393 397 423; x_wconf 81' lang='lat' dir='ltr'><strong>Div.</strong></span> <span class='ocrx_word' id='word_1_34' title='bbox 416 392 436 421; x_wconf 91' lang='lat' dir='ltr'><strong>i.</strong></span> <span class='ocrx_word' id='word_1_35' title='bbox 460 395 508 422; x_wconf 90' lang='lat'><strong>10.</strong></span> <span class='ocrx_word' id='word_1_36' title='bbox 521 392 617 431; x_wconf 79' lang='lat' dir='ltr'><strong>fibra</strong></span> <span class='ocrx_word' id='word_1_37' title='bbox 637 393 669 422; x_wconf 90' lang='grc'><strong>111</strong></span> <span class='ocrx_word' id='word_1_38' title='bbox 687 394 783 423; x_wconf 80' lang='lat' dir='ltr'><strong>extis.</strong></span> <span class='ocrx_word' id='word_1_39' title='bbox 823 392 877 422; x_wconf 77' lang='lat' dir='ltr'><strong>Fi-</strong></span> 
     </span>
     <span class='ocr_line' id='line_1_9' title="bbox 140 435 876 476; baseline -0.004 -8"><span class='ocrx_word' id='word_1_40' title='bbox 140 438 205 467; x_wconf 73' lang='lat' dir='ltr'><strong>broe</strong></span> <span class='ocrx_word' id='word_1_41' title='bbox 227 443 309 467; x_wconf 81' lang='lat' dir='ltr'><strong>sunt</strong></span> <span class='ocrx_word' id='word_1_42' title='bbox 334 437 404 476; x_wconf 77' lang='lat' dir='ltr'><strong>ipsa</strong></span> <span class='ocrx_word' id='word_1_43' title='bbox 429 437 642 474; x_wconf 54' lang='lat' dir='ltr'><strong>extmjecnr,</strong></span> <span class='ocrx_word' id='word_1_44' title='bbox 660 447 729 473; x_wconf 81' lang='lat' dir='ltr'><strong>cor,</strong></span> <span class='ocrx_word' id='word_1_45' title='bbox 748 435 876 476; x_wconf 81' lang='lat' dir='ltr'><strong>pulmo,</strong></span> 
     </span>
     <span class='ocr_line' id='line_1_10' title="bbox 139 480 877 519; baseline -0.003 -8"><span class='ocrx_word' id='word_1_46' title='bbox 139 491 170 511; x_wconf 89' lang='lat' dir='ltr'><strong>v.</strong></span> <span class='ocrx_word' id='word_1_47' title='bbox 193 481 309 511; x_wconf 79' lang='lat' dir='ltr'><strong>Scnec.</strong></span> <span class='ocrx_word' id='word_1_48' title='bbox 332 480 444 519; x_wconf 79' lang='lat' dir='ltr'><strong>OEdip.</strong></span> <span class='ocrx_word' id='word_1_49' title='bbox 461 490 493 519; x_wconf 87' lang='lat' dir='ltr'><strong>p.</strong></span> <span class='ocrx_word' id='word_1_50' title='bbox 512 483 587 514; x_wconf 77' lang='lat'><strong>357.</strong></span> <span class='ocrx_word' id='word_1_51' title='bbox 614 484 673 509; x_wconf 65' lang='grc' dir='ltr'><strong>ὄις.</strong></span> <span class='ocrx_word' id='word_1_52' title='bbox 693 486 727 510; x_wconf 73' lang='lat' dir='ltr'><strong>et</strong></span> <span class='ocrx_word' id='word_1_53' title='bbox 746 481 790 510; x_wconf 90' lang='lat' dir='ltr'><strong>ibi</strong></span> <span class='ocrx_word' id='word_1_54' title='bbox 807 480 877 509; x_wconf 75' lang='lat' dir='ltr'><strong>Viri</strong></span> 
     </span>
     <span class='ocr_line' id='line_1_11' title="bbox 140 524 877 564; baseline -0.001 -10"><span class='ocrx_word' id='word_1_55' title='bbox 140 524 241 555; x_wconf 81' lang='lat' dir='ltr'><strong>docti.</strong></span> <span class='ocrx_word' id='word_1_56' title='bbox 265 524 395 564; x_wconf 78' lang='lat' dir='ltr'>proprie</span> <span class='ocrx_word' id='word_1_57' title='bbox 413 527 526 553; x_wconf 76' lang='lat' dir='ltr'><strong>autem</strong></span> <span class='ocrx_word' id='word_1_58' title='bbox 545 528 701 553; x_wconf 80' lang='lat' dir='ltr'><strong>extorum</strong></span> <span class='ocrx_word' id='word_1_59' title='bbox 719 524 877 553; x_wconf 80' lang='lat' dir='ltr'><strong>extremi-</strong></span> 
     </span>
     <span class='ocr_line' id='line_1_12' title="bbox 139 568 345 605; baseline -0.01 -6"><span class='ocrx_word' id='word_1_60' title='bbox 139 573 239 605; x_wconf 83' lang='lat' dir='ltr'><strong>tates,</strong></span> <span class='ocrx_word' id='word_1_61' title='bbox 256 568 345 598; x_wconf 69' lang='grc' dir='ltr'><strong>λόἕοι.</strong></span> 
     </span>
    </p>

    <p class='ocr_par' dir='ltr' id='par_1_5' title="bbox 140 611 881 1000">
     <span class='ocr_line' id='line_1_13' title="bbox 186 611 879 649; baseline -0.003 -7"><span class='ocrx_word' id='word_1_62' title='bbox 186 612 304 642; x_wconf 69' lang='lat' dir='ltr'><strong>Fictor.</strong></span> <span class='ocrx_word' id='word_1_63' title='bbox 329 613 428 641; x_wconf 76' lang='lat' dir='ltr'><strong>Doni.</strong></span> <span class='ocrx_word' id='word_1_64' title='bbox 448 613 499 641; x_wconf 76' lang='lat'><strong>54.</strong></span> <span class='ocrx_word' id='word_1_65' title='bbox 524 615 575 640; x_wconf 81' lang='lat' dir='ltr'><strong>est</strong></span> <span class='ocrx_word' id='word_1_66' title='bbox 591 621 696 649; x_wconf 80' lang='lat' dir='ltr'><strong>genus</strong></span> <span class='ocrx_word' id='word_1_67' title='bbox 711 611 879 641; x_wconf 83' lang='lat' dir='ltr'><strong>ministro-</strong></span> 
     </span>
     <span class='ocr_line' id='line_1_14' title="bbox 141 654 879 694; baseline -0.003 -8"><span class='ocrx_word' id='word_1_68' title='bbox 141 665 215 686; x_wconf 85' lang='lat' dir='ltr'><strong>rum</strong></span> <span class='ocrx_word' id='word_1_69' title='bbox 236 657 269 685; x_wconf 95' lang='lat' dir='ltr'><strong>in</strong></span> <span class='ocrx_word' id='word_1_70' title='bbox 287 657 401 692; x_wconf 80' lang='lat' dir='ltr'><strong>sacris,</strong></span> <span class='ocrx_word' id='word_1_71' title='bbox 420 655 526 694; x_wconf 69' lang='lat' dir='ltr'><strong>pistor</strong></span> <span class='ocrx_word' id='word_1_72' title='bbox 543 655 736 684; x_wconf 79' lang='lat' dir='ltr'><strong>dulciarius.</strong></span> <span class='ocrx_word' id='word_1_73' title='bbox 776 654 879 684; x_wconf 71' lang='lat' dir='ltr'><strong>Vari-0</strong></span> 
     </span>
     <span class='ocr_line' id='line_1_15' title="bbox 141 698 879 739; baseline -0.004 -8"><span class='ocrx_word' id='word_1_74' title='bbox 141 700 180 731; x_wconf 85' lang='lat' dir='ltr'><strong>L.</strong></span> <span class='ocrx_word' id='word_1_75' title='bbox 206 699 389 739; x_wconf 62' lang='lat' dir='ltr'><strong>hsta-tores</strong></span> <span class='ocrx_word' id='word_1_76' title='bbox 414 698 494 728; x_wconf 82' lang='lat' dir='ltr'><strong>dicti</strong></span> <span class='ocrx_word' id='word_1_77' title='bbox 520 708 540 727; x_wconf 86' lang='lat' dir='ltr'><strong>a</strong></span> <span class='ocrx_word' id='word_1_78' title='bbox 555 699 721 737; x_wconf 76' lang='lat' dir='ltr'><strong>fingendis</strong></span> <span class='ocrx_word' id='word_1_79' title='bbox 746 699 833 733; x_wconf 80' lang='lat' dir='ltr'><strong>libis,</strong></span> <span class='ocrx_word' id='word_1_80' title='bbox 851 709 879 728; x_wconf 78' lang='grc' dir='ltr'><strong>ν.</strong></span> 
     </span>
     <span class='ocr_line' id='line_1_16' title="bbox 142 742 879 781; baseline -0.004 -7"><span class='ocrx_word' id='word_1_81' title='bbox 142 744 284 774; x_wconf 76' lang='lat' dir='ltr'><strong>Casmil).</strong></span> <span class='ocrx_word' id='word_1_82' title='bbox 314 743 355 772; x_wconf 81' lang='lat' dir='ltr'><strong>ad</strong></span> <span class='ocrx_word' id='word_1_83' title='bbox 387 744 523 772; x_wconf 78' lang='lat' dir='ltr'><strong>Sueton.</strong></span> <span class='ocrx_word' id='word_1_84' title='bbox 558 743 643 781; x_wconf 77' lang='lat' dir='ltr'><strong>Aug.</strong></span> <span class='ocrx_word' id='word_1_85' title='bbox 673 746 702 772; x_wconf 84' lang='lat'><strong>5.</strong></span> <span class='ocrx_word' id='word_1_86' title='bbox 737 742 879 772; x_wconf 77' lang='lat' dir='ltr'><strong>Gutlier.</strong></span> 
     </span>
     <span class='ocr_line' id='line_1_17' title="bbox 140 786 881 826; baseline -0.003 -9"><span class='ocrx_word' id='word_1_87' title='bbox 140 787 214 817; x_wconf 80' lang='lat' dir='ltr'><strong>Jur.</strong></span> <span class='ocrx_word' id='word_1_88' title='bbox 233 787 327 817; x_wconf 86' lang='lat' dir='ltr'><strong>l&#39;ont.</strong></span> <span class='ocrx_word' id='word_1_89' title='bbox 346 787 378 816; x_wconf 87' lang='grc'><strong>11.</strong></span> <span class='ocrx_word' id='word_1_90' title='bbox 401 789 447 816; x_wconf 77' lang='lat'><strong>14.</strong></span> <span class='ocrx_word' id='word_1_91' title='bbox 467 797 497 826; x_wconf 82' lang='lat' dir='ltr'><strong>p.</strong></span> <span class='ocrx_word' id='word_1_92' title='bbox 515 788 589 817; x_wconf 68' lang='lat'><strong>2²23.</strong></span> <span class='ocrx_word' id='word_1_93' title='bbox 628 786 762 816; x_wconf 59' lang='lat' dir='ltr'><strong>fictoris</strong></span> <span class='ocrx_word' id='word_1_94' title='bbox 788 796 881 815; x_wconf 83' lang='lat' dir='ltr'><strong>nien-</strong></span> 
     </span>
     <span class='ocr_line' id='line_1_18' title="bbox 141 830 880 870; baseline -0.001 -9"><span class='ocrx_word' id='word_1_95' title='bbox 141 832 190 862; x_wconf 85' lang='lat' dir='ltr'><strong>tio</strong></span> <span class='ocrx_word' id='word_1_96' title='bbox 214 832 316 861; x_wconf 82' lang='lat' dir='ltr'><strong>etiam</strong></span> <span class='ocrx_word' id='word_1_97' title='bbox 341 831 376 860; x_wconf 90' lang='lat' dir='ltr'><strong>in</strong></span> <span class='ocrx_word' id='word_1_98' title='bbox 401 831 619 870; x_wconf 74' lang='lat' dir='ltr'>inscriptione</span> <span class='ocrx_word' id='word_1_99' title='bbox 642 840 694 870; x_wconf 82' lang='lat' dir='ltr'><strong>ap.</strong></span> <span class='ocrx_word' id='word_1_100' title='bbox 714 830 880 860; x_wconf 81' lang='lat' dir='ltr'><strong>Murator.</strong></span> 
     </span>
     <span class='ocr_line' id='line_1_19' title="bbox 143 874 881 916; baseline -0.003 -11"><span class='ocrx_word' id='word_1_101' title='bbox 143 885 218 916; x_wconf 81' lang='lat' dir='ltr'><strong>pag.</strong></span> <span class='ocrx_word' id='word_1_102' title='bbox 236 876 310 905; x_wconf 68' lang='lat'><strong>3458.</strong></span> <span class='ocrx_word' id='word_1_103' title='bbox 327 877 357 905; x_wconf 64' lang='lat'><strong>⁶2.</strong></span> <span class='ocrx_word' id='word_1_104' title='bbox 390 875 469 904; x_wconf 82' lang='lat' dir='ltr'><strong>Nat.</strong></span> <span class='ocrx_word' id='word_1_105' title='bbox 487 875 529 904; x_wconf 88' lang='lat' dir='ltr'><strong>l).</strong></span> <span class='ocrx_word' id='word_1_106' title='bbox 550 874 570 903; x_wconf 89' lang='lat' dir='ltr'><strong>i.</strong></span> <span class='ocrx_word' id='word_1_107' title='bbox 586 876 639 907; x_wconf 70' lang='grc'><strong>99.</strong></span> <span class='ocrx_word' id='word_1_108' title='bbox 673 879 753 904; x_wconf 83' lang='lat' dir='ltr'><strong>sunt</strong></span> <span class='ocrx_word' id='word_1_109' title='bbox 775 874 881 913; x_wconf 85' lang='lat' dir='ltr'><strong>picto—</strong></span> 
     </span>
     <span class='ocr_line' id='line_1_20' title="bbox 144 917 880 960; baseline -0.003 -11"><span class='ocrx_word' id='word_1_110' title='bbox 144 929 195 949; x_wconf 84' lang='lat' dir='ltr'><strong>res</strong></span> <span class='ocrx_word' id='word_1_111' title='bbox 208 920 416 960; x_wconf 76' lang='lat' dir='ltr'><strong>fictoresque,</strong></span> <span class='ocrx_word' id='word_1_112' title='bbox 443 918 498 947; x_wconf 89' lang='lat' dir='ltr'><strong>ubi</strong></span> <span class='ocrx_word' id='word_1_113' title='bbox 522 923 603 948; x_wconf 83' lang='lat' dir='ltr'><strong>sunt</strong></span> <span class='ocrx_word' id='word_1_114' title='bbox 626 917 756 957; x_wconf 67' lang='lat' dir='ltr'><strong>plastae,</strong></span> <span class='ocrx_word' id='word_1_115' title='bbox 782 918 837 957; x_wconf 91' lang='lat' dir='ltr'><strong>qui</strong></span> <span class='ocrx_word' id='word_1_116' title='bbox 863 928 880 947; x_wconf 90' lang='lat' dir='ltr'><strong>e</strong></span> 
     </span>
     <span class='ocr_line' id='line_1_21' title="bbox 144 961 685 1000; baseline -0.002 -8"><span class='ocrx_word' id='word_1_117' title='bbox 144 973 233 1000; x_wconf 83' lang='lat' dir='ltr'><strong>cera,</strong></span> <span class='ocrx_word' id='word_1_118' title='bbox 250 972 314 993; x_wconf 81' lang='lat' dir='ltr'><strong>aere</strong></span> <span class='ocrx_word' id='word_1_119' title='bbox 331 962 480 992; x_wconf 86' lang='lat' dir='ltr'><strong>fundunt</strong></span> <span class='ocrx_word' id='word_1_120' title='bbox 496 961 685 992; x_wconf 81' lang='lat' dir='ltr'><strong>simulacra.</strong></span> 
     </span>
    </p>

    <p class='ocr_par' dir='ltr' id='par_1_6' title="bbox 145 1005 882 1090">
     <span class='ocr_line' id='line_1_22' title="bbox 187 1005 882 1043; baseline -0.003 -6"><span class='ocrx_word' id='word_1_121' title='bbox 187 1007 327 1043; x_wconf 74' lang='lat' dir='ltr'><strong>Fidelia,</strong></span> <span class='ocrx_word' id='word_1_122' title='bbox 345 1016 398 1035; x_wconf 74' lang='lat' dir='ltr'><strong>vas</strong></span> <span class='ocrx_word' id='word_1_123' title='bbox 415 1009 594 1035; x_wconf 72' lang='lat' dir='ltr'><strong>tectorum.</strong></span> <span class='ocrx_word' id='word_1_124' title='bbox 609 1005 649 1035; x_wconf 84' lang='lat' dir='ltr'><strong>ad</strong></span> <span class='ocrx_word' id='word_1_125' title='bbox 666 1006 741 1035; x_wconf 86' lang='lat' dir='ltr'><strong>Div.</strong></span> <span class='ocrx_word' id='word_1_126' title='bbox 758 1006 813 1035; x_wconf 88' lang='lat' dir='ltr'><strong>vii.</strong></span> <span class='ocrx_word' id='word_1_127' title='bbox 829 1007 882 1039; x_wconf 69' lang='lat'><strong>⁶29.</strong></span> 
     </span>
     <span class='ocr_line' id='line_1_23' title="bbox 145 1049 882 1090; baseline -0.003 -10"><span class='ocrx_word' id='word_1_128' title='bbox 145 1050 185 1083; x_wconf 88' lang='lat' dir='ltr'><strong>de</strong></span> <span class='ocrx_word' id='word_1_129' title='bbox 203 1050 447 1090; x_wconf 73' lang='lat' dir='ltr'><strong>eademfidelitc</strong></span> <span class='ocrx_word' id='word_1_130' title='bbox 461 1049 542 1079; x_wconf 87' lang='lat' dir='ltr'><strong>duos</strong></span> <span class='ocrx_word' id='word_1_131' title='bbox 559 1050 702 1089; x_wconf 87' lang='lat' dir='ltr'><strong>parietes</strong></span> <span class='ocrx_word' id='word_1_132' title='bbox 716 1049 882 1079; x_wconf 82' lang='lat' dir='ltr'><strong>dealbare.</strong></span> 
     </span>
    </p>

    <p class='ocr_par' dir='ltr' id='par_1_7' title="bbox 147 1092 883 1176">
     <span class='ocr_line' id='line_1_24' title="bbox 190 1092 883 1131; baseline -0.003 -7"><span class='ocrx_word' id='word_1_133' title='bbox 190 1094 321 1131; x_wconf 58' lang='lat' dir='ltr'><strong>fidelis,</strong></span> <span class='ocrx_word' id='word_1_134' title='bbox 353 1094 393 1123; x_wconf 88' lang='lat' dir='ltr'><strong>de</strong></span> <span class='ocrx_word' id='word_1_135' title='bbox 426 1104 490 1131; x_wconf 88' lang='lat' dir='ltr'><strong>quo</strong></span> <span class='ocrx_word' id='word_1_136' title='bbox 521 1100 610 1123; x_wconf 77' lang='lat' dir='ltr'><strong>recte</strong></span> <span class='ocrx_word' id='word_1_137' title='bbox 642 1093 799 1123; x_wconf 84' lang='lat' dir='ltr'><strong>dicatur?</strong></span> <span class='ocrx_word' id='word_1_138' title='bbox 842 1092 883 1122; x_wconf 84' lang='lat' dir='ltr'><strong>ad</strong></span> 
     </span>
     <span class='ocr_line' id='line_1_25' title="bbox 147 1137 699 1176; baseline -0.004 -8"><span class='ocrx_word' id='word_1_139' title='bbox 147 1138 223 1170; x_wconf 80' lang='lat' dir='ltr'><strong>Div.</strong></span> <span class='ocrx_word' id='word_1_140' title='bbox 241 1139 303 1167; x_wconf 74' lang='lat' dir='ltr'><strong>xvi.</strong></span> <span class='ocrx_word' id='word_1_141' title='bbox 324 1141 372 1171; x_wconf 81' lang='grc'><strong>17.</strong></span> <span class='ocrx_word' id='word_1_142' title='bbox 397 1137 596 1176; x_wconf 66' lang='grc' dir='ltr'><strong>10111.]ἰ1ἷσ[ἱ.ς</strong></span> <span class='ocrx_word' id='word_1_143' title='bbox 611 1147 699 1176; x_wconf 79' lang='lat' dir='ltr'><strong>ager.</strong></span> 
     </span>
    </p>

    <p class='ocr_par' dir='ltr' id='par_1_8' title="bbox 135 1180 885 1312">
     <span class='ocr_line' id='line_1_26' title="bbox 192 1180 883 1219; baseline -0.003 -7"><span class='ocrx_word' id='word_1_144' title='bbox 192 1182 357 1217; x_wconf 56' lang='lat' dir='ltr'><strong>Fidetiler,</strong></span> <span class='ocrx_word' id='word_1_145' title='bbox 385 1181 424 1210; x_wconf 87' lang='lat' dir='ltr'><strong>de</strong></span> <span class='ocrx_word' id='word_1_146' title='bbox 454 1191 518 1219; x_wconf 89' lang='lat' dir='ltr'><strong>quo</strong></span> <span class='ocrx_word' id='word_1_147' title='bbox 547 1181 704 1210; x_wconf 80' lang='lat' dir='ltr'><strong>dicatur?</strong></span> <span class='ocrx_word' id='word_1_148' title='bbox 739 1180 780 1210; x_wconf 85' lang='lat' dir='ltr'><strong>ad</strong></span> <span class='ocrx_word' id='word_1_149' title='bbox 806 1181 883 1210; x_wconf 80' lang='lat' dir='ltr'><strong>Div.</strong></span> 
     </span>
     <span class='ocr_line' id='line_1_27' title="bbox 148 1224 885 1264; baseline -0.003 -8"><span class='ocrx_word' id='word_1_150' title='bbox 148 1227 212 1257; x_wconf 82' lang='lat' dir='ltr'><strong>xvi.</strong></span> <span class='ocrx_word' id='word_1_151' title='bbox 243 1229 291 1259; x_wconf 74' lang='lat'><strong>17.</strong></span> <span class='ocrx_word' id='word_1_152' title='bbox 317 1225 395 1255; x_wconf 87' lang='lat' dir='ltr'><strong>ibid.</strong></span> <span class='ocrx_word' id='word_1_153' title='bbox 422 1236 451 1254; x_wconf 82' lang='lat' dir='ltr'><strong>x.</strong></span> <span class='ocrx_word' id='word_1_154' title='bbox 478 1226 530 1254; x_wconf 68' lang='lat'><strong>2³3.</strong></span> <span class='ocrx_word' id='word_1_155' title='bbox 554 1235 614 1264; x_wconf 87' lang='lat' dir='ltr'><strong>per</strong></span> <span class='ocrx_word' id='word_1_156' title='bbox 640 1235 782 1264; x_wconf 83' lang='lat' dir='ltr'><strong>quorum</strong></span> <span class='ocrx_word' id='word_1_157' title='bbox 811 1224 885 1254; x_wconf 73' lang='lat' dir='ltr'><strong>loca</strong></span> 
     </span>
     <span class='ocr_line' id='line_1_28' title="bbox 135 1269 622 1312; baseline -0.004 -12"><span class='ocrx_word' id='word_1_158' title='bbox 135 1271 286 1312; x_wconf 69' lang='lat' dir='ltr'><strong>fideliter</strong></span> <span class='ocrx_word' id='word_1_159' title='bbox 302 1269 382 1298; x_wconf 86' lang='lat' dir='ltr'><strong>mihi</strong></span> <span class='ocrx_word' id='word_1_160' title='bbox 400 1273 529 1308; x_wconf 79' lang='lat' dir='ltr'><strong>pateret</strong></span> <span class='ocrx_word' id='word_1_161' title='bbox 548 1270 622 1298; x_wconf 82' lang='lat' dir='ltr'><strong>iter.</strong></span> 
     </span>
    </p>

    <p class='ocr_par' dir='ltr' id='par_1_9' title="bbox 192 1313 786 1352">
     <span class='ocr_line' id='line_1_29' title="bbox 192 1313 786 1352; baseline -0.007 -7"><span class='ocrx_word' id='word_1_162' title='bbox 192 1314 355 1350; x_wconf 70' lang='lat' dir='ltr'><strong>Fidentia,</strong></span> <span class='ocrx_word' id='word_1_163' title='bbox 372 1313 451 1352; x_wconf 88' lang='lat' dir='ltr'><strong>quid</strong></span> <span class='ocrx_word' id='word_1_164' title='bbox 466 1313 536 1342; x_wconf 82' lang='lat' dir='ltr'><strong>sit?</strong></span> <span class='ocrx_word' id='word_1_165' title='bbox 556 1313 656 1342; x_wconf 74' lang='lat' dir='ltr'><strong>Tusc.</strong></span> <span class='ocrx_word' id='word_1_166' title='bbox 676 1313 716 1343; x_wconf 76' lang='lat' dir='ltr'><strong>iv.</strong></span> <span class='ocrx_word' id='word_1_167' title='bbox 734 1316 786 1347; x_wconf 73' lang='grc'><strong>37.</strong></span> 
     </span>
    </p>

    <p class='ocr_par' dir='ltr' id='par_1_10' title="bbox 134 1355 889 1787">
     <span class='ocr_line' id='line_1_30' title="bbox 193 1355 885 1396; baseline -0.006 -7"><span class='ocrx_word' id='word_1_168' title='bbox 193 1358 297 1389; x_wconf 64' lang='lat' dir='ltr'><strong>Fides.</strong></span> <span class='ocrx_word' id='word_1_169' title='bbox 324 1356 396 1386; x_wconf 75' lang='lat' dir='ltr'><strong>Inv.</strong></span> <span class='ocrx_word' id='word_1_170' title='bbox 421 1357 442 1386; x_wconf 94' lang='lat' dir='ltr'><strong>i.</strong></span> <span class='ocrx_word' id='word_1_171' title='bbox 466 1360 518 1390; x_wconf 72' lang='grc'><strong>39.</strong></span> <span class='ocrx_word' id='word_1_172' title='bbox 544 1356 738 1386; x_wconf 83' lang='lat' dir='ltr'><strong>fcfellerunt</strong></span> <span class='ocrx_word' id='word_1_173' title='bbox 764 1355 885 1396; x_wconf 75' lang='lat' dir='ltr'><strong>perfi-</strong></span> 
     </span>
     <span class='ocr_line' id='line_1_31' title="bbox 146 1400 885 1440; baseline -0.004 -8"><span class='ocrx_word' id='word_1_174' title='bbox 146 1404 233 1440; x_wconf 70' lang='lat' dir='ltr'><strong>dem,</strong></span> <span class='ocrx_word' id='word_1_175' title='bbox 256 1402 289 1431; x_wconf 90' lang='grc'><strong>11.</strong></span> <span class='ocrx_word' id='word_1_176' title='bbox 319 1412 348 1430; x_wconf 90' lang='lat' dir='ltr'><strong>e.</strong></span> <span class='ocrx_word' id='word_1_177' title='bbox 374 1401 452 1439; x_wconf 80' lang='lat' dir='ltr'><strong>quia</strong></span> <span class='ocrx_word' id='word_1_178' title='bbox 481 1400 559 1440; x_wconf 78' lang='lat' dir='ltr'><strong>ipsis</strong></span> <span class='ocrx_word' id='word_1_179' title='bbox 570 1401 661 1440; x_wconf 73' lang='lat' dir='ltr'><strong>fides</strong></span> <span class='ocrx_word' id='word_1_180' title='bbox 687 1405 737 1430; x_wconf 78' lang='lat' dir='ltr'><strong>est</strong></span> <span class='ocrx_word' id='word_1_181' title='bbox 761 1401 885 1430; x_wconf 82' lang='lat' dir='ltr'><strong>habita.</strong></span> 
     </span>
     <span class='ocr_line' id='line_1_32' title="bbox 147 1444 885 1484; baseline -0.005 -7"><span class='ocrx_word' id='word_1_182' title='bbox 147 1448 244 1479; x_wconf 86' lang='lat' dir='ltr'><strong>Rosc.</strong></span> <span class='ocrx_word' id='word_1_183' title='bbox 264 1445 375 1475; x_wconf 81' lang='lat' dir='ltr'><strong>Anier.</strong></span> <span class='ocrx_word' id='word_1_184' title='bbox 391 1447 422 1474; x_wconf 76' lang='lat'><strong>4.</strong></span> <span class='ocrx_word' id='word_1_185' title='bbox 447 1444 534 1483; x_wconf 81' lang='lat' dir='ltr'><strong>quod</strong></span> <span class='ocrx_word' id='word_1_186' title='bbox 553 1445 634 1474; x_wconf 85' lang='lat' dir='ltr'><strong>mihi</strong></span> <span class='ocrx_word' id='word_1_187' title='bbox 649 1444 807 1484; x_wconf 78' lang='lat' dir='ltr'><strong>cumficle</strong></span> <span class='ocrx_word' id='word_1_188' title='bbox 823 1445 885 1473; x_wconf 81' lang='lat' dir='ltr'><strong>iin-</strong></span> 
     </span>
     <span class='ocr_line' id='line_1_33' title="bbox 147 1488 887 1532; baseline -0.005 -11"><span class='ocrx_word' id='word_1_189' title='bbox 147 1491 295 1532; x_wconf 80' lang='lat' dir='ltr'><strong>positum</strong></span> <span class='ocrx_word' id='word_1_190' title='bbox 321 1493 385 1525; x_wconf 89' lang='lat' dir='ltr'><strong>est,</strong></span> <span class='ocrx_word' id='word_1_191' title='bbox 412 1488 444 1517; x_wconf 85' lang='lat' dir='ltr'><strong>h.</strong></span> <span class='ocrx_word' id='word_1_192' title='bbox 471 1499 500 1517; x_wconf 87' lang='lat' dir='ltr'><strong>e.</strong></span> <span class='ocrx_word' id='word_1_193' title='bbox 528 1493 665 1528; x_wconf 79' lang='lat' dir='ltr'><strong>propter</strong></span> <span class='ocrx_word' id='word_1_194' title='bbox 692 1490 887 1527; x_wconf 76' lang='lat' dir='ltr'>opinionem</span> 
     </span>
     <span class='ocr_line' id='line_1_34' title="bbox 147 1532 885 1575; baseline -0.005 -10"><span class='ocrx_word' id='word_1_195' title='bbox 147 1535 187 1565; x_wconf 84' lang='lat' dir='ltr'><strong>de</strong></span> <span class='ocrx_word' id='word_1_196' title='bbox 200 1534 275 1575; x_wconf 81' lang='lat' dir='ltr'><strong>fide</strong></span> <span class='ocrx_word' id='word_1_197' title='bbox 302 1542 387 1562; x_wconf 85' lang='lat' dir='ltr'><strong>mea.</strong></span> <span class='ocrx_word' id='word_1_198' title='bbox 416 1532 507 1561; x_wconf 64' lang='lat' dir='ltr'><strong>³“der</strong></span> <span class='ocrx_word' id='word_1_199' title='bbox 535 1532 661 1562; x_wconf 80' lang='lat' dir='ltr'><strong>Credit.</strong></span> <span class='ocrx_word' id='word_1_200' title='bbox 690 1533 768 1570; x_wconf 64' lang='lat' dir='ltr'><strong>Agr.</strong></span> <span class='ocrx_word' id='word_1_201' title='bbox 796 1533 828 1561; x_wconf 91' lang='lat' dir='ltr'><strong>ii.</strong></span> <span class='ocrx_word' id='word_1_202' title='bbox 854 1535 885 1562; x_wconf 84' lang='lat'><strong>3.</strong></span> 
     </span>
     <span class='ocr_line' id='line_1_35' title="bbox 134 1575 889 1619; baseline -0.005 -11"><span class='ocrx_word' id='word_1_203' title='bbox 134 1579 225 1619; x_wconf 79' lang='lat' dir='ltr'><strong>fides</strong></span> <span class='ocrx_word' id='word_1_204' title='bbox 249 1577 289 1607; x_wconf 88' lang='lat' dir='ltr'><strong>de</strong></span> <span class='ocrx_word' id='word_1_205' title='bbox 312 1577 383 1606; x_wconf 84' lang='lat' dir='ltr'><strong>foro</strong></span> <span class='ocrx_word' id='word_1_206' title='bbox 406 1575 539 1605; x_wconf 83' lang='lat' dir='ltr'><strong>sublata</strong></span> <span class='ocrx_word' id='word_1_207' title='bbox 561 1582 623 1605; x_wconf 89' lang='lat' dir='ltr'><strong>est.</strong></span> <span class='ocrx_word' id='word_1_208' title='bbox 653 1577 757 1606; x_wconf 73' lang='lat' dir='ltr'><strong>Marc.</strong></span> <span class='ocrx_word' id='word_1_209' title='bbox 777 1579 806 1607; x_wconf 73' lang='lat'><strong>8.</strong></span> <span class='ocrx_word' id='word_1_210' title='bbox 838 1586 889 1605; x_wconf 85' lang='lat' dir='ltr'><strong>re-</strong></span> 
     </span>
     <span class='ocr_line' id='line_1_36' title="bbox 146 1619 888 1661; baseline -0.003 -9"><span class='ocrx_word' id='word_1_211' title='bbox 146 1631 263 1652; x_wconf 82' lang='lat' dir='ltr'><strong>vocare</strong></span> <span class='ocrx_word' id='word_1_212' title='bbox 276 1620 396 1661; x_wconf 81' lang='lat' dir='ltr'><strong>fidem.</strong></span> <span class='ocrx_word' id='word_1_213' title='bbox 425 1619 542 1650; x_wconf 79' lang='lat' dir='ltr'><strong>Manil.</strong></span> <span class='ocrx_word' id='word_1_214' title='bbox 567 1623 597 1653; x_wconf 83' lang='lat'><strong>7.</strong></span> <span class='ocrx_word' id='word_1_215' title='bbox 630 1620 776 1650; x_wconf 76' lang='lat' dir='ltr'><strong>concidit</strong></span> <span class='ocrx_word' id='word_1_216' title='bbox 788 1619 888 1660; x_wconf 69' lang='lat' dir='ltr'><strong>fides.</strong></span> 
     </span>
     <span class='ocr_line' id='line_1_37' title="bbox 147 1664 888 1704; baseline -0.005 -7"><span class='ocrx_word' id='word_1_217' title='bbox 147 1666 236 1697; x_wconf 60' lang='lat' dir='ltr'><strong>*On</strong></span> <span class='ocrx_word' id='word_1_218' title='bbox 255 1665 301 1694; x_wconf 88' lang='lat' dir='ltr'><strong>iii.</strong></span> <span class='ocrx_word' id='word_1_219' title='bbox 319 1666 371 1695; x_wconf 69' lang='lat'><strong>225.</strong></span> <span class='ocrx_word' id='word_1_220' title='bbox 385 1664 492 1704; x_wconf 80' lang='lat' dir='ltr'><strong>fidem</strong></span> <span class='ocrx_word' id='word_1_221' title='bbox 507 1664 667 1694; x_wconf 79' lang='lat' dir='ltr'><strong>orationis</strong></span> <span class='ocrx_word' id='word_1_222' title='bbox 685 1665 806 1693; x_wconf 84' lang='lat' dir='ltr'><strong>facere.</strong></span> <span class='ocrx_word' id='word_1_223' title='bbox 835 1664 888 1693; x_wconf 86' lang='lat' dir='ltr'><strong>Sic</strong></span> 
     </span>
     <span class='ocr_line' id='line_1_38' title="bbox 149 1707 889 1747; baseline -0.005 -6"><span class='ocrx_word' id='word_1_224' title='bbox 149 1710 224 1742; x_wconf 82' lang='lat' dir='ltr'><strong>edd.</strong></span> <span class='ocrx_word' id='word_1_225' title='bbox 243 1718 370 1739; x_wconf 74' lang='lat' dir='ltr'><strong>omnes.</strong></span> <span class='ocrx_word' id='word_1_226' title='bbox 395 1708 497 1738; x_wconf 88' lang='lat' dir='ltr'><strong>Acad.</strong></span> <span class='ocrx_word' id='word_1_227' title='bbox 516 1708 557 1737; x_wconf 85' lang='lat' dir='ltr'><strong>iv.</strong></span> <span class='ocrx_word' id='word_1_228' title='bbox 573 1711 603 1741; x_wconf 81' lang='grc'><strong>7.</strong></span> <span class='ocrx_word' id='word_1_229' title='bbox 615 1708 725 1747; x_wconf 72' lang='lat' dir='ltr'><strong>fidem</strong></span> <span class='ocrx_word' id='word_1_230' title='bbox 741 1707 823 1738; x_wconf 78' lang='lat' dir='ltr'><strong>facit</strong></span> <span class='ocrx_word' id='word_1_231' title='bbox 832 1709 889 1747; x_wconf 86' lang='lat' dir='ltr'><strong>ju-</strong></span> 
     </span>
     <span class='ocr_line' id='line_1_39' title="bbox 151 1753 308 1787; baseline -0.032 0"><span class='ocrx_word' id='word_1_232' title='bbox 151 1754 228 1787; x_wconf 85' lang='lat' dir='ltr'><strong>dicii</strong></span> <span class='ocrx_word' id='word_1_233' title='bbox 246 1753 308 1783; x_wconf 91' lang='lat' dir='ltr'><strong>sui.</strong></span> 
     </span>
    </p>

    <p class='ocr_par' dir='ltr' id='par_1_11' title="bbox 145 1794 893 2230">
     <span class='ocr_line' id='line_1_40' title="bbox 194 1794 888 1837; baseline -0.004 -9"><span class='ocrx_word' id='word_1_234' title='bbox 194 1797 348 1832; x_wconf 74' lang='lat' dir='ltr'><strong>Fiducia,</strong></span> <span class='ocrx_word' id='word_1_235' title='bbox 375 1794 577 1836; x_wconf 78' lang='lat' dir='ltr'>hypotheca,</span> <span class='ocrx_word' id='word_1_236' title='bbox 606 1795 740 1837; x_wconf 81' lang='lat' dir='ltr'><strong>pignus.</strong></span> <span class='ocrx_word' id='word_1_237' title='bbox 783 1795 888 1826; x_wconf 83' lang='lat' dir='ltr'><strong>Flacc.</strong></span> 
     </span>
     <span class='ocr_line' id='line_1_41' title="bbox 150 1839 889 1882; baseline -0.004 -10"><span class='ocrx_word' id='word_1_238' title='bbox 150 1841 352 1882; x_wconf 73' lang='lat' dir='ltr'><strong>21.fiducia</strong></span> <span class='ocrx_word' id='word_1_239' title='bbox 375 1843 523 1879; x_wconf 70' lang='lat' dir='ltr'><strong>accepta.</strong></span> <span class='ocrx_word' id='word_1_240' title='bbox 547 1840 625 1870; x_wconf 83' lang='lat' dir='ltr'><strong>ibid.</strong></span> <span class='ocrx_word' id='word_1_241' title='bbox 646 1839 774 1878; x_wconf 69' lang='lat' dir='ltr'><strong>fidncia</strong></span> <span class='ocrx_word' id='word_1_242' title='bbox 798 1849 889 1869; x_wconf 79' lang='lat' dir='ltr'><strong>coin-</strong></span> 
     </span>
     <span class='ocr_line' id='line_1_42' title="bbox 152 1883 889 1922; baseline -0.004 -6"><span class='ocrx_word' id='word_1_243' title='bbox 152 1886 263 1916; x_wconf 86' lang='lat' dir='ltr'><strong>missa.</strong></span> <span class='ocrx_word' id='word_1_244' title='bbox 281 1884 346 1914; x_wconf 83' lang='lat' dir='ltr'><strong>vid.</strong></span> <span class='ocrx_word' id='word_1_245' title='bbox 369 1884 516 1914; x_wconf 69' lang='lat' dir='ltr'><strong>Faernus</strong></span> <span class='ocrx_word' id='word_1_246' title='bbox 541 1884 582 1913; x_wconf 86' lang='lat' dir='ltr'><strong>ad</strong></span> <span class='ocrx_word' id='word_1_247' title='bbox 606 1884 637 1913; x_wconf 92' lang='lat' dir='ltr'><strong>h.</strong></span> <span class='ocrx_word' id='word_1_248' title='bbox 658 1883 720 1913; x_wconf 82' lang='lat' dir='ltr'><strong>loe.</strong></span> <span class='ocrx_word' id='word_1_249' title='bbox 746 1886 765 1904; x_wconf 52' lang='grc' dir='ltr'><strong>’Κ</strong></span> <span class='ocrx_word' id='word_1_250' title='bbox 782 1893 889 1922; x_wconf 80' lang='lat' dir='ltr'><strong>genus</strong></span> 
     </span>
     <span class='ocr_line' id='line_1_43' title="bbox 145 1928 891 1970; baseline -0.004 -10"><span class='ocrx_word' id='word_1_251' title='bbox 145 1930 280 1970; x_wconf 88' lang='lat' dir='ltr'><strong>judicii,</strong></span> <span class='ocrx_word' id='word_1_252' title='bbox 308 1929 341 1957; x_wconf 89' lang='lat' dir='ltr'><strong>in</strong></span> <span class='ocrx_word' id='word_1_253' title='bbox 369 1938 434 1966; x_wconf 85' lang='lat' dir='ltr'><strong>quo</strong></span> <span class='ocrx_word' id='word_1_254' title='bbox 459 1928 636 1965; x_wconf 80' lang='lat' dir='ltr'><strong>judicatur</strong></span> <span class='ocrx_word' id='word_1_255' title='bbox 665 1937 704 1956; x_wconf 82' lang='lat' dir='ltr'><strong>ex</strong></span> <span class='ocrx_word' id='word_1_256' title='bbox 731 1937 828 1966; x_wconf 85' lang='lat' dir='ltr'><strong>aequo</strong></span> <span class='ocrx_word' id='word_1_257' title='bbox 856 1933 891 1957; x_wconf 82' lang='lat' dir='ltr'><strong>et</strong></span> 
     </span>
     <span class='ocr_line' id='line_1_44' title="bbox 151 1970 889 2010; baseline -0.005 -6"><span class='ocrx_word' id='word_1_258' title='bbox 151 1974 252 2010; x_wconf 89' lang='lat' dir='ltr'><strong>bono,</strong></span> <span class='ocrx_word' id='word_1_259' title='bbox 269 1972 332 2002; x_wconf 83' lang='lat' dir='ltr'><strong>hac</strong></span> <span class='ocrx_word' id='word_1_260' title='bbox 349 1970 510 2001; x_wconf 85' lang='lat' dir='ltr'><strong>formula:</strong></span> <span class='ocrx_word' id='word_1_261' title='bbox 530 1976 568 2002; x_wconf 87' lang='lat' dir='ltr'><strong>ut</strong></span> <span class='ocrx_word' id='word_1_262' title='bbox 583 1973 673 2002; x_wconf 82' lang='lat' dir='ltr'><strong>inter</strong></span> <span class='ocrx_word' id='word_1_263' title='bbox 684 1971 787 2000; x_wconf 86' lang='lat' dir='ltr'><strong>bonos</strong></span> <span class='ocrx_word' id='word_1_264' title='bbox 805 1971 889 2001; x_wconf 90' lang='lat' dir='ltr'><strong>bene</strong></span> 
     </span>
     <span class='ocr_line' id='line_1_45' title="bbox 151 2015 890 2056; baseline -0.003 -10"><span class='ocrx_word' id='word_1_265' title='bbox 151 2018 244 2056; x_wconf 76' lang='lat' dir='ltr'><strong>agier</strong></span> <span class='ocrx_word' id='word_1_266' title='bbox 265 2020 409 2056; x_wconf 81' lang='lat' dir='ltr'><strong>oportet.</strong></span> <span class='ocrx_word' id='word_1_267' title='bbox 433 2015 497 2046; x_wconf 79' lang='lat' dir='ltr'><strong>Off.</strong></span> <span class='ocrx_word' id='word_1_268' title='bbox 522 2016 566 2045; x_wconf 93' lang='lat' dir='ltr'><strong>iii.</strong></span> <span class='ocrx_word' id='word_1_269' title='bbox 596 2019 644 2047; x_wconf 81' lang='lat'><strong>15.</strong></span> <span class='ocrx_word' id='word_1_270' title='bbox 669 2015 710 2044; x_wconf 88' lang='lat' dir='ltr'><strong>ad</strong></span> <span class='ocrx_word' id='word_1_271' title='bbox 733 2015 810 2045; x_wconf 80' lang='lat' dir='ltr'><strong>Div.</strong></span> <span class='ocrx_word' id='word_1_272' title='bbox 835 2016 890 2044; x_wconf 79' lang='lat' dir='ltr'><strong>vii.</strong></span> 
     </span>
     <span class='ocr_line' id='line_1_46' title="bbox 155 2059 890 2092; baseline -0.003 -2"><span class='ocrx_word' id='word_1_273' title='bbox 155 2063 204 2092; x_wconf 69' lang='lat'><strong>1⁶2.</strong></span> <span class='ocrx_word' id='word_1_274' title='bbox 240 2071 270 2089; x_wconf 91' lang='lat' dir='ltr'><strong>v.</strong></span> <span class='ocrx_word' id='word_1_275' title='bbox 297 2059 436 2090; x_wconf 82' lang='lat' dir='ltr'><strong>Salmas.</strong></span> <span class='ocrx_word' id='word_1_276' title='bbox 464 2059 552 2089; x_wconf 83' lang='lat' dir='ltr'><strong>mod.</strong></span> <span class='ocrx_word' id='word_1_277' title='bbox 583 2060 683 2090; x_wconf 70' lang='lat' dir='ltr'><strong>Usur.</strong></span> <span class='ocrx_word' id='word_1_278' title='bbox 711 2068 738 2088; x_wconf 86' lang='lat' dir='ltr'><strong>c.</strong></span> <span class='ocrx_word' id='word_1_279' title='bbox 774 2061 821 2089; x_wconf 78' lang='lat'><strong>14.</strong></span> <span class='ocrx_word' id='word_1_280' title='bbox 851 2059 890 2088; x_wconf 90' lang='lat' dir='ltr'><strong>de</strong></span> 
     </span>
     <span class='ocr_line' id='line_1_47' title="bbox 151 2103 892 2142; baseline -0.005 -6"><span class='ocrx_word' id='word_1_281' title='bbox 151 2105 252 2136; x_wconf 78' lang='lat' dir='ltr'><strong>Usur.</strong></span> <span class='ocrx_word' id='word_1_282' title='bbox 270 2114 298 2133; x_wconf 92' lang='lat' dir='ltr'><strong>c.</strong></span> <span class='ocrx_word' id='word_1_283' title='bbox 314 2106 346 2134; x_wconf 80' lang='lat'><strong>4.</strong></span> <span class='ocrx_word' id='word_1_284' title='bbox 369 2103 519 2142; x_wconf 63' lang='lat' dir='ltr'><strong>*fiducia</strong></span> <span class='ocrx_word' id='word_1_285' title='bbox 542 2107 592 2133; x_wconf 86' lang='lat' dir='ltr'><strong>est</strong></span> <span class='ocrx_word' id='word_1_286' title='bbox 614 2104 716 2133; x_wconf 71' lang='lat' dir='ltr'><strong>etiam</strong></span> <span class='ocrx_word' id='word_1_287' title='bbox 740 2103 775 2132; x_wconf 87' lang='lat' dir='ltr'><strong>in</strong></span> <span class='ocrx_word' id='word_1_288' title='bbox 796 2103 892 2132; x_wconf 87' lang='lat' dir='ltr'><strong>here-</strong></span> 
     </span>
     <span class='ocr_line' id='line_1_48' title="bbox 151 2147 890 2185; baseline -0.003 -7"><span class='ocrx_word' id='word_1_289' title='bbox 151 2148 312 2178; x_wconf 85' lang='lat' dir='ltr'><strong>ditatibus</strong></span> <span class='ocrx_word' id='word_1_290' title='bbox 343 2151 377 2176; x_wconf 89' lang='lat' dir='ltr'><strong>et</strong></span> <span class='ocrx_word' id='word_1_291' title='bbox 405 2148 628 2177; x_wconf 71' lang='lat' dir='ltr'><strong>emtionibus:</strong></span> <span class='ocrx_word' id='word_1_292' title='bbox 662 2157 739 2177; x_wconf 87' lang='lat' dir='ltr'><strong>cum</strong></span> <span class='ocrx_word' id='word_1_293' title='bbox 772 2147 890 2185; x_wconf 84' lang='lat' dir='ltr'><strong>aliquis</strong></span> 
     </span>
     <span class='ocr_line' id='line_1_49' title="bbox 153 2191 893 2230; baseline -0.003 -8"><span class='ocrx_word' id='word_1_294' title='bbox 153 2191 248 2222; x_wconf 84' lang='lat' dir='ltr'><strong>heres</strong></span> <span class='ocrx_word' id='word_1_295' title='bbox 274 2192 331 2228; x_wconf 85' lang='lat' dir='ltr'><strong>sit,</strong></span> <span class='ocrx_word' id='word_1_296' title='bbox 359 2191 421 2221; x_wconf 87' lang='lat' dir='ltr'><strong>hac</strong></span> <span class='ocrx_word' id='word_1_297' title='bbox 451 2191 654 2227; x_wconf 83' lang='lat' dir='ltr'><strong>conditione,</strong></span> <span class='ocrx_word' id='word_1_298' title='bbox 683 2196 721 2220; x_wconf 89' lang='lat' dir='ltr'><strong>ut</strong></span> <span class='ocrx_word' id='word_1_299' title='bbox 753 2196 893 2230; x_wconf 81' lang='lat' dir='ltr'><strong>accepta</strong></span> 
     </span>
    </p>
   </div>
   <div class='ocr_carea' id='block_1_4' title="bbox 153 2234 913 2273">
    <p class='ocr_par' dir='ltr' id='par_1_12' title="bbox 153 2234 913 2273">
     <span class='ocr_line' id='line_1_50' title="bbox 153 2234 913 2273; baseline -0.003 -7"><span class='ocrx_word' id='word_1_300' title='bbox 153 2235 353 2273; x_wconf 85' lang='lat' dir='ltr'><strong>hereditate,</strong></span> <span class='ocrx_word' id='word_1_301' title='bbox 388 2245 462 2264; x_wconf 76' lang='lat' dir='ltr'><strong>eain</strong></span> <span class='ocrx_word' id='word_1_302' title='bbox 495 2235 613 2265; x_wconf 70' lang='lat' dir='ltr'><strong>reddat</strong></span> <span class='ocrx_word' id='word_1_303' title='bbox 646 2234 757 2271; x_wconf 84' lang='lat' dir='ltr'><strong>alteri,</strong></span> <span class='ocrx_word' id='word_1_304' title='bbox 790 2245 913 2273; x_wconf 89' lang='lat' dir='ltr'><strong>quem·</strong></span> 
     </span>
    </p>
   </div>
   <div class='ocr_carea' id='block_1_5' title="bbox 151 2278 897 2953">
    <p class='ocr_par' dir='ltr' id='par_1_13' title="bbox 151 2278 896 2839">
     <span class='ocr_line' id='line_1_51' title="bbox 153 2278 892 2319; baseline -0.004 -9"><span class='ocrx_word' id='word_1_305' title='bbox 153 2279 310 2311; x_wconf 83' lang='lat' dir='ltr'>heredem</span> <span class='ocrx_word' id='word_1_306' title='bbox 327 2279 470 2309; x_wconf 87' lang='lat' dir='ltr'><strong>scribere</strong></span> <span class='ocrx_word' id='word_1_307' title='bbox 488 2289 547 2319; x_wconf 80' lang='lat' dir='ltr'><strong>per</strong></span> <span class='ocrx_word' id='word_1_308' title='bbox 564 2279 653 2319; x_wconf 72' lang='lat' dir='ltr'><strong>leges</strong></span> <span class='ocrx_word' id='word_1_309' title='bbox 672 2288 738 2308; x_wconf 84' lang='lat' dir='ltr'><strong>non</strong></span> <span class='ocrx_word' id='word_1_310' title='bbox 755 2278 892 2316; x_wconf 77' lang='lat' dir='ltr'><strong>licebat,</strong></span> 
     </span>
     <span class='ocr_line' id='line_1_52' title="bbox 151 2322 894 2363; baseline -0.004 -9"><span class='ocrx_word' id='word_1_311' title='bbox 151 2328 327 2363; x_wconf 86' lang='lat' dir='ltr'><strong>tamquam</strong></span> <span class='ocrx_word' id='word_1_312' title='bbox 356 2323 446 2361; x_wconf 83' lang='lat' dir='ltr'><strong>filiae,</strong></span> <span class='ocrx_word' id='word_1_313' title='bbox 471 2333 545 2362; x_wconf 80' lang='lat' dir='ltr'><strong>quae</strong></span> <span class='ocrx_word' id='word_1_314' title='bbox 574 2335 612 2353; x_wconf 83' lang='lat' dir='ltr'><strong>ex</strong></span> <span class='ocrx_word' id='word_1_315' title='bbox 643 2323 716 2362; x_wconf 85' lang='lat' dir='ltr'><strong>lege</strong></span> <span class='ocrx_word' id='word_1_316' title='bbox 744 2322 894 2352; x_wconf 84' lang='lat' dir='ltr'><strong>Voconia</strong></span> 
     </span>
     <span class='ocr_line' id='line_1_53' title="bbox 153 2366 892 2407; baseline -0.004 -9"><span class='ocrx_word' id='word_1_317' title='bbox 153 2367 249 2398; x_wconf 83' lang='lat' dir='ltr'><strong>heres</strong></span> <span class='ocrx_word' id='word_1_318' title='bbox 267 2377 336 2397; x_wconf 85' lang='lat' dir='ltr'><strong>esse</strong></span> <span class='ocrx_word' id='word_1_319' title='bbox 354 2377 421 2397; x_wconf 90' lang='lat' dir='ltr'><strong>non</strong></span> <span class='ocrx_word' id='word_1_320' title='bbox 442 2370 594 2407; x_wconf 84' lang='lat' dir='ltr'><strong>poterat:</strong></span> <span class='ocrx_word' id='word_1_321' title='bbox 621 2368 705 2397; x_wconf 88' lang='lat' dir='ltr'><strong>item</strong></span> <span class='ocrx_word' id='word_1_322' title='bbox 730 2376 807 2396; x_wconf 85' lang='lat' dir='ltr'><strong>cum</strong></span> <span class='ocrx_word' id='word_1_323' title='bbox 833 2366 892 2395; x_wconf 84' lang='lat' dir='ltr'><strong>ali-</strong></span> 
     </span>
     <span class='ocr_line' id='line_1_54' title="bbox 153 2410 894 2450; baseline -0.003 -9"><span class='ocrx_word' id='word_1_324' title='bbox 153 2412 208 2442; x_wconf 84' lang='lat' dir='ltr'><strong>cui</strong></span> <span class='ocrx_word' id='word_1_325' title='bbox 231 2411 389 2441; x_wconf 85' lang='lat' dir='ltr'><strong>venditur</strong></span> <span class='ocrx_word' id='word_1_326' title='bbox 413 2411 539 2450; x_wconf 85' lang='lat' dir='ltr'><strong>aliquid</strong></span> <span class='ocrx_word' id='word_1_327' title='bbox 564 2411 754 2440; x_wconf 79' lang='lat' dir='ltr'><strong>venditione</strong></span> <span class='ocrx_word' id='word_1_328' title='bbox 776 2410 894 2449; x_wconf 81' lang='lat' dir='ltr'><strong>imagi-</strong></span> 
     </span>
     <span class='ocr_line' id='line_1_55' title="bbox 154 2454 892 2492; baseline -0.003 -7"><span class='ocrx_word' id='word_1_329' title='bbox 154 2455 261 2492; x_wconf 83' lang='lat' dir='ltr'><strong>naria,</strong></span> <span class='ocrx_word' id='word_1_330' title='bbox 278 2460 317 2485; x_wconf 89' lang='lat' dir='ltr'><strong>ut</strong></span> <span class='ocrx_word' id='word_1_331' title='bbox 334 2465 402 2485; x_wconf 86' lang='lat' dir='ltr'><strong>rem</strong></span> <span class='ocrx_word' id='word_1_332' title='bbox 428 2455 599 2484; x_wconf 74' lang='lat' dir='ltr'><strong>venditam</strong></span> <span class='ocrx_word' id='word_1_333' title='bbox 617 2455 731 2484; x_wconf 78' lang='lat' dir='ltr'><strong>statim</strong></span> <span class='ocrx_word' id='word_1_334' title='bbox 751 2454 868 2483; x_wconf 84' lang='lat' dir='ltr'><strong>reddat</strong></span> <span class='ocrx_word' id='word_1_335' title='bbox 883 2465 892 2491; x_wconf 92' lang='lat'>;</span> 
     </span>
     <span class='ocr_line' id='line_1_56' title="bbox 155 2498 896 2538; baseline -0.001 -10"><span class='ocrx_word' id='word_1_336' title='bbox 155 2498 244 2538; x_wconf 89' lang='lat' dir='ltr'><strong>quod</strong></span> <span class='ocrx_word' id='word_1_337' title='bbox 263 2499 301 2528; x_wconf 86' lang='lat' dir='ltr'><strong>fit</strong></span> <span class='ocrx_word' id='word_1_338' title='bbox 317 2499 350 2528; x_wconf 91' lang='lat' dir='ltr'><strong>in</strong></span> <span class='ocrx_word' id='word_1_339' title='bbox 369 2498 557 2529; x_wconf 72' lang='lat' dir='ltr'><strong>hereditate</strong></span> <span class='ocrx_word' id='word_1_340' title='bbox 575 2509 594 2528; x_wconf 80' lang='lat' dir='ltr'><strong>a</strong></span> <span class='ocrx_word' id='word_1_341' title='bbox 608 2499 710 2528; x_wconf 79' lang='lat' dir='ltr'><strong>sacris</strong></span> <span class='ocrx_word' id='word_1_342' title='bbox 723 2498 896 2527; x_wconf 76' lang='lat' dir='ltr'><strong>liberanda</strong></span> 
     </span>
     <span class='ocr_line' id='line_1_57' title="bbox 157 2542 895 2582; baseline -0.003 -10"><span class='ocrx_word' id='word_1_343' title='bbox 157 2544 217 2572; x_wconf 69' lang='grc' dir='ltr'><strong>διο.</strong></span> <span class='ocrx_word' id='word_1_344' title='bbox 243 2543 366 2572; x_wconf 79' lang='lat' dir='ltr'><strong>Caecin.</strong></span> <span class='ocrx_word' id='word_1_345' title='bbox 382 2546 412 2572; x_wconf 79' lang='lat'><strong>3.</strong></span> <span class='ocrx_word' id='word_1_346' title='bbox 437 2542 493 2581; x_wconf 79' lang='lat' dir='ltr'><strong>qui</strong></span> <span class='ocrx_word' id='word_1_347' title='bbox 518 2552 576 2582; x_wconf 75' lang='lat' dir='ltr'><strong>per</strong></span> <span class='ocrx_word' id='word_1_348' title='bbox 590 2542 749 2578; x_wconf 80' lang='lat' dir='ltr'><strong>tutelam,</strong></span> <span class='ocrx_word' id='word_1_349' title='bbox 767 2546 826 2571; x_wconf 81' lang='lat' dir='ltr'><strong>aut</strong></span> <span class='ocrx_word' id='word_1_350' title='bbox 843 2551 895 2571; x_wconf 87' lang='lat' dir='ltr'><strong>so-</strong></span> 
     </span>
     <span class='ocr_line' id='line_1_58' title="bbox 155 2585 894 2625; baseline -0.003 -9"><span class='ocrx_word' id='word_1_351' title='bbox 155 2587 329 2622; x_wconf 84' lang='lat' dir='ltr'><strong>cietatem,</strong></span> <span class='ocrx_word' id='word_1_352' title='bbox 347 2590 405 2616; x_wconf 85' lang='lat' dir='ltr'><strong>aut</strong></span> <span class='ocrx_word' id='word_1_353' title='bbox 423 2596 493 2615; x_wconf 87' lang='lat' dir='ltr'><strong>rem</strong></span> <span class='ocrx_word' id='word_1_354' title='bbox 511 2586 719 2622; x_wconf 80' lang='lat' dir='ltr'><strong>mandatam,</strong></span> <span class='ocrx_word' id='word_1_355' title='bbox 736 2585 894 2625; x_wconf 79' lang='lat' dir='ltr'><strong>autfidn-</strong></span> 
     </span>
     <span class='ocr_line' id='line_1_59' title="bbox 156 2629 895 2669; baseline 0 -10"><span class='ocrx_word' id='word_1_356' title='bbox 156 2631 213 2660; x_wconf 64' lang='grc' dir='ltr'><strong>οἱα]</strong></span> <span class='ocrx_word' id='word_1_357' title='bbox 238 2630 402 2659; x_wconf 81' lang='lat' dir='ltr'><strong>rationem</strong></span> <span class='ocrx_word' id='word_1_358' title='bbox 422 2629 589 2660; x_wconf 74' lang='lat' dir='ltr'><strong>fraudavit</strong></span> <span class='ocrx_word' id='word_1_359' title='bbox 613 2630 773 2669; x_wconf 82' lang='lat' dir='ltr'><strong>aliquem.</strong></span> <span class='ocrx_word' id='word_1_360' title='bbox 798 2630 895 2659; x_wconf 69' lang='lat' dir='ltr'><strong>Rosc.</strong></span> 
     </span>
     <span class='ocr_line' id='line_1_60' title="bbox 157 2673 896 2714; baseline -0.003 -11"><span class='ocrx_word' id='word_1_361' title='bbox 157 2674 252 2704; x_wconf 86' lang='lat' dir='ltr'><strong>Com.</strong></span> <span class='ocrx_word' id='word_1_362' title='bbox 287 2674 317 2703; x_wconf 93' lang='lat'><strong>6.</strong></span> <span class='ocrx_word' id='word_1_363' title='bbox 349 2674 375 2703; x_wconf 77' lang='lat' dir='ltr'><strong>si</strong></span> <span class='ocrx_word' id='word_1_364' title='bbox 406 2684 472 2713; x_wconf 80' lang='lat' dir='ltr'><strong>qua</strong></span> <span class='ocrx_word' id='word_1_365' title='bbox 501 2679 583 2703; x_wconf 67' lang='lat' dir='ltr'><strong>sunt</strong></span> <span class='ocrx_word' id='word_1_366' title='bbox 613 2674 743 2714; x_wconf 78' lang='lat' dir='ltr'><strong>privata</strong></span> <span class='ocrx_word' id='word_1_367' title='bbox 766 2673 896 2711; x_wconf 79' lang='lat' dir='ltr'><strong>judicia</strong></span> 
     </span>
     <span class='ocr_line' id='line_1_61' title="bbox 156 2717 895 2757; baseline -0.001 -10"><span class='ocrx_word' id='word_1_368' title='bbox 156 2727 298 2748; x_wconf 74' lang='lat' dir='ltr'><strong>summae</strong></span> <span class='ocrx_word' id='word_1_369' title='bbox 324 2718 581 2747; x_wconf 76' lang='lat' dir='ltr'><strong>existimationis</strong></span> <span class='ocrx_word' id='word_1_370' title='bbox 607 2722 640 2747; x_wconf 80' lang='lat' dir='ltr'><strong>et</strong></span> <span class='ocrx_word' id='word_1_371' title='bbox 666 2726 760 2757; x_wconf 83' lang='lat' dir='ltr'><strong>paene</strong></span> <span class='ocrx_word' id='word_1_372' title='bbox 785 2717 895 2746; x_wconf 81' lang='lat' dir='ltr'><strong>dicam</strong></span> 
     </span>
     <span class='ocr_line' id='line_1_62' title="bbox 157 2761 896 2801; baseline 0 -11"><span class='ocrx_word' id='word_1_373' title='bbox 157 2761 291 2801; x_wconf 82' lang='lat' dir='ltr'><strong>capitis,</strong></span> <span class='ocrx_word' id='word_1_374' title='bbox 308 2762 373 2791; x_wconf 82' lang='lat' dir='ltr'><strong>tria</strong></span> <span class='ocrx_word' id='word_1_375' title='bbox 395 2761 467 2791; x_wconf 82' lang='lat' dir='ltr'><strong>haec</strong></span> <span class='ocrx_word' id='word_1_376' title='bbox 491 2761 747 2801; x_wconf 73' lang='lat' dir='ltr'><strong>sunt‚fidzcez&#39;oe,</strong></span> <span class='ocrx_word' id='word_1_377' title='bbox 764 2761 896 2797; x_wconf 66' lang='lat' dir='ltr'><strong>tumbe,</strong></span> 
     </span>
     <span class='ocr_line' id='line_1_63' title="bbox 155 2805 896 2839; baseline 0.001 -4"><span class='ocrx_word' id='word_1_378' title='bbox 155 2805 337 2836; x_wconf 77' lang='lat' dir='ltr'><strong>societatis.</strong></span> <span class='ocrx_word' id='word_1_379' title='bbox 350 2805 391 2834; x_wconf 82' lang='lat' dir='ltr'><strong>cf.</strong></span> <span class='ocrx_word' id='word_1_380' title='bbox 402 2805 481 2834; x_wconf 86' lang='lat' dir='ltr'><strong>Nat.</strong></span> <span class='ocrx_word' id='word_1_381' title='bbox 496 2806 539 2835; x_wconf 91' lang='grc'><strong>1).</strong></span> <span class='ocrx_word' id='word_1_382' title='bbox 554 2805 600 2834; x_wconf 88' lang='grc'><strong>111.</strong></span> <span class='ocrx_word' id='word_1_383' title='bbox 611 2808 662 2835; x_wconf 70' lang='lat'><strong>30.</strong></span> <span class='ocrx_word' id='word_1_384' title='bbox 676 2805 771 2835; x_wconf 80' lang='lat' dir='ltr'><strong>Offie.</strong></span> <span class='ocrx_word' id='word_1_385' title='bbox 786 2805 832 2834; x_wconf 86' lang='lat' dir='ltr'><strong>iii.</strong></span> <span class='ocrx_word' id='word_1_386' title='bbox 849 2809 896 2839; x_wconf 82' lang='lat'><strong>17.</strong></span> 
     </span>
    </p>

    <p class='ocr_par' dir='ltr' id='par_1_14' title="bbox 157 2848 897 2924">
     <span class='ocr_line' id='line_1_64' title="bbox 201 2848 897 2888; baseline -0.001 -9"><span class='ocrx_word' id='word_1_387' title='bbox 201 2848 329 2887; x_wconf 76' lang='lat' dir='ltr'><strong>Figere.</strong></span> <span class='ocrx_word' id='word_1_388' title='bbox 354 2849 433 2879; x_wconf 84' lang='lat' dir='ltr'><strong>Nat.</strong></span> <span class='ocrx_word' id='word_1_389' title='bbox 462 2849 504 2879; x_wconf 85' lang='lat' dir='ltr'><strong>l).</strong></span> <span class='ocrx_word' id='word_1_390' title='bbox 533 2849 554 2878; x_wconf 90' lang='lat' dir='ltr'><strong>i.</strong></span> <span class='ocrx_word' id='word_1_391' title='bbox 580 2852 633 2879; x_wconf 85' lang='lat'><strong>34.</strong></span> <span class='ocrx_word' id='word_1_392' title='bbox 653 2849 768 2888; x_wconf 73' lang='lat' dir='ltr'><strong>figere</strong></span> <span class='ocrx_word' id='word_1_393' title='bbox 793 2849 897 2878; x_wconf 84' lang='lat' dir='ltr'><strong>malc-</strong></span> 
     </span>
     <span class='ocr_line' id='line_1_65' title="bbox 157 2891 897 2924; baseline 0.001 -2"><span class='ocrx_word' id='word_1_394' title='bbox 157 2891 266 2923; x_wconf 83' lang='lat' dir='ltr'><strong>dictis.</strong></span> <span class='ocrx_word' id='word_1_395' title='bbox 291 2892 333 2923; x_wconf 77' lang='lat' dir='ltr'><strong>cf.</strong></span> <span class='ocrx_word' id='word_1_396' title='bbox 350 2893 407 2924; x_wconf 85' lang='lat' dir='ltr'><strong>Or.</strong></span> <span class='ocrx_word' id='word_1_397' title='bbox 426 2892 478 2923; x_wconf 67' lang='lat'><strong>⁶26.</strong></span> <span class='ocrx_word' id='word_1_398' title='bbox 504 2892 664 2923; x_wconf 76' lang='lat' dir='ltr'><strong>Heinsius</strong></span> <span class='ocrx_word' id='word_1_399' title='bbox 687 2892 729 2923; x_wconf 87' lang='lat' dir='ltr'><strong>ad</strong></span> <span class='ocrx_word' id='word_1_400' title='bbox 744 2893 840 2924; x_wconf 77' lang='lat' dir='ltr'><strong>Ovid.</strong></span> <span class='ocrx_word' id='word_1_401' title='bbox 859 2893 897 2924; x_wconf 86' lang='grc' dir='ltr'><strong>Α.</strong></span> 
     </span>
    </p>

    <p class='ocr_par' dir='ltr' id='par_1_15' title="bbox 588 2941 601 2953">
     <span class='ocr_line' id='line_1_66' title="bbox 588 2941 601 2953; baseline 0 0"><span class='ocrx_word' id='word_1_402' title='bbox 588 2941 601 2953; x_wconf 61' lang='lat'><em>0</em></span> 
     </span>
    </p>
   </div>
   <div class='ocr_carea' id='block_1_6' title="bbox 1574 75 1658 116">
    <p class='ocr_par' dir='ltr' id='par_1_16' title="bbox 1574 75 1658 116">
     <span class='ocr_line' id='line_1_67' title="bbox 1574 75 1658 116; baseline 0.048 -4"><span class='ocrx_word' id='word_1_403' title='bbox 1574 75 1658 116; x_wconf 80' lang='lat'><strong>303</strong></span> 
     </span>
    </p>
   </div>
   <div class='ocr_carea' id='block_1_7' title="bbox 920 171 1683 2927">
    <p class='ocr_par' dir='ltr' id='par_1_17' title="bbox 920 171 1660 335">
     <span class='ocr_line' id='line_1_68' title="bbox 920 171 1660 213; baseline 0.003 -10"><span class='ocrx_word' id='word_1_404' title='bbox 920 175 966 204; x_wconf 92' lang='lat' dir='ltr'><strong>iii.</strong></span> <span class='ocrx_word' id='word_1_405' title='bbox 986 178 1017 208; x_wconf 84' lang='lat'><strong>7.</strong></span> <span class='ocrx_word' id='word_1_406' title='bbox 1033 176 1086 207; x_wconf 67' lang='lat'><strong>2²9.</strong></span> <span class='ocrx_word' id='word_1_407' title='bbox 1112 177 1210 213; x_wconf 82' lang='lat' dir='ltr'><strong>putat</strong></span> <span class='ocrx_word' id='word_1_408' title='bbox 1226 173 1368 203; x_wconf 80' lang='lat' dir='ltr'><strong>ductum</strong></span> <span class='ocrx_word' id='word_1_409' title='bbox 1393 182 1413 203; x_wconf 85' lang='lat' dir='ltr'><strong>a</strong></span> <span class='ocrx_word' id='word_1_410' title='bbox 1436 171 1660 205; x_wconf 79' lang='lat' dir='ltr'><strong>defixionibus</strong></span> 
     </span>
     <span class='ocr_line' id='line_1_69' title="bbox 921 217 1658 257; baseline 0.001 -10"><span class='ocrx_word' id='word_1_411' title='bbox 921 218 1069 257; x_wconf 80' lang='lat' dir='ltr'><strong>magicis.</strong></span> <span class='ocrx_word' id='word_1_412' title='bbox 1108 217 1209 247; x_wconf 77' lang='lat' dir='ltr'><strong>Male.</strong></span> <span class='ocrx_word' id='word_1_413' title='bbox 1238 217 1386 247; x_wconf 77' lang='lat' dir='ltr'><strong>Ducitur</strong></span> <span class='ocrx_word' id='word_1_414' title='bbox 1412 227 1432 246; x_wconf 85' lang='lat' dir='ltr'><strong>a</strong></span> <span class='ocrx_word' id='word_1_415' title='bbox 1460 218 1658 256; x_wconf 80' lang='lat' dir='ltr'><strong>sagittariis,</strong></span> 
     </span>
     <span class='ocr_line' id='line_1_70' title="bbox 920 260 1660 303; baseline 0.001 -13"><span class='ocrx_word' id='word_1_416' title='bbox 920 262 977 300; x_wconf 90' lang='grc'><strong>(1111</strong></span> <span class='ocrx_word' id='word_1_417' title='bbox 996 272 1024 291; x_wconf 82' lang='grc' dir='ltr'><strong>ν.</strong></span> <span class='ocrx_word' id='word_1_418' title='bbox 1042 272 1070 291; x_wconf 83' lang='lat' dir='ltr'><strong>e.</strong></span> <span class='ocrx_word' id='word_1_419' title='bbox 1087 261 1288 300; x_wconf 78' lang='lat' dir='ltr'><strong>avesfigere</strong></span> <span class='ocrx_word' id='word_1_420' title='bbox 1310 260 1472 290; x_wconf 83' lang='lat' dir='ltr'><strong>dicuntur</strong></span> <span class='ocrx_word' id='word_1_421' title='bbox 1495 261 1584 301; x_wconf 85' lang='lat' dir='ltr'><strong>apud</strong></span> <span class='ocrx_word' id='word_1_422' title='bbox 1609 263 1660 303; x_wconf 90' lang='lat' dir='ltr'><strong>ip-</strong></span> 
     </span>
     <span class='ocr_line' id='line_1_71' title="bbox 921 305 1226 335; baseline 0 -1"><span class='ocrx_word' id='word_1_423' title='bbox 921 315 996 335; x_wconf 79' lang='lat' dir='ltr'><strong>sum</strong></span> <span class='ocrx_word' id='word_1_424' title='bbox 1016 305 1226 334; x_wconf 79' lang='lat' dir='ltr'><strong>Ciceronem.</strong></span> 
     </span>
    </p>

    <p class='ocr_par' dir='ltr' id='par_1_18' title="bbox 921 347 1663 694">
     <span class='ocr_line' id='line_1_72' title="bbox 965 347 1659 388; baseline 0.001 -10"><span class='ocrx_word' id='word_1_425' title='bbox 965 349 1103 387; x_wconf 51' lang='grc' dir='ltr'><strong>ἢμην-α.</strong></span> <span class='ocrx_word' id='word_1_426' title='bbox 1133 349 1190 378; x_wconf 86' lang='lat' dir='ltr'><strong>Or.</strong></span> <span class='ocrx_word' id='word_1_427' title='bbox 1204 349 1238 378; x_wconf 85' lang='lat' dir='ltr'><strong>ii.</strong></span> <span class='ocrx_word' id='word_1_428' title='bbox 1251 348 1435 388; x_wconf 70' lang='lat' dir='ltr'><strong>23.J1&#39;g·1c1·a</strong></span> <span class='ocrx_word' id='word_1_429' title='bbox 1450 347 1593 378; x_wconf 86' lang='lat' dir='ltr'><strong>dicendi.</strong></span> <span class='ocrx_word' id='word_1_430' title='bbox 1611 348 1659 379; x_wconf 93' lang='lat' dir='ltr'><strong>iii.</strong></span> 
     </span>
     <span class='ocr_line' id='line_1_73' title="bbox 922 390 1660 433; baseline -0.001 -10"><span class='ocrx_word' id='word_1_431' title='bbox 922 394 973 423; x_wconf 66' lang='lat'><strong>52.</strong></span> <span class='ocrx_word' id='word_1_432' title='bbox 987 393 1113 433; x_wconf 29' lang='lat' dir='ltr'><strong>‘figura</strong></span> <span class='ocrx_word' id='word_1_433' title='bbox 1127 393 1298 421; x_wconf 86' lang='lat' dir='ltr'><strong>orationis.</strong></span> <span class='ocrx_word' id='word_1_434' title='bbox 1312 394 1368 421; x_wconf 79' lang='lat' dir='ltr'><strong>Gr.</strong></span> <span class='ocrx_word' id='word_1_435' title='bbox 1383 390 1473 429; x_wconf 72' lang='grc' dir='ltr'>Ἰδέα,</span> <span class='ocrx_word' id='word_1_436' title='bbox 1489 398 1539 422; x_wconf 80' lang='lat' dir='ltr'><strong>est</strong></span> <span class='ocrx_word' id='word_1_437' title='bbox 1553 402 1660 431; x_wconf 79' lang='lat' dir='ltr'><strong>genus</strong></span> 
     </span>
     <span class='ocr_line' id='line_1_74' title="bbox 921 436 1661 474; baseline 0 -9"><span class='ocrx_word' id='word_1_438' title='bbox 921 436 1068 472; x_wconf 76' lang='lat' dir='ltr'><strong>dicendi,</strong></span> <span class='ocrx_word' id='word_1_439' title='bbox 1085 440 1260 474; x_wconf 80' lang='lat' dir='ltr'><strong>tamquam</strong></span> <span class='ocrx_word' id='word_1_440' title='bbox 1287 441 1404 471; x_wconf 78' lang='lat' dir='ltr'><strong>tenue,</strong></span> <span class='ocrx_word' id='word_1_441' title='bbox 1422 442 1481 466; x_wconf 85' lang='lat' dir='ltr'><strong>aut</strong></span> <span class='ocrx_word' id='word_1_442' title='bbox 1502 436 1661 474; x_wconf 80' lang='lat' dir='ltr'><strong>sublime,</strong></span> 
     </span>
     <span class='ocr_line' id='line_1_75' title="bbox 922 479 1662 511; baseline 0.003 -2"><span class='ocrx_word' id='word_1_443' title='bbox 922 483 981 509; x_wconf 86' lang='lat' dir='ltr'><strong>aut</strong></span> <span class='ocrx_word' id='word_1_444' title='bbox 998 479 1158 509; x_wconf 82' lang='lat' dir='ltr'><strong>inedium.</strong></span> <span class='ocrx_word' id='word_1_445' title='bbox 1182 480 1234 509; x_wconf 87' lang='lat' dir='ltr'><strong>De</strong></span> <span class='ocrx_word' id='word_1_446' title='bbox 1253 480 1290 509; x_wconf 81' lang='lat' dir='ltr'><strong>iis</strong></span> <span class='ocrx_word' id='word_1_447' title='bbox 1307 480 1422 509; x_wconf 71' lang='lat' dir='ltr'><strong>formis</strong></span> <span class='ocrx_word' id='word_1_448' title='bbox 1435 480 1612 509; x_wconf 79' lang='lat' dir='ltr'><strong>verborum</strong></span> <span class='ocrx_word' id='word_1_449' title='bbox 1626 484 1662 511; x_wconf 82' lang='lat' dir='ltr'><strong>et</strong></span> 
     </span>
     <span class='ocr_line' id='line_1_76' title="bbox 921 523 1662 562; baseline 0.001 -9"><span class='ocrx_word' id='word_1_450' title='bbox 921 524 1166 553; x_wconf 80' lang='lat' dir='ltr'><strong>sententiarum</strong></span> <span class='ocrx_word' id='word_1_451' title='bbox 1181 523 1300 561; x_wconf 83' lang='lat' dir='ltr'><strong>quibus</strong></span> <span class='ocrx_word' id='word_1_452' title='bbox 1319 533 1376 553; x_wconf 75' lang='lat' dir='ltr'><strong>nos</strong></span> <span class='ocrx_word' id='word_1_453' title='bbox 1394 523 1549 562; x_wconf 80' lang='lat' dir='ltr'><strong>dicimus,</strong></span> <span class='ocrx_word' id='word_1_454' title='bbox 1566 524 1662 554; x_wconf 82' lang='lat' dir='ltr'><strong>Cice-</strong></span> 
     </span>
     <span class='ocr_line' id='line_1_77' title="bbox 923 567 1663 607; baseline 0 -10"><span class='ocrx_word' id='word_1_455' title='bbox 923 578 958 597; x_wconf 90' lang='lat' dir='ltr'><strong>ro</strong></span> <span class='ocrx_word' id='word_1_456' title='bbox 977 577 1043 597; x_wconf 89' lang='lat' dir='ltr'><strong>non</strong></span> <span class='ocrx_word' id='word_1_457' title='bbox 1061 567 1156 603; x_wconf 85' lang='lat' dir='ltr'><strong>dicit,</strong></span> <span class='ocrx_word' id='word_1_458' title='bbox 1173 567 1234 597; x_wconf 73' lang='lat' dir='ltr'><strong>nisi</strong></span> <span class='ocrx_word' id='word_1_459' title='bbox 1252 567 1366 596; x_wconf 75' lang='lat' dir='ltr'><strong>addita</strong></span> <span class='ocrx_word' id='word_1_460' title='bbox 1381 567 1492 606; x_wconf 85' lang='lat' dir='ltr'><strong>aliqua</strong></span> <span class='ocrx_word' id='word_1_461' title='bbox 1515 568 1663 607; x_wconf 77' lang='lat' dir='ltr'><strong>particu-</strong></span> 
     </span>
     <span class='ocr_line' id='line_1_78' title="bbox 924 610 1663 650; baseline 0.004 -10"><span class='ocrx_word' id='word_1_462' title='bbox 924 612 967 648; x_wconf 83' lang='lat' dir='ltr'><strong>la,</strong></span> <span class='ocrx_word' id='word_1_463' title='bbox 986 616 1024 641; x_wconf 84' lang='lat' dir='ltr'><strong>ut</strong></span> <span class='ocrx_word' id='word_1_464' title='bbox 1042 610 1081 640; x_wconf 79' lang='lat' dir='ltr'><strong>dc</strong></span> <span class='ocrx_word' id='word_1_465' title='bbox 1097 619 1167 650; x_wconf 80' lang='lat' dir='ltr'><strong>opt.</strong></span> <span class='ocrx_word' id='word_1_466' title='bbox 1185 620 1261 650; x_wconf 80' lang='lat' dir='ltr'><strong>gen.</strong></span> <span class='ocrx_word' id='word_1_467' title='bbox 1290 611 1347 641; x_wconf 89' lang='lat' dir='ltr'><strong>Or.</strong></span> <span class='ocrx_word' id='word_1_468' title='bbox 1364 614 1394 641; x_wconf 86' lang='lat'><strong>5.</strong></span> <span class='ocrx_word' id='word_1_469' title='bbox 1425 612 1605 642; x_wconf 81' lang='lat' dir='ltr'><strong>sententiis</strong></span> <span class='ocrx_word' id='word_1_470' title='bbox 1627 616 1663 644; x_wconf 88' lang='lat' dir='ltr'><strong>et</strong></span> 
     </span>
     <span class='ocr_line' id='line_1_79' title="bbox 923 654 1513 694; baseline 0.002 -10"><span class='ocrx_word' id='word_1_471' title='bbox 923 665 1040 684; x_wconf 71' lang='lat' dir='ltr'><strong>earum</strong></span> <span class='ocrx_word' id='word_1_472' title='bbox 1058 654 1186 692; x_wconf 79' lang='lat' dir='ltr'><strong>formis,</strong></span> <span class='ocrx_word' id='word_1_473' title='bbox 1201 654 1513 694; x_wconf 50' lang='lat' dir='ltr'><strong>tanquamfigmss.</strong></span> 
     </span>
    </p>

    <p class='ocr_par' dir='ltr' id='par_1_19' title="bbox 966 698 1370 729">
     <span class='ocr_line' id='line_1_80' title="bbox 966 698 1370 729; baseline 0 0"><span class='ocrx_word' id='word_1_474' title='bbox 966 699 1136 729; x_wconf 74' lang='lat' dir='ltr'><strong>Faelieatus.</strong></span> <span class='ocrx_word' id='word_1_475' title='bbox 1155 709 1184 728; x_wconf 66' lang='lat' dir='ltr'><strong>V.</strong></span> <span class='ocrx_word' id='word_1_476' title='bbox 1202 698 1370 729; x_wconf 84' lang='lat' dir='ltr'><strong>felicatus.</strong></span> 
     </span>
    </p>

    <p class='ocr_par' dir='ltr' id='par_1_20' title="bbox 924 742 1668 1176">
     <span class='ocr_line' id='line_1_81' title="bbox 968 742 1664 783; baseline 0.001 -11"><span class='ocrx_word' id='word_1_477' title='bbox 968 743 1089 773; x_wconf 65' lang='grc' dir='ltr'><strong>Νίκη).</strong></span> <span class='ocrx_word' id='word_1_478' title='bbox 1123 743 1180 772; x_wconf 86' lang='lat' dir='ltr'><strong>Or.</strong></span> <span class='ocrx_word' id='word_1_479' title='bbox 1209 743 1255 772; x_wconf 90' lang='lat' dir='ltr'><strong>iii.</strong></span> <span class='ocrx_word' id='word_1_480' title='bbox 1282 742 1335 773; x_wconf 65' lang='lat'><strong>⁶26.</strong></span> <span class='ocrx_word' id='word_1_481' title='bbox 1355 742 1462 783; x_wconf 78' lang='lat' dir='ltr'><strong>filum</strong></span> <span class='ocrx_word' id='word_1_482' title='bbox 1488 743 1664 782; x_wconf 83' lang='lat' dir='ltr'><strong>orationis,</strong></span> 
     </span>
     <span class='ocr_line' id='line_1_82' title="bbox 924 786 1664 827; baseline 0.003 -12"><span class='ocrx_word' id='word_1_483' title='bbox 924 791 974 816; x_wconf 77' lang='lat' dir='ltr'><strong>est</strong></span> <span class='ocrx_word' id='word_1_484' title='bbox 999 787 1109 826; x_wconf 84' lang='lat' dir='ltr'><strong>ipsum</strong></span> <span class='ocrx_word' id='word_1_485' title='bbox 1127 796 1233 825; x_wconf 79' lang='lat' dir='ltr'><strong>genus</strong></span> <span class='ocrx_word' id='word_1_486' title='bbox 1256 786 1401 823; x_wconf 81' lang='lat' dir='ltr'><strong>dicendi,</strong></span> <span class='ocrx_word' id='word_1_487' title='bbox 1420 786 1508 825; x_wconf 90' lang='lat' dir='ltr'><strong>quod</strong></span> <span class='ocrx_word' id='word_1_488' title='bbox 1532 787 1664 827; x_wconf 82' lang='lat' dir='ltr'><strong>patebit</strong></span> 
     </span>
     <span class='ocr_line' id='line_1_83' title="bbox 924 830 1666 871; baseline 0.001 -11"><span class='ocrx_word' id='word_1_489' title='bbox 924 831 1111 871; x_wconf 66' lang='lat' dir='ltr'><strong>conferenti</strong></span> <span class='ocrx_word' id='word_1_490' title='bbox 1143 830 1200 859; x_wconf 91' lang='lat' dir='ltr'><strong>Or.</strong></span> <span class='ocrx_word' id='word_1_491' title='bbox 1228 831 1262 860; x_wconf 92' lang='lat' dir='ltr'><strong>ii.</strong></span> <span class='ocrx_word' id='word_1_492' title='bbox 1294 832 1346 861; x_wconf 72' lang='lat'><strong>2⁶2.</strong></span> <span class='ocrx_word' id='word_1_493' title='bbox 1381 831 1438 861; x_wconf 86' lang='lat' dir='ltr'><strong>Or.</strong></span> <span class='ocrx_word' id='word_1_494' title='bbox 1469 831 1522 861; x_wconf 76' lang='lat'><strong>36.</strong></span> <span class='ocrx_word' id='word_1_495' title='bbox 1556 830 1666 871; x_wconf 71' lang='lat' dir='ltr'><strong>²⁸¹²Ipsa.</strong></span> 
     </span>
     <span class='ocr_line' id='line_1_84' title="bbox 924 874 1665 909; baseline 0.001 -6"><span class='ocrx_word' id='word_1_496' title='bbox 924 875 1045 909; x_wconf 81' lang='lat' dir='ltr'><strong>oratio,</strong></span> <span class='ocrx_word' id='word_1_497' title='bbox 1064 875 1193 903; x_wconf 85' lang='lat' dir='ltr'><strong>ratione</strong></span> <span class='ocrx_word' id='word_1_498' title='bbox 1212 875 1374 904; x_wconf 81' lang='lat' dir='ltr'><strong>materiae.</strong></span> <span class='ocrx_word' id='word_1_499' title='bbox 1400 874 1480 904; x_wconf 81' lang='lat' dir='ltr'><strong>Lael.</strong></span> <span class='ocrx_word' id='word_1_500' title='bbox 1496 879 1527 909; x_wconf 87' lang='lat'><strong>7.</strong></span> <span class='ocrx_word' id='word_1_501' title='bbox 1552 875 1665 905; x_wconf 83' lang='lat' dir='ltr'><strong>audivi</strong></span> 
     </span>
     <span class='ocr_line' id='line_1_85' title="bbox 925 918 1666 958; baseline 0.001 -10"><span class='ocrx_word' id='word_1_502' title='bbox 925 928 993 948; x_wconf 87' lang='lat' dir='ltr'><strong>non</strong></span> <span class='ocrx_word' id='word_1_503' title='bbox 1015 919 1139 947; x_wconf 80' lang='lat' dir='ltr'><strong>invitus</strong></span> <span class='ocrx_word' id='word_1_504' title='bbox 1167 919 1337 957; x_wconf 79' lang='lat' dir='ltr'><strong>equidem,</strong></span> <span class='ocrx_word' id='word_1_505' title='bbox 1362 918 1419 948; x_wconf 87' lang='lat' dir='ltr'><strong>sed</strong></span> <span class='ocrx_word' id='word_1_506' title='bbox 1443 918 1534 948; x_wconf 84' lang='lat' dir='ltr'><strong>aliud</strong></span> <span class='ocrx_word' id='word_1_507' title='bbox 1560 919 1666 958; x_wconf 83' lang='lat' dir='ltr'><strong>quod-</strong></span> 
     </span>
     <span class='ocr_line' id='line_1_86' title="bbox 925 962 1666 1001; baseline 0.001 -9"><span class='ocrx_word' id='word_1_508' title='bbox 925 962 1002 992; x_wconf 78' lang='lat' dir='ltr'><strong>dam</strong></span> <span class='ocrx_word' id='word_1_509' title='bbox 1020 962 1209 1001; x_wconf 75' lang='lat' dir='ltr'><strong>expetimus</strong></span> <span class='ocrx_word' id='word_1_510' title='bbox 1230 962 1325 999; x_wconf 80' lang='lat' dir='ltr'><strong>filum</strong></span> <span class='ocrx_word' id='word_1_511' title='bbox 1351 962 1510 992; x_wconf 83' lang='lat' dir='ltr'><strong>orationis</strong></span> <span class='ocrx_word' id='word_1_512' title='bbox 1532 967 1614 1000; x_wconf 84' lang='lat' dir='ltr'><strong>tuae,</strong></span> <span class='ocrx_word' id='word_1_513' title='bbox 1631 962 1666 993; x_wconf 90' lang='lat' dir='ltr'><strong>h.</strong></span> 
     </span>
     <span class='ocr_line' id='line_1_87' title="bbox 926 1005 1668 1046; baseline 0.001 -10"><span class='ocrx_word' id='word_1_514' title='bbox 926 1017 953 1036; x_wconf 91' lang='lat' dir='ltr'><strong>e.</strong></span> <span class='ocrx_word' id='word_1_515' title='bbox 982 1006 1021 1035; x_wconf 89' lang='lat' dir='ltr'><strong>de</strong></span> <span class='ocrx_word' id='word_1_516' title='bbox 1051 1005 1117 1035; x_wconf 80' lang='lat' dir='ltr'><strong>alia</strong></span> <span class='ocrx_word' id='word_1_517' title='bbox 1139 1016 1172 1034; x_wconf 82' lang='lat' dir='ltr'><strong>rc</strong></span> <span class='ocrx_word' id='word_1_518' title='bbox 1200 1011 1234 1035; x_wconf 80' lang='lat' dir='ltr'><strong>te</strong></span> <span class='ocrx_word' id='word_1_519' title='bbox 1260 1006 1375 1035; x_wconf 85' lang='lat' dir='ltr'><strong>audire</strong></span> <span class='ocrx_word' id='word_1_520' title='bbox 1404 1007 1570 1046; x_wconf 86' lang='lat' dir='ltr'><strong>cupimus.</strong></span> <span class='ocrx_word' id='word_1_521' title='bbox 1593 1006 1668 1037; x_wconf 70' lang='lat' dir='ltr'><strong>*ad</strong></span> 
     </span>
     <span class='ocr_line' id='line_1_88' title="bbox 926 1049 1667 1088; baseline 0 -8"><span class='ocrx_word' id='word_1_522' title='bbox 926 1050 1003 1080; x_wconf 77' lang='lat' dir='ltr'><strong>Div.</strong></span> <span class='ocrx_word' id='word_1_523' title='bbox 1038 1050 1080 1079; x_wconf 84' lang='lat' dir='ltr'><strong>ix.</strong></span> <span class='ocrx_word' id='word_1_524' title='bbox 1118 1052 1165 1080; x_wconf 66' lang='lat'><strong>12.</strong></span> <span class='ocrx_word' id='word_1_525' title='bbox 1207 1049 1449 1079; x_wconf 77' lang='lat' dir='ltr'><strong>munusculum</strong></span> <span class='ocrx_word' id='word_1_526' title='bbox 1486 1051 1667 1088; x_wconf 72' lang='lat' dir='ltr'><strong>levidense,</strong></span> 
     </span>
     <span class='ocr_line' id='line_1_89' title="bbox 927 1093 1667 1133; baseline 0.004 -11"><span class='ocrx_word' id='word_1_527' title='bbox 927 1094 1117 1133; x_wconf 81' lang='lat' dir='ltr'><strong>crassofilo.</strong></span> <span class='ocrx_word' id='word_1_528' title='bbox 1136 1093 1199 1123; x_wconf 85' lang='lat' dir='ltr'><strong>vid.</strong></span> <span class='ocrx_word' id='word_1_529' title='bbox 1214 1093 1330 1123; x_wconf 81' lang='lat' dir='ltr'><strong>Rurm.</strong></span> <span class='ocrx_word' id='word_1_530' title='bbox 1349 1093 1390 1123; x_wconf 84' lang='lat' dir='ltr'><strong>ad</strong></span> <span class='ocrx_word' id='word_1_531' title='bbox 1406 1094 1502 1124; x_wconf 85' lang='lat' dir='ltr'><strong>Ovid.</strong></span> <span class='ocrx_word' id='word_1_532' title='bbox 1518 1094 1556 1124; x_wconf 94' lang='lat' dir='ltr'><strong>A.</strong></span> <span class='ocrx_word' id='word_1_533' title='bbox 1574 1095 1595 1125; x_wconf 93' lang='lat' dir='ltr'><strong>i.</strong></span> <span class='ocrx_word' id='word_1_534' title='bbox 1618 1097 1667 1125; x_wconf 79' lang='lat'><strong>14.</strong></span> 
     </span>
     <span class='ocr_line' id='line_1_90' title="bbox 927 1137 1456 1176; baseline 0.004 -10"><span class='ocrx_word' id='word_1_535' title='bbox 927 1142 957 1172; x_wconf 74' lang='lat' dir='ltr'><strong>T.</strong></span> <span class='ocrx_word' id='word_1_536' title='bbox 985 1138 1041 1176; x_wconf 83' lang='lat' dir='ltr'><strong>qui</strong></span> <span class='ocrx_word' id='word_1_537' title='bbox 1059 1142 1093 1166; x_wconf 82' lang='lat' dir='ltr'><strong>et</strong></span> <span class='ocrx_word' id='word_1_538' title='bbox 1110 1137 1278 1167; x_wconf 80' lang='lat' dir='ltr'><strong>levidense</strong></span> <span class='ocrx_word' id='word_1_539' title='bbox 1295 1138 1456 1168; x_wconf 84' lang='lat' dir='ltr'><strong>defendit.</strong></span> 
     </span>
    </p>

    <p class='ocr_par' dir='ltr' id='par_1_21' title="bbox 928 1181 1671 1486">
     <span class='ocr_line' id='line_1_91' title="bbox 972 1181 1668 1223; baseline 0.003 -12"><span class='ocrx_word' id='word_1_540' title='bbox 972 1181 1130 1212; x_wconf 60' lang='lat' dir='ltr'><strong>Fimbria.</strong></span> <span class='ocrx_word' id='word_1_541' title='bbox 1165 1182 1274 1211; x_wconf 79' lang='lat' dir='ltr'><strong>Pison.</strong></span> <span class='ocrx_word' id='word_1_542' title='bbox 1307 1185 1357 1211; x_wconf 93' lang='lat' dir='ltr'><strong>ll.</strong></span> <span class='ocrx_word' id='word_1_543' title='bbox 1391 1181 1563 1212; x_wconf 84' lang='lat' dir='ltr'><strong>madentes</strong></span> <span class='ocrx_word' id='word_1_544' title='bbox 1580 1182 1668 1223; x_wconf 84' lang='lat' dir='ltr'><strong>fim-</strong></span> 
     </span>
     <span class='ocr_line' id='line_1_92' title="bbox 928 1226 1667 1257; baseline 0.004 -3"><span class='ocrx_word' id='word_1_545' title='bbox 928 1226 1005 1255; x_wconf 75' lang='lat' dir='ltr'><strong>brice</strong></span> <span class='ocrx_word' id='word_1_546' title='bbox 1021 1226 1267 1256; x_wconf 86' lang='lat' dir='ltr'><strong>cincinnorum.</strong></span> <span class='ocrx_word' id='word_1_547' title='bbox 1314 1226 1467 1256; x_wconf 65' lang='lat' dir='ltr'><strong>Fimhrioe</strong></span> <span class='ocrx_word' id='word_1_548' title='bbox 1486 1232 1566 1256; x_wconf 89' lang='lat' dir='ltr'><strong>sunt</strong></span> <span class='ocrx_word' id='word_1_549' title='bbox 1589 1227 1667 1257; x_wconf 87' lang='lat' dir='ltr'><strong>cirri</strong></span> 
     </span>
     <span class='ocr_line' id='line_1_93' title="bbox 928 1269 1670 1309; baseline 0.001 -10"><span class='ocrx_word' id='word_1_550' title='bbox 928 1269 1140 1309; x_wconf 76' lang='lat' dir='ltr'><strong>capillorum,</strong></span> <span class='ocrx_word' id='word_1_551' title='bbox 1165 1271 1395 1300; x_wconf 79' lang='lat' dir='ltr'><strong>extremitates</strong></span> <span class='ocrx_word' id='word_1_552' title='bbox 1420 1269 1670 1300; x_wconf 79' lang='lat' dir='ltr'><strong>calamistratae.</strong></span> 
     </span>
     <span class='ocr_line' id='line_1_94' title="bbox 930 1313 1667 1353; baseline 0.003 -11"><span class='ocrx_word' id='word_1_553' title='bbox 930 1314 1063 1342; x_wconf 66' lang='lat' dir='ltr'><strong>Sei-vius</strong></span> <span class='ocrx_word' id='word_1_554' title='bbox 1082 1313 1164 1352; x_wconf 81' lang='lat' dir='ltr'><strong>legit</strong></span> <span class='ocrx_word' id='word_1_555' title='bbox 1182 1313 1215 1343; x_wconf 89' lang='lat' dir='ltr'><strong>h.</strong></span> <span class='ocrx_word' id='word_1_556' title='bbox 1231 1314 1252 1343; x_wconf 94' lang='grc'><strong>1.</strong></span> <span class='ocrx_word' id='word_1_557' title='bbox 1267 1314 1371 1350; x_wconf 79' lang='lat' dir='ltr'><strong>flbrae,</strong></span> <span class='ocrx_word' id='word_1_558' title='bbox 1387 1314 1474 1353; x_wconf 86' lang='lat' dir='ltr'><strong>quod</strong></span> <span class='ocrx_word' id='word_1_559' title='bbox 1490 1314 1578 1344; x_wconf 86' lang='lat' dir='ltr'><strong>idem</strong></span> <span class='ocrx_word' id='word_1_560' title='bbox 1596 1324 1667 1344; x_wconf 84' lang='lat' dir='ltr'><strong>esse</strong></span> 
     </span>
     <span class='ocr_line' id='line_1_95' title="bbox 929 1356 1668 1397; baseline 0.004 -11"><span class='ocrx_word' id='word_1_561' title='bbox 929 1357 1026 1387; x_wconf 79' lang='lat' dir='ltr'><strong>docet</strong></span> <span class='ocrx_word' id='word_1_562' title='bbox 1051 1356 1190 1387; x_wconf 79' lang='lat' dir='ltr'><strong>Salmas.</strong></span> <span class='ocrx_word' id='word_1_563' title='bbox 1216 1357 1257 1387; x_wconf 86' lang='lat' dir='ltr'><strong>ad</strong></span> <span class='ocrx_word' id='word_1_564' title='bbox 1284 1358 1467 1397; x_wconf 82' lang='lat' dir='ltr'><strong>Capitolini</strong></span> <span class='ocrx_word' id='word_1_565' title='bbox 1492 1358 1619 1388; x_wconf 80' lang='lat' dir='ltr'><strong>Pertin.</strong></span> <span class='ocrx_word' id='word_1_566' title='bbox 1636 1362 1668 1389; x_wconf 81' lang='grc'><strong>8.</strong></span> 
     </span>
     <span class='ocr_line' id='line_1_96' title="bbox 929 1401 1671 1442; baseline 0.003 -12"><span class='ocrx_word' id='word_1_567' title='bbox 929 1411 1007 1431; x_wconf 81' lang='lat' dir='ltr'><strong>nam</strong></span> <span class='ocrx_word' id='word_1_568' title='bbox 1023 1401 1172 1441; x_wconf 71' lang='lat' dir='ltr'><strong>fimhrlce</strong></span> <span class='ocrx_word' id='word_1_569' title='bbox 1194 1406 1228 1431; x_wconf 89' lang='lat' dir='ltr'><strong>et</strong></span> <span class='ocrx_word' id='word_1_570' title='bbox 1254 1402 1343 1431; x_wconf 63' lang='lat' dir='ltr'><strong>fibrae</strong></span> <span class='ocrx_word' id='word_1_571' title='bbox 1365 1408 1446 1432; x_wconf 75' lang='lat' dir='ltr'><strong>sunt</strong></span> <span class='ocrx_word' id='word_1_572' title='bbox 1464 1403 1597 1442; x_wconf 81' lang='lat' dir='ltr'><strong>proprie</strong></span> <span class='ocrx_word' id='word_1_573' title='bbox 1613 1412 1671 1432; x_wconf 80' lang='lat' dir='ltr'><strong>ex-</strong></span> 
     </span>
     <span class='ocr_line' id='line_1_97' title="bbox 930 1446 1620 1486; baseline 0.003 -12"><span class='ocrx_word' id='word_1_574' title='bbox 930 1446 1119 1474; x_wconf 84' lang='lat' dir='ltr'><strong>tremitates</strong></span> <span class='ocrx_word' id='word_1_575' title='bbox 1139 1455 1263 1475; x_wconf 86' lang='lat' dir='ltr'><strong>rerum.</strong></span> <span class='ocrx_word' id='word_1_576' title='bbox 1283 1446 1325 1475; x_wconf 87' lang='lat' dir='ltr'><strong>cf.</strong></span> <span class='ocrx_word' id='word_1_577' title='bbox 1345 1446 1386 1475; x_wconf 86' lang='lat' dir='ltr'><strong>ad</strong></span> <span class='ocrx_word' id='word_1_578' title='bbox 1403 1446 1505 1475; x_wconf 81' lang='lat' dir='ltr'><strong>Solin.</strong></span> <span class='ocrx_word' id='word_1_579' title='bbox 1522 1457 1553 1486; x_wconf 90' lang='lat' dir='ltr'><strong>p.</strong></span> <span class='ocrx_word' id='word_1_580' title='bbox 1566 1450 1620 1480; x_wconf 81' lang='grc'><strong>99.</strong></span> 
     </span>
    </p>

    <p class='ocr_par' dir='ltr' id='par_1_22' title="bbox 930 1489 1679 2145">
     <span class='ocr_line' id='line_1_98' title="bbox 975 1489 1671 1529; baseline 0.001 -10"><span class='ocrx_word' id='word_1_581' title='bbox 975 1489 1087 1527; x_wconf 71' lang='lat' dir='ltr'><strong>Fingo.</strong></span> <span class='ocrx_word' id='word_1_582' title='bbox 1113 1489 1210 1519; x_wconf 86' lang='lat' dir='ltr'><strong>Brut.</strong></span> <span class='ocrx_word' id='word_1_583' title='bbox 1223 1492 1275 1520; x_wconf 90' lang='grc'><strong>31.</strong></span> <span class='ocrx_word' id='word_1_584' title='bbox 1289 1490 1444 1529; x_wconf 69' lang='lat' dir='ltr'><strong>fingitur</strong></span> <span class='ocrx_word' id='word_1_585' title='bbox 1459 1491 1566 1520; x_wconf 76' lang='lat' dir='ltr'><strong>oratio</strong></span> <span class='ocrx_word' id='word_1_586' title='bbox 1579 1500 1671 1520; x_wconf 87' lang='lat' dir='ltr'><strong>com-</strong></span> 
     </span>
     <span class='ocr_line' id='line_1_99' title="bbox 930 1533 1672 1575; baseline 0.005 -13"><span class='ocrx_word' id='word_1_587' title='bbox 930 1533 1063 1563; x_wconf 70' lang='lat' dir='ltr'><strong>modius</strong></span> <span class='ocrx_word' id='word_1_588' title='bbox 1081 1533 1101 1562; x_wconf 88' lang='lat' dir='ltr'><strong>i.</strong></span> <span class='ocrx_word' id='word_1_589' title='bbox 1119 1544 1146 1562; x_wconf 88' lang='lat' dir='ltr'><strong>e.</strong></span> <span class='ocrx_word' id='word_1_590' title='bbox 1165 1533 1368 1564; x_wconf 77' lang='lat' dir='ltr'><strong>elaboratur.</strong></span> <span class='ocrx_word' id='word_1_591' title='bbox 1399 1533 1481 1564; x_wconf 81' lang='lat' dir='ltr'><strong>Sull.</strong></span> <span class='ocrx_word' id='word_1_592' title='bbox 1499 1536 1552 1565; x_wconf 70' lang='lat'><strong>28.</strong></span> <span class='ocrx_word' id='word_1_593' title='bbox 1575 1534 1672 1575; x_wconf 73' lang='lat' dir='ltr'><strong>fingi</strong></span> 
     </span>
     <span class='ocr_line' id='line_1_100' title="bbox 932 1577 1671 1617; baseline 0.004 -11"><span class='ocrx_word' id='word_1_594' title='bbox 932 1582 1054 1607; x_wconf 85' lang='lat' dir='ltr'><strong>natura</strong></span> <span class='ocrx_word' id='word_1_595' title='bbox 1080 1577 1192 1606; x_wconf 87' lang='lat' dir='ltr'><strong>subito</strong></span> <span class='ocrx_word' id='word_1_596' title='bbox 1217 1587 1284 1607; x_wconf 89' lang='lat' dir='ltr'><strong>non</strong></span> <span class='ocrx_word' id='word_1_597' title='bbox 1312 1582 1435 1617; x_wconf 78' lang='lat' dir='ltr'><strong>potest.</strong></span> <span class='ocrx_word' id='word_1_598' title='bbox 1470 1579 1528 1608; x_wconf 87' lang='lat' dir='ltr'><strong>Or.</strong></span> <span class='ocrx_word' id='word_1_599' title='bbox 1554 1579 1588 1608; x_wconf 88' lang='lat' dir='ltr'><strong>ii.</strong></span> <span class='ocrx_word' id='word_1_600' title='bbox 1617 1580 1671 1609; x_wconf 70' lang='lat'><strong>28.</strong></span> 
     </span>
     <span class='ocr_line' id='line_1_101' title="bbox 932 1622 1673 1662; baseline 0.003 -12"><span class='ocrx_word' id='word_1_601' title='bbox 932 1626 1057 1658; x_wconf 83' lang='lat' dir='ltr'><strong>orator,</strong></span> <span class='ocrx_word' id='word_1_602' title='bbox 1089 1631 1188 1660; x_wconf 88' lang='lat' dir='ltr'><strong>quem</strong></span> <span class='ocrx_word' id='word_1_603' title='bbox 1222 1631 1312 1651; x_wconf 90' lang='lat' dir='ltr'><strong>nunc</strong></span> <span class='ocrx_word' id='word_1_604' title='bbox 1330 1622 1442 1662; x_wconf 73' lang='lat' dir='ltr'><strong>fingo,</strong></span> <span class='ocrx_word' id='word_1_605' title='bbox 1470 1622 1503 1652; x_wconf 89' lang='lat' dir='ltr'><strong>h.</strong></span> <span class='ocrx_word' id='word_1_606' title='bbox 1535 1626 1586 1652; x_wconf 86' lang='lat' dir='ltr'><strong>est</strong></span> <span class='ocrx_word' id='word_1_607' title='bbox 1614 1622 1673 1661; x_wconf 87' lang='lat' dir='ltr'><strong>qui</strong></span> 
     </span>
     <span class='ocr_line' id='line_1_102' title="bbox 932 1665 1668 1704; baseline 0.003 -10"><span class='ocrx_word' id='word_1_608' title='bbox 932 1665 1039 1704; x_wconf 76' lang='lat' dir='ltr'><strong>qualis</strong></span> <span class='ocrx_word' id='word_1_609' title='bbox 1055 1675 1126 1694; x_wconf 76' lang='lat' dir='ltr'><strong>esse</strong></span> <span class='ocrx_word' id='word_1_610' title='bbox 1144 1665 1278 1703; x_wconf 82' lang='lat' dir='ltr'><strong>debeat,</strong></span> <span class='ocrx_word' id='word_1_611' title='bbox 1296 1666 1409 1695; x_wconf 86' lang='lat' dir='ltr'><strong>doceo.</strong></span> <span class='ocrx_word' id='word_1_612' title='bbox 1433 1666 1534 1696; x_wconf 78' lang='lat' dir='ltr'><strong>Tusc.</strong></span> <span class='ocrx_word' id='word_1_613' title='bbox 1551 1667 1596 1696; x_wconf 81' lang='lat' dir='ltr'><strong>iii.</strong></span> <span class='ocrx_word' id='word_1_614' title='bbox 1618 1669 1668 1700; x_wconf 82' lang='lat'><strong>15.</strong></span> 
     </span>
     <span class='ocr_line' id='line_1_103' title="bbox 932 1708 1673 1750; baseline 0.003 -12"><span class='ocrx_word' id='word_1_615' title='bbox 932 1708 1045 1739; x_wconf 69' lang='lat' dir='ltr'><strong>vultus</strong></span> <span class='ocrx_word' id='word_1_616' title='bbox 1062 1719 1080 1738; x_wconf 78' lang='lat' dir='ltr'><strong>a</strong></span> <span class='ocrx_word' id='word_1_617' title='bbox 1098 1709 1378 1749; x_wconf 70' lang='lat' dir='ltr'><strong>mentefing‘c&#39;tur.</strong></span> <span class='ocrx_word' id='word_1_618' title='bbox 1410 1710 1467 1740; x_wconf 87' lang='lat' dir='ltr'><strong>Or.</strong></span> <span class='ocrx_word' id='word_1_619' title='bbox 1487 1713 1516 1740; x_wconf 80' lang='grc'><strong>8.</strong></span> <span class='ocrx_word' id='word_1_620' title='bbox 1536 1710 1673 1750; x_wconf 76' lang='lat' dir='ltr'><strong>fingere</strong></span> 
     </span>
     <span class='ocr_line' id='line_1_104' title="bbox 931 1753 1673 1785; baseline 0.003 -3"><span class='ocrx_word' id='word_1_621' title='bbox 931 1757 1043 1782; x_wconf 86' lang='lat' dir='ltr'><strong>totum</strong></span> <span class='ocrx_word' id='word_1_622' title='bbox 1069 1763 1103 1782; x_wconf 88' lang='lat' dir='ltr'><strong>se</strong></span> <span class='ocrx_word' id='word_1_623' title='bbox 1127 1753 1169 1782; x_wconf 81' lang='lat' dir='ltr'><strong>ad</strong></span> <span class='ocrx_word' id='word_1_624' title='bbox 1193 1753 1331 1783; x_wconf 79' lang='lat' dir='ltr'><strong>alterius</strong></span> <span class='ocrx_word' id='word_1_625' title='bbox 1356 1754 1533 1784; x_wconf 82' lang='lat' dir='ltr'><strong>arbitrium</strong></span> <span class='ocrx_word' id='word_1_626' title='bbox 1558 1758 1593 1785; x_wconf 89' lang='lat' dir='ltr'><strong>et</strong></span> <span class='ocrx_word' id='word_1_627' title='bbox 1610 1764 1673 1784; x_wconf 86' lang='lat' dir='ltr'><strong>nu-</strong></span> 
     </span>
     <span class='ocr_line' id='line_1_105' title="bbox 933 1796 1674 1838; baseline 0.003 -12"><span class='ocrx_word' id='word_1_628' title='bbox 933 1802 1020 1827; x_wconf 83' lang='lat' dir='ltr'><strong>tum.</strong></span> <span class='ocrx_word' id='word_1_629' title='bbox 1056 1796 1153 1827; x_wconf 87' lang='lat' dir='ltr'><strong>Brut.</strong></span> <span class='ocrx_word' id='word_1_630' title='bbox 1179 1800 1232 1828; x_wconf 73' lang='lat'><strong>38.</strong></span> <span class='ocrx_word' id='word_1_631' title='bbox 1253 1798 1390 1838; x_wconf 62' lang='lat' dir='ltr'><strong>fingere</strong></span> <span class='ocrx_word' id='word_1_632' title='bbox 1413 1799 1555 1835; x_wconf 83' lang='lat' dir='ltr'><strong>animos,</strong></span> <span class='ocrx_word' id='word_1_633' title='bbox 1581 1798 1614 1828; x_wconf 87' lang='lat' dir='ltr'><strong>h.</strong></span> <span class='ocrx_word' id='word_1_634' title='bbox 1643 1808 1674 1829; x_wconf 87' lang='lat' dir='ltr'><strong>e.</strong></span> 
     </span>
     <span class='ocr_line' id='line_1_106' title="bbox 935 1842 1674 1880; baseline 0.003 -10"><span class='ocrx_word' id='word_1_635' title='bbox 935 1842 1070 1870; x_wconf 77' lang='lat' dir='ltr'><strong>flectere</strong></span> <span class='ocrx_word' id='word_1_636' title='bbox 1084 1851 1243 1880; x_wconf 81' lang='lat' dir='ltr'><strong>quorsum</strong></span> <span class='ocrx_word' id='word_1_637' title='bbox 1256 1843 1354 1871; x_wconf 79' lang='lat' dir='ltr'><strong>velis:</strong></span> <span class='ocrx_word' id='word_1_638' title='bbox 1373 1842 1413 1871; x_wconf 84' lang='lat' dir='ltr'><strong>de</strong></span> <span class='ocrx_word' id='word_1_639' title='bbox 1426 1846 1567 1872; x_wconf 81' lang='lat' dir='ltr'><strong>oratore.</strong></span> <span class='ocrx_word' id='word_1_640' title='bbox 1592 1842 1674 1873; x_wconf 85' lang='lat' dir='ltr'><strong>Nat.</strong></span> 
     </span>
     <span class='ocr_line' id='line_1_107' title="bbox 933 1885 1676 1925; baseline 0.003 -11"><span class='ocrx_word' id='word_1_641' title='bbox 933 1885 977 1915; x_wconf 88' lang='lat' dir='ltr'><strong>D.</strong></span> <span class='ocrx_word' id='word_1_642' title='bbox 995 1885 1029 1915; x_wconf 82' lang='lat' dir='ltr'><strong>ii.</strong></span> <span class='ocrx_word' id='word_1_643' title='bbox 1048 1888 1099 1919; x_wconf 84' lang='lat'><strong>59.</strong></span> <span class='ocrx_word' id='word_1_644' title='bbox 1124 1885 1240 1924; x_wconf 80' lang='lat' dir='ltr'><strong>lingua</strong></span> <span class='ocrx_word' id='word_1_645' title='bbox 1249 1885 1357 1925; x_wconf 73' lang='lat' dir='ltr'><strong>fingit</strong></span> <span class='ocrx_word' id='word_1_646' title='bbox 1375 1896 1489 1915; x_wconf 77' lang='lat' dir='ltr'><strong>vocem</strong></span> <span class='ocrx_word' id='word_1_647' title='bbox 1507 1890 1542 1916; x_wconf 89' lang='lat' dir='ltr'><strong>et</strong></span> <span class='ocrx_word' id='word_1_648' title='bbox 1556 1887 1676 1916; x_wconf 85' lang='lat' dir='ltr'><strong>termi-</strong></span> 
     </span>
     <span class='ocr_line' id='line_1_108' title="bbox 935 1929 1674 1967; baseline 0.001 -9"><span class='ocrx_word' id='word_1_649' title='bbox 935 1933 1007 1966; x_wconf 83' lang='lat' dir='ltr'><strong>nat,</strong></span> <span class='ocrx_word' id='word_1_650' title='bbox 1026 1929 1058 1958; x_wconf 84' lang='lat' dir='ltr'><strong>h.</strong></span> <span class='ocrx_word' id='word_1_651' title='bbox 1084 1939 1113 1959; x_wconf 87' lang='lat' dir='ltr'><strong>e.</strong></span> <span class='ocrx_word' id='word_1_652' title='bbox 1141 1929 1235 1967; x_wconf 72' lang='lat' dir='ltr'><strong>fat-it,</strong></span> <span class='ocrx_word' id='word_1_653' title='bbox 1254 1940 1308 1967; x_wconf 85' lang='lat' dir='ltr'><strong>ne,</strong></span> <span class='ocrx_word' id='word_1_654' title='bbox 1327 1935 1366 1960; x_wconf 91' lang='lat' dir='ltr'><strong>ut</strong></span> <span class='ocrx_word' id='word_1_655' title='bbox 1394 1930 1428 1959; x_wconf 90' lang='lat' dir='ltr'><strong>in</strong></span> <span class='ocrx_word' id='word_1_656' title='bbox 1454 1930 1575 1967; x_wconf 80' lang='lat' dir='ltr'><strong>brutis,</strong></span> <span class='ocrx_word' id='word_1_657' title='bbox 1601 1931 1674 1960; x_wconf 88' lang='lat' dir='ltr'><strong>sine</strong></span> 
     </span>
     <span class='ocr_line' id='line_1_109' title="bbox 934 1972 1676 2013; baseline 0.003 -11"><span class='ocrx_word' id='word_1_658' title='bbox 934 1972 1152 2003; x_wconf 86' lang='lat' dir='ltr'><strong>distinctione</strong></span> <span class='ocrx_word' id='word_1_659' title='bbox 1186 1974 1363 2003; x_wconf 79' lang='lat' dir='ltr'><strong>literarum</strong></span> <span class='ocrx_word' id='word_1_660' title='bbox 1402 1978 1437 2003; x_wconf 89' lang='lat' dir='ltr'><strong>et</strong></span> <span class='ocrx_word' id='word_1_661' title='bbox 1471 1973 1676 2013; x_wconf 73' lang='lat' dir='ltr'><strong>syllabarum</strong></span> 
     </span>
     <span class='ocr_line' id='line_1_110' title="bbox 935 2017 1676 2056; baseline 0.003 -10"><span class='ocrx_word' id='word_1_662' title='bbox 935 2026 1102 2056; x_wconf 84' lang='lat' dir='ltr'><strong>erumpat.</strong></span> <span class='ocrx_word' id='word_1_663' title='bbox 1146 2017 1218 2048; x_wconf 82' lang='lat' dir='ltr'><strong>Att.</strong></span> <span class='ocrx_word' id='word_1_664' title='bbox 1252 2019 1294 2047; x_wconf 72' lang='lat' dir='ltr'><strong>vi.</strong></span> <span class='ocrx_word' id='word_1_665' title='bbox 1325 2020 1355 2047; x_wconf 80' lang='lat'><strong>3.</strong></span> <span class='ocrx_word' id='word_1_666' title='bbox 1396 2018 1540 2047; x_wconf 85' lang='lat' dir='ltr'><strong>formam</strong></span> <span class='ocrx_word' id='word_1_667' title='bbox 1571 2019 1676 2048; x_wconf 76' lang='lat' dir='ltr'><strong>totius</strong></span> 
     </span>
     <span class='ocr_line' id='line_1_111' title="bbox 936 2060 1679 2100; baseline 0.003 -10"><span class='ocrx_word' id='word_1_668' title='bbox 936 2060 1076 2100; x_wconf 83' lang='lat' dir='ltr'><strong>reipubl.</strong></span> <span class='ocrx_word' id='word_1_669' title='bbox 1107 2060 1205 2091; x_wconf 86' lang='lat' dir='ltr'><strong>velim</strong></span> <span class='ocrx_word' id='word_1_670' title='bbox 1239 2063 1368 2098; x_wconf 77' lang='lat' dir='ltr'><strong>mittas,</strong></span> <span class='ocrx_word' id='word_1_671' title='bbox 1399 2072 1473 2100; x_wconf 79' lang='lat' dir='ltr'><strong>quae</strong></span> <span class='ocrx_word' id='word_1_672' title='bbox 1506 2061 1588 2092; x_wconf 87' lang='grc'><strong>1111111</strong></span> <span class='ocrx_word' id='word_1_673' title='bbox 1620 2062 1679 2092; x_wconf 87' lang='lat' dir='ltr'><strong>ob-</strong></span> 
     </span>
     <span class='ocr_line' id='line_1_112' title="bbox 935 2105 1617 2145; baseline 0.004 -12"><span class='ocrx_word' id='word_1_674' title='bbox 935 2105 1021 2133; x_wconf 70' lang='lat' dir='ltr'><strong>viam</strong></span> <span class='ocrx_word' id='word_1_675' title='bbox 1041 2105 1113 2143; x_wconf 83' lang='lat' dir='ltr'><strong>fiat,</strong></span> <span class='ocrx_word' id='word_1_676' title='bbox 1131 2115 1170 2134; x_wconf 80' lang='lat' dir='ltr'><strong>ex</strong></span> <span class='ocrx_word' id='word_1_677' title='bbox 1187 2116 1253 2144; x_wconf 82' lang='lat' dir='ltr'><strong>qua</strong></span> <span class='ocrx_word' id='word_1_678' title='bbox 1271 2106 1466 2145; x_wconf 72' lang='lat' dir='ltr'><strong>ine-fingere</strong></span> <span class='ocrx_word' id='word_1_679' title='bbox 1481 2106 1617 2145; x_wconf 76' lang='lat' dir='ltr'><strong>possim.</strong></span> 
     </span>
    </p>

    <p class='ocr_par' dir='ltr' id='par_1_23' title="bbox 924 2149 1683 2927">
     <span class='ocr_line' id='line_1_113' title="bbox 980 2149 1678 2190; baseline 0.004 -12"><span class='ocrx_word' id='word_1_680' title='bbox 980 2149 1080 2180; x_wconf 68' lang='lat' dir='ltr'><strong>finis.</strong></span> <span class='ocrx_word' id='word_1_681' title='bbox 1104 2149 1263 2187; x_wconf 75' lang='lat' dir='ltr'><strong>formula,</strong></span> <span class='ocrx_word' id='word_1_682' title='bbox 1289 2160 1388 2188; x_wconf 80' lang='lat' dir='ltr'><strong>quein</strong></span> <span class='ocrx_word' id='word_1_683' title='bbox 1414 2149 1455 2179; x_wconf 87' lang='lat' dir='ltr'><strong>ad</strong></span> <span class='ocrx_word' id='word_1_684' title='bbox 1466 2149 1591 2190; x_wconf 76' lang='lat' dir='ltr'><strong>finem,</strong></span> <span class='ocrx_word' id='word_1_685' title='bbox 1610 2160 1678 2181; x_wconf 85' lang='lat' dir='ltr'><strong>non</strong></span> 
     </span>
     <span class='ocr_line' id='line_1_114' title="bbox 935 2193 1680 2233; baseline 0.004 -12"><span class='ocrx_word' id='word_1_686' title='bbox 935 2193 1105 2231; x_wconf 79' lang='lat' dir='ltr'><strong>significat</strong></span> <span class='ocrx_word' id='word_1_687' title='bbox 1122 2193 1212 2233; x_wconf 83' lang='lat' dir='ltr'><strong>apud</strong></span> <span class='ocrx_word' id='word_1_688' title='bbox 1236 2194 1448 2231; x_wconf 68' lang='lat' dir='ltr'><strong>Ciceronem,</strong></span> <span class='ocrx_word' id='word_1_689' title='bbox 1465 2204 1508 2224; x_wconf 88' lang='lat' dir='ltr'><strong>zu</strong></span> <span class='ocrx_word' id='word_1_690' title='bbox 1526 2204 1592 2224; x_wconf 78' lang='lat' dir='ltr'><strong>was</strong></span> <span class='ocrx_word' id='word_1_691' title='bbox 1611 2194 1680 2224; x_wconf 89' lang='lat' dir='ltr'><strong>En-</strong></span> 
     </span>
     <span class='ocr_line' id='line_1_115' title="bbox 937 2236 1681 2276; baseline 0.003 -10"><span class='ocrx_word' id='word_1_692' title='bbox 937 2236 989 2274; x_wconf 87' lang='lat' dir='ltr'><strong>de,</strong></span> <span class='ocrx_word' id='word_1_693' title='bbox 1006 2237 1065 2267; x_wconf 87' lang='lat' dir='ltr'><strong>sed</strong></span> <span class='ocrx_word' id='word_1_694' title='bbox 1081 2237 1254 2275; x_wconf 84' lang='lat' dir='ltr'><strong>quamdiu.</strong></span> <span class='ocrx_word' id='word_1_695' title='bbox 1293 2238 1392 2268; x_wconf 72' lang='lat' dir='ltr'><strong>Catil.</strong></span> <span class='ocrx_word' id='word_1_696' title='bbox 1412 2239 1431 2268; x_wconf 89' lang='lat' dir='ltr'><strong>i.</strong></span> <span class='ocrx_word' id='word_1_697' title='bbox 1452 2241 1478 2268; x_wconf 93' lang='grc'><strong>1.</strong></span> <span class='ocrx_word' id='word_1_698' title='bbox 1519 2248 1621 2276; x_wconf 86' lang='lat' dir='ltr'><strong>quem</strong></span> <span class='ocrx_word' id='word_1_699' title='bbox 1637 2238 1681 2268; x_wconf 83' lang='lat' dir='ltr'><strong>ad</strong></span> 
     </span>
     <span class='ocr_line' id='line_1_116' title="bbox 924 2280 1680 2321; baseline 0.004 -12"><span class='ocrx_word' id='word_1_700' title='bbox 924 2280 1035 2321; x_wconf 79' lang='lat' dir='ltr'><strong>finem</strong></span> <span class='ocrx_word' id='word_1_701' title='bbox 1052 2291 1123 2310; x_wconf 82' lang='lat' dir='ltr'><strong>sese.</strong></span> <span class='ocrx_word' id='word_1_702' title='bbox 1146 2282 1310 2311; x_wconf 67' lang='lat' dir='ltr'><strong>effrenata</strong></span> <span class='ocrx_word' id='word_1_703' title='bbox 1330 2286 1392 2312; x_wconf 79' lang='lat' dir='ltr'><strong>tua</strong></span> <span class='ocrx_word' id='word_1_704' title='bbox 1408 2282 1555 2321; x_wconf 79' lang='lat' dir='ltr'><strong>jactabit</strong></span> <span class='ocrx_word' id='word_1_705' title='bbox 1576 2282 1680 2313; x_wconf 78' lang='lat' dir='ltr'><strong>auda-</strong></span> 
     </span>
     <span class='ocr_line' id='line_1_117' title="bbox 937 2325 1681 2360; baseline 0.004 -6"><span class='ocrx_word' id='word_1_706' title='bbox 937 2326 999 2354; x_wconf 88' lang='lat' dir='ltr'><strong>cia.</strong></span> <span class='ocrx_word' id='word_1_707' title='bbox 1015 2325 1103 2355; x_wconf 87' lang='lat' dir='ltr'><strong>conf.</strong></span> <span class='ocrx_word' id='word_1_708' title='bbox 1127 2325 1221 2355; x_wconf 74' lang='lat' dir='ltr'><strong>verr.</strong></span> <span class='ocrx_word' id='word_1_709' title='bbox 1237 2336 1266 2355; x_wconf 82' lang='lat' dir='ltr'><strong>v.</strong></span> <span class='ocrx_word' id='word_1_710' title='bbox 1280 2327 1333 2360; x_wconf 65' lang='grc'><strong>&lt;29.</strong></span> <span class='ocrx_word' id='word_1_711' title='bbox 1359 2326 1392 2356; x_wconf 89' lang='lat' dir='ltr'><strong>ii.</strong></span> <span class='ocrx_word' id='word_1_712' title='bbox 1405 2328 1459 2356; x_wconf 72' lang='lat'><strong>48.</strong></span> <span class='ocrx_word' id='word_1_713' title='bbox 1485 2325 1564 2356; x_wconf 84' lang='lat' dir='ltr'><strong>Nat.</strong></span> <span class='ocrx_word' id='word_1_714' title='bbox 1583 2327 1626 2357; x_wconf 91' lang='lat' dir='ltr'><strong>D.</strong></span> <span class='ocrx_word' id='word_1_715' title='bbox 1646 2327 1681 2358; x_wconf 83' lang='lat' dir='ltr'><strong>ii.</strong></span> 
     </span>
     <span class='ocr_line' id='line_1_118' title="bbox 938 2368 1680 2409; baseline 0.001 -10"><span class='ocrx_word' id='word_1_716' title='bbox 938 2372 990 2399; x_wconf 83' lang='lat'><strong>51.</strong></span> <span class='ocrx_word' id='word_1_717' title='bbox 1014 2368 1033 2386; x_wconf 34' lang='grc' dir='ltr'><strong>γ’</strong></span> <span class='ocrx_word' id='word_1_718' title='bbox 1049 2379 1108 2408; x_wconf 85' lang='lat' dir='ltr'><strong>pro</strong></span> <span class='ocrx_word' id='word_1_719' title='bbox 1132 2380 1173 2398; x_wconf 89' lang='lat' dir='ltr'><strong>eo</strong></span> <span class='ocrx_word' id='word_1_720' title='bbox 1196 2373 1324 2406; x_wconf 83' lang='lat' dir='ltr'><strong>tamen,</strong></span> <span class='ocrx_word' id='word_1_721' title='bbox 1343 2369 1433 2408; x_wconf 87' lang='lat' dir='ltr'><strong>quod</strong></span> <span class='ocrx_word' id='word_1_722' title='bbox 1457 2370 1491 2399; x_wconf 89' lang='lat' dir='ltr'><strong>in</strong></span> <span class='ocrx_word' id='word_1_723' title='bbox 1515 2370 1628 2409; x_wconf 83' lang='lat' dir='ltr'><strong>aliqua</strong></span> <span class='ocrx_word' id='word_1_724' title='bbox 1645 2381 1680 2400; x_wconf 85' lang='lat' dir='ltr'><strong>re</strong></span> 
     </span>
     <span class='ocr_line' id='line_1_119' title="bbox 937 2413 1681 2452; baseline 0.007 -11"><span class='ocrx_word' id='word_1_725' title='bbox 937 2416 1123 2452; x_wconf 82' lang='lat' dir='ltr'><strong>spectatur,</strong></span> <span class='ocrx_word' id='word_1_726' title='bbox 1141 2413 1227 2452; x_wconf 74' lang='lat' dir='ltr'><strong>finis</strong></span> <span class='ocrx_word' id='word_1_727' title='bbox 1258 2413 1393 2444; x_wconf 82' lang='lat' dir='ltr'><strong>dicitur.</strong></span> <span class='ocrx_word' id='word_1_728' title='bbox 1435 2413 1565 2445; x_wconf 87' lang='lat' dir='ltr'><strong>Invent.</strong></span> <span class='ocrx_word' id='word_1_729' title='bbox 1596 2414 1617 2445; x_wconf 85' lang='lat' dir='ltr'><strong>i.</strong></span> <span class='ocrx_word' id='word_1_730' title='bbox 1650 2417 1681 2446; x_wconf 85' lang='lat'><strong>5.</strong></span> 
     </span>
     <span class='ocr_line' id='line_1_120' title="bbox 937 2457 1681 2496; baseline 0.004 -11"><span class='ocrx_word' id='word_1_731' title='bbox 937 2457 1084 2486; x_wconf 86' lang='lat' dir='ltr'><strong>officium</strong></span> <span class='ocrx_word' id='word_1_732' title='bbox 1104 2458 1175 2495; x_wconf 80' lang='lat' dir='ltr'><strong>ejus</strong></span> <span class='ocrx_word' id='word_1_733' title='bbox 1192 2457 1364 2486; x_wconf 74' lang='lat' dir='ltr'><strong>facultatis</strong></span> <span class='ocrx_word' id='word_1_734' title='bbox 1381 2457 1514 2487; x_wconf 85' lang='lat' dir='ltr'><strong>videtur</strong></span> <span class='ocrx_word' id='word_1_735' title='bbox 1530 2468 1615 2496; x_wconf 81' lang='lat' dir='ltr'><strong>csse,</strong></span> <span class='ocrx_word' id='word_1_736' title='bbox 1631 2458 1681 2488; x_wconf 79' lang='lat' dir='ltr'><strong>di-</strong></span> 
     </span>
     <span class='ocr_line' id='line_1_121' title="bbox 939 2501 1681 2542; baseline 0.004 -13"><span class='ocrx_word' id='word_1_737' title='bbox 939 2510 1014 2529; x_wconf 74' lang='lat' dir='ltr'><strong>cere</strong></span> <span class='ocrx_word' id='word_1_738' title='bbox 1042 2501 1194 2540; x_wconf 73' lang='lat' dir='ltr'><strong>apposite</strong></span> <span class='ocrx_word' id='word_1_739' title='bbox 1223 2501 1265 2530; x_wconf 84' lang='lat' dir='ltr'><strong>ad</strong></span> <span class='ocrx_word' id='word_1_740' title='bbox 1290 2502 1681 2542; x_wconf 73' lang='lat' dir='ltr'><strong>persuasionemzfinis‚</strong></span> 
     </span>
     <span class='ocr_line' id='line_1_122' title="bbox 938 2544 1677 2584; baseline 0.005 -12"><span class='ocrx_word' id='word_1_741' title='bbox 938 2544 1139 2584; x_wconf 79' lang='lat' dir='ltr'><strong>persuadere</strong></span> <span class='ocrx_word' id='word_1_742' title='bbox 1157 2544 1316 2576; x_wconf 80' lang='lat' dir='ltr'><strong>dictione.</strong></span> <span class='ocrx_word' id='word_1_743' title='bbox 1342 2546 1437 2576; x_wconf 79' lang='lat' dir='ltr'><strong>Offie.</strong></span> <span class='ocrx_word' id='word_1_744' title='bbox 1452 2546 1472 2576; x_wconf 92' lang='lat' dir='ltr'><strong>i.</strong></span> <span class='ocrx_word' id='word_1_745' title='bbox 1488 2550 1540 2580; x_wconf 82' lang='grc'><strong>39.</strong></span> <span class='ocrx_word' id='word_1_746' title='bbox 1558 2546 1677 2576; x_wconf 69' lang='lat' dir='ltr'><strong>domus</strong></span> 
     </span>
     <span class='ocr_line' id='line_1_123' title="bbox 926 2587 1683 2630; baseline 0.004 -13"><span class='ocrx_word' id='word_1_747' title='bbox 926 2587 1013 2628; x_wconf 72' lang='lat' dir='ltr'><strong>finis</strong></span> <span class='ocrx_word' id='word_1_748' title='bbox 1039 2595 1090 2618; x_wconf 78' lang='lat' dir='ltr'><strong>est</strong></span> <span class='ocrx_word' id='word_1_749' title='bbox 1120 2598 1212 2618; x_wconf 73' lang='lat' dir='ltr'><strong>usus.</strong></span> <span class='ocrx_word' id='word_1_750' title='bbox 1252 2589 1291 2618; x_wconf 87' lang='lat' dir='ltr'><strong>ln</strong></span> <span class='ocrx_word' id='word_1_751' title='bbox 1319 2600 1384 2628; x_wconf 84' lang='lat' dir='ltr'><strong>quo</strong></span> <span class='ocrx_word' id='word_1_752' title='bbox 1413 2590 1615 2627; x_wconf 75' lang='lat' dir='ltr'><strong>tenendum,</strong></span> <span class='ocrx_word' id='word_1_753' title='bbox 1631 2590 1683 2630; x_wconf 83' lang='lat' dir='ltr'><strong>fi·</strong></span> 
     </span>
     <span class='ocr_line' id='line_1_124' title="bbox 939 2632 1679 2674; baseline 0.003 -13"><span class='ocrx_word' id='word_1_754' title='bbox 939 2642 1013 2661; x_wconf 78' lang='lat' dir='ltr'><strong>nem</strong></span> <span class='ocrx_word' id='word_1_755' title='bbox 1029 2632 1095 2662; x_wconf 89' lang='lat' dir='ltr'><strong>dici</strong></span> <span class='ocrx_word' id='word_1_756' title='bbox 1107 2632 1273 2669; x_wconf 76' lang='lat' dir='ltr'><strong>absolute,</strong></span> <span class='ocrx_word' id='word_1_757' title='bbox 1287 2632 1464 2662; x_wconf 79' lang='lat' dir='ltr'><strong>consilium</strong></span> <span class='ocrx_word' id='word_1_758' title='bbox 1483 2634 1592 2672; x_wconf 78' lang='lat' dir='ltr'><strong>quoad</strong></span> <span class='ocrx_word' id='word_1_759' title='bbox 1608 2644 1679 2674; x_wconf 78' lang='lat' dir='ltr'><strong>spe·</strong></span> 
     </span>
     <span class='ocr_line' id='line_1_125' title="bbox 941 2676 1683 2708; baseline 0.004 -3"><span class='ocrx_word' id='word_1_760' title='bbox 941 2681 1056 2706; x_wconf 75' lang='lat' dir='ltr'><strong>(statur</strong></span> <span class='ocrx_word' id='word_1_761' title='bbox 1082 2676 1122 2706; x_wconf 85' lang='lat' dir='ltr'><strong>ab</strong></span> <span class='ocrx_word' id='word_1_762' title='bbox 1150 2676 1296 2706; x_wconf 79' lang='lat' dir='ltr'><strong>homine.</strong></span> <span class='ocrx_word' id='word_1_763' title='bbox 1328 2676 1485 2706; x_wconf 53' lang='lat' dir='ltr'><strong>*dicitur</strong></span> <span class='ocrx_word' id='word_1_764' title='bbox 1511 2678 1615 2707; x_wconf 80' lang='lat' dir='ltr'><strong>etiam</strong></span> <span class='ocrx_word' id='word_1_765' title='bbox 1644 2682 1683 2708; x_wconf 87' lang='lat' dir='ltr'><strong>ut</strong></span> 
     </span>
     <span class='ocr_line' id='line_1_126' title="bbox 941 2719 1682 2761; baseline 0.005 -13"><span class='ocrx_word' id='word_1_766' title='bbox 941 2720 1065 2757; x_wconf 83' lang='lat' dir='ltr'><strong>exitus,</strong></span> <span class='ocrx_word' id='word_1_767' title='bbox 1083 2719 1122 2749; x_wconf 90' lang='lat' dir='ltr'><strong>de</strong></span> <span class='ocrx_word' id='word_1_768' title='bbox 1140 2730 1205 2758; x_wconf 92' lang='grc'><strong>(1110</strong></span> <span class='ocrx_word' id='word_1_769' title='bbox 1222 2730 1334 2759; x_wconf 75' lang='lat' dir='ltr'><strong>supra.</strong></span> <span class='ocrx_word' id='word_1_770' title='bbox 1353 2721 1393 2750; x_wconf 74' lang='lat' dir='ltr'><strong>ad</strong></span> <span class='ocrx_word' id='word_1_771' title='bbox 1409 2722 1483 2751; x_wconf 66' lang='lat' dir='ltr'><strong>Div.</strong></span> <span class='ocrx_word' id='word_1_772' title='bbox 1505 2722 1546 2751; x_wconf 81' lang='lat' dir='ltr'><strong>iv.</strong></span> <span class='ocrx_word' id='word_1_773' title='bbox 1563 2726 1594 2755; x_wconf 89' lang='lat'><strong>9.</strong></span> <span class='ocrx_word' id='word_1_774' title='bbox 1625 2722 1682 2761; x_wconf 88' lang='lat' dir='ltr'><strong>qui</strong></span> 
     </span>
     <span class='ocr_line' id='line_1_127' title="bbox 928 2763 1683 2804; baseline 0.004 -11"><span class='ocrx_word' id='word_1_775' title='bbox 928 2763 1016 2804; x_wconf 77' lang='lat' dir='ltr'><strong>finis</strong></span> <span class='ocrx_word' id='word_1_776' title='bbox 1041 2764 1138 2794; x_wconf 71' lang='lat' dir='ltr'><strong>istius</strong></span> <span class='ocrx_word' id='word_1_777' title='bbox 1167 2765 1297 2794; x_wconf 77' lang='lat' dir='ltr'><strong>consilii</strong></span> <span class='ocrx_word' id='word_1_778' title='bbox 1329 2769 1391 2794; x_wconf 69' lang='lat' dir='ltr'><strong>est.</strong></span> <span class='ocrx_word' id='word_1_779' title='bbox 1422 2765 1529 2804; x_wconf 57' lang='lat' dir='ltr'><strong>*finis</strong></span> <span class='ocrx_word' id='word_1_780' title='bbox 1556 2765 1683 2796; x_wconf 80' lang='lat' dir='ltr'><strong>dicitur</strong></span> 
     </span>
     <span class='ocr_line' id='line_1_128' title="bbox 941 2807 1682 2846; baseline 0.005 -10"><span class='ocrx_word' id='word_1_781' title='bbox 941 2808 1056 2844; x_wconf 63' lang='lat' dir='ltr'><strong>otiam,</strong></span> <span class='ocrx_word' id='word_1_782' title='bbox 1070 2807 1159 2846; x_wconf 84' lang='lat' dir='ltr'><strong>quod</strong></span> <span class='ocrx_word' id='word_1_783' title='bbox 1175 2811 1226 2837; x_wconf 82' lang='lat' dir='ltr'><strong>est</strong></span> <span class='ocrx_word' id='word_1_784' title='bbox 1244 2808 1276 2837; x_wconf 87' lang='grc'><strong>111</strong></span> <span class='ocrx_word' id='word_1_785' title='bbox 1294 2818 1425 2846; x_wconf 58' lang='grc' dir='ltr'><strong>(1111111111ἱ</strong></span> <span class='ocrx_word' id='word_1_786' title='bbox 1444 2819 1477 2838; x_wconf 82' lang='lat' dir='ltr'><strong>rc</strong></span> <span class='ocrx_word' id='word_1_787' title='bbox 1495 2819 1682 2840; x_wconf 82' lang='lat' dir='ltr'><strong>summum.</strong></span> 
     </span>
     <span class='ocr_line' id='line_1_129' title="bbox 943 2851 1683 2891; baseline 0.004 -11"><span class='ocrx_word' id='word_1_788' title='bbox 943 2851 1013 2881; x_wconf 79' lang='lat' dir='ltr'><strong>Fin.</strong></span> <span class='ocrx_word' id='word_1_789' title='bbox 1038 2852 1060 2881; x_wconf 83' lang='lat' dir='ltr'><strong>i.</strong></span> <span class='ocrx_word' id='word_1_790' title='bbox 1088 2854 1136 2884; x_wconf 83' lang='lat'><strong>17.</strong></span> <span class='ocrx_word' id='word_1_791' title='bbox 1155 2851 1242 2891; x_wconf 75' lang='lat' dir='ltr'><strong>finis</strong></span> <span class='ocrx_word' id='word_1_792' title='bbox 1269 2852 1433 2882; x_wconf 86' lang='lat' dir='ltr'><strong>bonorum</strong></span> <span class='ocrx_word' id='word_1_793' title='bbox 1451 2852 1683 2890; x_wconf 69' lang='lat' dir='ltr'><strong>etmalorum,</strong></span> 
     </span>
     <span class='ocr_line' id='line_1_130' title="bbox 942 2895 1683 2927; baseline 0.003 -2"><span class='ocrx_word' id='word_1_794' title='bbox 942 2899 992 2925; x_wconf 68' lang='lat' dir='ltr'><strong>est</strong></span> <span class='ocrx_word' id='word_1_795' title='bbox 1017 2905 1191 2926; x_wconf 74' lang='lat' dir='ltr'><strong>summum</strong></span> <span class='ocrx_word' id='word_1_796' title='bbox 1217 2895 1342 2926; x_wconf 84' lang='lat' dir='ltr'><strong>bonum</strong></span> <span class='ocrx_word' id='word_1_797' title='bbox 1368 2899 1401 2926; x_wconf 79' lang='lat' dir='ltr'><strong>et</strong></span> <span class='ocrx_word' id='word_1_798' title='bbox 1423 2905 1597 2927; x_wconf 81' lang='lat' dir='ltr'><strong>summum</strong></span> <span class='ocrx_word' id='word_1_799' title='bbox 1615 2907 1683 2927; x_wconf 86' lang='lat' dir='ltr'><strong>ma-</strong></span> 
     </span>
    </p>
   </div>
  </div>
 </body>
</html>
