1920 3196
203 123 283 171 ‘276

205 223 307 254 eund.
324 224 430 255 Scrm.
448 223 481 254 ii.
498 227 528 254 3.
547 225 618 258 172.
648 235 708 266 pro
730 227 827 267 signo
849 227 942 258 futu-

207 278 251 298 1·ae
269 267 483 307 negligentiae
501 268 654 306 habetur,
667 273 702 300 et
714 269 858 301 hominis
871 272 942 302 No-

207 316 369 341 mentano
405 311 523 341 similis
554 312 671 342 futuri.
718 313 836 353 Itaque
868 325 942 346 scn-

207 365 282 384 suin
298 355 388 385 hunc
405 358 520 394 putem
539 365 627 385 esse:
654 356 762 387 Canto
782 359 941 396 eundem,

206 408 307 437 quem
323 406 362 428 tu
381 400 559 437 (laisarein,
577 409 683 438 neque
700 411 768 431 uno
785 402 943 443 Pompeio

207 443 310 479 nitor,
335 442 393 472 sed
419 442 514 472 illum
547 453 678 483 quoque
709 455 798 482 amo,
825 456 942 477 veriun

207 487 267 523 ita,
285 491 322 515 ut
346 496 530 525 numquam
555 497 609 516 me
634 492 693 517 aut
717 490 882 530 rempubl.
902 491 942 520 ab

207 540 246 559 eo
263 529 342 559 satis
359 534 469 559 tutam
488 533 618 570 putem,
635 535 692 561 aut
708 533 802 563 nobis
818 543 885 564 non
902 535 943 564 ab

207 583 247 603 eo
263 574 447 603 cavendum
464 575 666 606 existimem.

251 616 448 656 Disciplina.
480 618 557 648 Div.
580 619 613 648 ii.
639 622 670 649 3.
703 619 820 651 eadem
844 621 878 651 in
904 621 942 652 li-

205 661 285 690 teris
311 662 395 691 ratio
419 665 482 698 est,
507 661 710 702 reliquisque
735 665 846 703 rebus,
862 675 943 704 qua-

209 714 283 734 rum
302 709 353 734 est
369 704 558 744 disciplina.-
582 705 615 741 h,
634 716 661 736 e.
679 717 752 746 quae
765 708 875 739 doceri
892 719 944 739 so-

208 748 289 777 lent.
306 747 423 778 *secta
433 748 718 789 philosophorum.
734 752 812 782 Nat.
823 753 864 783 D.
879 753 899 782 i.
911 756 943 787 7,

205 797 274 821 tres
291 792 393 821 trium
412 793 660 832 disciplinarium
676 795 843 835 principes
867 805 946 826 con-

206 836 355 865 venistis
388 835 506 866 *sexu
522 837 552 867 6.
585 837 757 868 Hortensii
773 840 880 870 oratio
897 840 945 869 di-

208 889 276 918 gna
298 884 398 917 esset,
415 880 466 909 uti
489 887 523 910 et
547 882 627 921 reip.
652 883 862 922 capessendae
886 894 944 913 au-

210 923 405 953 ctoritatem
423 924 689 964 disciplinamque
705 927 944 966 praescriberet.

207 966 411 1007 *disciplina
434 968 577 998 civitatis
602 974 661 999 aut
685 970 841 1009 reipubl.,
862 970 944 1010 legi-

210 1010 269 1040 bus
283 1019 317 1040 et
334 1011 480 1041 moribus
497 1012 628 1051 publice
645 1013 868 1053 privatimque
894 1025 944 1045 re-

210 1054 315 1094 ceptis
346 1055 550 1086 continetur.
589 1057 682 1086 Orat.
714 1058 735 1086 i.
774 1061 800 1088 l.
831 1062 865 1088 et
890 1062 944 1089 34.

207 1098 304 1128 Brut.
327 1101 375 1128 10.
407 1099 500 1129 Verr.
518 1099 564 1130 iii.
591 1100 643 1134 69.
673 1100 757 1130 *Sic
772 1101 943 1142 disciplina

209 1141 332 1171 navalis
348 1142 567 1181 Rhodiorum,
585 1143 703 1174 Manil.
726 1148 774 1175 18.
805 1146 887 1176 item
904 1150 945 1176 ut

206 1186 375 1225 disciplina
393 1186 560 1223 militaris,
573 1188 767 1218 continetur
777 1188 943 1220 institutis

206 1234 242 1258 et
258 1229 386 1268 legibus
412 1230 625 1267 militaribus,
643 1235 677 1261 et
700 1232 885 1271 navalibus,
902 1233 942 1263 de

207 1273 277 1302 acie
294 1273 504 1311 instruenda,
521 1275 638 1305 eastris
661 1276 836 1315 ponendis,
855 1277 943 1307 mili-

205 1321 281 1346 tum
306 1317 465 1355 moribus,
484 1318 563 1355 vita,
579 1318 760 1358 laboribus,
781 1322 944 1351 exercita-

207 1360 421 1400 tionibusque
449 1362 509 1392 &c.
548 1362 742 1394 =*doctrina
780 1364 874 1395 Verr.
900 1366 942 1396 iv.

206 1407 259 1435 53.
290 1404 330 1434 de
353 1404 571 1436 Archimede:
599 1416 732 1438 summo
755 1408 890 1448 ingenio
907 1412 944 1439 et

206 1449 389 1488 disciplina.

250 1492 434 1523 Discluszcs.
464 1492 565 1524 Tusc.
586 1493 606 1524 i.
629 1496 683 1525 33.
713 1495 943 1534 aegrstudines,

204 1536 275 1573 irae,
291 1535 637 1576 libidinesque—quas
656 1539 695 1576 is,
709 1543 826 1570 contra
842 1549 943 1579 quem

204 1577 276 1609 haee
293 1580 464 1618 dicuntur,
480 1586 625 1612 semotas
650 1592 669 1612 a
684 1588 798 1614 niente
822 1589 858 1614 et
879 1584 944 1614 dis-

205 1626 314 1653 clusas
329 1627 438 1663 putat.

249 1668 361 1704 Disco,
379 1668 589 1708 simpliciter,
606 1679 665 1710 pro
685 1669 790 1701 literis
805 1681 942 1711 operam

207 1711 259 1741 do.
291 1711 347 1742 Or.
363 1712 395 1741 ii.
418 1715 445 1742 1.
474 1711 640 1743 Antonius
657 1718 772 1745 autem
789 1714 851 1745 hoc
867 1725 942 1755 pro-

205 1754 401 1785 babiliorem
418 1756 542 1796 populo
564 1758 749 1788 orationem
773 1759 843 1789 fore
865 1769 944 1789 cen-

206 1799 300 1829 sebat
322 1809 431 1838 suam,
457 1800 484 1829 si
516 1801 653 1831 omnino
685 1802 832 1833 didicisse
855 1812 942 1833 nun-

207 1852 308 1881 quam
332 1847 518 1882 putaretur.
552 1844 703 1875 *discere
725 1856 860 1876 causam
884 1847 942 1877 Or.

204 1887 226 1916 i.
255 1889 304 1917 12.
329 1888 389 1917 ἃς.
421 1887 546 1917 (Pit-itur
568 1887 745 1926 Patronus,
763 1891 818 1929 qui
844 1891 942 1920 ratio-

205 1938 283 1960 nem
300 1940 408 1960 causae
425 1940 442 1960 c
466 1932 598 1961 clientis
614 1934 804 1964 narratione
821 1944 944 1973 cogno-

205 1975 282 2011 scit,
299 1974 403 2004 cliens
421 1979 538 2006 contra
557 1975 686 2006 docere.
717 1986 747 2008 v.
764 1978 866 2008 Gron.
885 1979 942 2008 Se-

206 2020 301 2048 stert.
318 2019 360 2048 iv.
384 2021 414 2048 3.
446 2029 477 2058 p.
495 2021 569 2053 272.
600 2019 763 2052 *Senecn
781 2025 811 2054 8.
843 2022 941 2053 disce-

205 2062 284 2092 bant
301 2062 422 2092 fidibus
439 2063 581 2101 antiqui.

248 2105 494 2144 Diserepantz'a.
527 2106 598 2136 Fin.
622 2107 667 2137 iii.
698 2110 745 2139 12.
779 2108 940 2147 majorem

205 2148 313 2179 multo
327 2150 414 2179 inter
431 2150 557 2180 Stoicos
571 2155 605 2179 et
619 2151 857 2191 Peripateticos
871 2162 941 2182 esse

204 2193 458 2232 discrepantiam
483 2203 609 2230 rerum,
629 2204 729 2234 quani
753 2195 942 2227 verborum.

203 2236 418 2276 *opponitur
441 2238 638 2267 constantiae
665 2243 699 2269 et
723 2239 943 2278 aequabilitati

203 2280 282 2310 vitae
299 2287 333 2311 et
350 2290 492 2311 morum.
521 2281 616 2311 offic.
628 2282 650 2312 i.
667 2285 719 2312 31.
745 2283 779 2312 in
797 2283 943 2314 actiones

205 2333 409 2363 omnemque
427 2324 530 2354 vitam
544 2324 672 2356 nullam
687 2326 942 2367 discrepantiam

205 2367 356 2398 conferre
373 2368 544 2398 debemus.

250 2411 461 2451 Discrcpare,
478 2411 620 2442 differre.
645 2412 745 2444 Tusc.
760 2414 807 2445 iii.
825 2417 856 2448 7.
879 2414 944 2444 dis-

204 2459 317 2495 crepat
347 2465 366 2485 a
395 2455 548 2486 timendo
578 2456 757 2487 confidere.
794 2457 943 2497 *aptum

202 2507 275 2530 non
299 2508 384 2537 esse,
410 2508 477 2529 non
501 2500 689 2530 convenire.
724 2501 820 2532 Offie.
844 2502 865 2532 i.
889 2505 943 2533 40.

205 2542 387 2573 videndum
403 2549 454 2573 est
469 2543 504 2573 in
520 2543 600 2581 vita,
619 2553 661 2573 ne
681 2545 762 2583 quid
777 2545 862 2575 forte
879 2545 945 2576 dis-

206 2591 324 2626 crepet.
347 2586 492 2616 *Partis
517 2586 574 2617 Or.
591 2590 643 2619 38.
666 2588 849 2628 discrepare
865 2599 943 2619 cum

206 2630 326 2661 ceteris
349 2630 491 2670 scriptis.
521 2630 592 2661 Fin.
617 2631 660 2661 iv.
679 2633 731 2663 22.
762 2632 842 2672 quid
865 2633 946 2662 atti-

207 2675 297 2711 nuit,
322 2683 399 2703 cum
426 2674 478 2711 iis,
501 2673 699 2712 quibuscum
731 2685 765 2705 re
790 2677 945 2707 concine-

207 2717 277 2754 bat,
294 2717 401 2747 verbis
416 2718 611 2757 discrepare.
635 2718 676 2748 cf.
694 2719 727 2749 ii.
745 2723 797 2751 30.

251 2759 453 2797 Discrimen,
478 2761 561 2792 Phil.
586 2762 650 2793 xiv.
678 2765 704 2793 1.
736 2763 841 2794 totius
864 2763 944 2794 belli

206 2803 382 2834 discrimen
411 2805 560 2844 positum
590 2810 642 2836 est
670 2807 706 2836 in
734 2807 803 2837 vita
831 2808 943 2838 unius.

207 2847 280 2878 add.
301 2847 373 2878 Att.
390 2848 452 2878 xvi.
474 2851 522 2879 15.

251 2891 382 2922 Discus.
412 2891 470 2923 Or.
486 2892 520 2922 ii.
537 2894 567 2923 5.
597 2891 660 2922 hoe
683 2892 755 2933 ipso
777 2896 941 2934 tempore,

207 2943 284 2966 cum
321 2935 437 2967 omnia
472 2936 648 2977 gymnasia
672 2936 860 2981 philosophi
890 2942 942 2969 te-

729 137 876 168 [Nnnx
906 139 1041 168 LATIN
1047 140 1204 169 1'1'ATIS.

986 233 1102 267 noant,
1121 233 1237 259 tamen
1260 238 1375 259 eorum
1400 229 1567 262 auditores
1588 230 1722 268 ‹lis-eum

987 273 1114 309 audire,
1145 283 1246 312 quam
1283 273 1532 313 philosophum,
1567 277 1716 306 malunt:

987 317 1044 355 qui
1068 316 1169 347 simul
1193 322 1230 346 ut
1254 317 1434 357 increpuit,
1458 319 1491 347 in
1515 320 1623 349 media
1646 330 1719 350 ora-

986 360 1078 389 tione
1103 360 1142 389 de
1160 360 1312 390 maximis
1337 361 1432 391 rebus
1457 366 1490 391 et
1516 364 1720 401 gravissimis

989 403 1218 443 disputantem
1247 404 1481 444 philosophum
1513 416 1629 437 omnes
1657 417 1719 438 un-

989 447 1108 476 ctionis
1134 457 1235 477 causa
1252 447 1458 487 relinquunt.
1506 449 1580 479 Fuit
1603 456 1718 481 autem

988 490 1168 520 discobolia
1184 491 1270 520 inter
1287 501 1410 530 genera
1422 493 1668 523 exercitationis
1684 505 1718 524 a-

988 534 1056 573 pud
1069 539 1208 571 veteres,
1222 540 1299 565 cum
1316 536 1349 565 in
1363 545 1478 566 massae
1492 537 1669 574 plumbum,
1682 539 1718 568 iu

987 578 1068 607 disci
1098 579 1242 617 speciem
1279 580 1455 610 rotundam
1489 580 1719 618 conformata»,

988 622 1246 661 proice-tionibus
1274 632 1308 652 se
1340 628 1533 653 exercerent
1570 630 1605 654 et
1635 625 1719 655 vires·

988 665 1198 695 brachiorum
1230 671 1403 705 augerent.
1450 666 1566 706 ltaque
1602 668 1720 698 Horat.

989 708 1099 738 Carin.
1124 709 1144 738 i.
1170 712 1200 739 P..
1238 711 1325 739 inter
1352 710 1478 749 reliqua
1508 712 1721 742 exercitatio-

987 761 1070 782 num
1102 762 1225 791 genera
1254 754 1357 784 etiam
1382 755 1487 784 discas
1515 765 1720 786 commemo-

986 801 1090 826 ratur.

1031 838 1215 871 DIscutere.
1261 840 1362 870 Acad.
1393 841 1434 871 iv.
1469 844 1518 871 15.
1563 840 1722 873 discutere

989 884 1177 922 captiones:
1209 894 1267 924 pro
1292 894 1356 922 quo
1374 884 1445 914 aliis
1470 884 1549 914 locis
1573 891 1636 921 est,
1654 885 1720 916 dis-

988 927 1126 963 solvere,
1143 928 1307 967 frangere.
1341 928 1380 957 ud
1397 929 1474 958 niv.
1493 939 1522 958 x.
1540 932 1591 957 1³13.
1616 929 1719 960 discu-

989 975 1056 1001 tere
1072 971 1210 1010 alicujus
1228 973 1490 1001 cunctatimieui.
1521 972 1562 1001 aai
1585 974 1648 1012 32¹¹·-
1668 973 1717 1003 Fr.

988 1014 1021 1044 ii.
1046 1018 1093 1045 12.
1125 1024 1195 1044 rem
1219 1019 1326 1044 totuin
1342 1016 1553 1045 dici-‘assinvam
1582 1016 1615 1053 (i.
1636 1026 1663 1046 e.
1680 1022 1719 1047 ut

989 1058 1183 1097 rejiceretur
1212 1060 1399 1095 effeceram)
1419 1059 1558 1088 —11‘11111
1589 1059 1718 1090 facilius

988 1107 1052 1138 est,
1066 1112 1165 1141 quain
1184 1102 1311 1141 reliqua
1327 1104 1493 1132 cliseaiere.
1518 1103 1595 1133 ibid.
1612 1107 1660 1133 11.
1678 1104 1717 1133 de

989 1145 1217 1185 Commageno
1240 1156 1330 1185 rege,
1356 1147 1444 1186 quod
1472 1156 1542 1176 rem
1569 1147 1718 1178 discusse-

987 1199 1073 1220 ram.

1031 1233 1196 1264 Diserlns.
1225 1234 1281 1263 Or.
1301 1234 1322 1264 i.
1339 1234 1390 1265 21.
1416 1233 1581 1273 quomodo
1598 1234 1637 1264 ab
1651 1233 1719 1265 elo·

985 1280 1107 1316 quente
1125 1277 1277 1307 differat?

1029 1319 1227 1361 Disjunciio,
1273 1331 1379 1359 genus
1429 1321 1719 1358 enunciationum‚

986 1374 1086 1403 quam
1125 1364 1223 1395 hodie
1260 1365 1500 1404 oppositionem
1539 1365 1720 1405 appellant.

984 1408 1069 1448 Top.
1098 1411 1147 1439 14.
1185 1409 1219 1438 in
1243 1408 1452 1449 disjunctione
1477 1408 1550 1448 plus
1575 1418 1642 1438 uno
1666 1419 1720 1438 ve-

985 1462 1061 1483 rum
1077 1462 1147 1482 esse
1164 1461 1231 1482 non
1256 1456 1376 1492 potest.
1407 1453 1486 1483 Nat.
1503 1453 1546 1482 D.
1563 1452 1584 1482 i.
1601 1455 1653 1484 25.
1684 1453 1719 1482 in

986 1496 1140 1526 omnibus
1164 1494 1436 1537 disjunclionihzls,
1454 1497 1487 1526 in
1511 1496 1644 1535 quibus,
1662 1499 1722 1526 aut

986 1540 1101 1577 etiam,
1119 1546 1178 1569 aut
1194 1550 1272 1577 non,
1286 1541 1436 1580 ponitur,
1451 1539 1651 1569 alterutrum
1667 1550 1721 1569 ve-

987 1594 1062 1614 rum
1075 1588 1135 1613 est.
1160 1584 1223 1613 *in
1240 1584 1414 1614 rhetoricis
1430 1583 1509 1623 quid
1526 1585 1592 1614 sit?
1618 1584 1721 1614 tradi-

986 1631 1044 1658 tur
1059 1627 1100 1657 ad
1117 1627 1266 1657 Herenn.
1284 1627 1325 1658 iv.
1343 1630 1394 1662 27.

1032 1669 1239 1713 Dis-junctus.
1288 1671 1390 1701 Acad.
1428 1671 1470 1701 iv.
1510 1674 1564 1702 30.
1606 1680 1720 1709 omne,

988 1715 1078 1754 quod
1101 1716 1149 1745 ita
1163 1713 1359 1756 disjunctum
1385 1715 1440 1752 sit,
1458 1715 1551 1754 quasi
1576 1720 1634 1745 aut
1658 1716 1721 1744 eti-

988 1769 1056 1797 am,
1081 1763 1140 1789 aut
1168 1768 1248 1797 non,
1274 1768 1340 1788 non
1369 1759 1466 1788 inodo
1493 1769 1609 1789 verum
1637 1769 1720 1796 esse,

988 1803 1046 1833 sed
1062 1803 1162 1833 etiam
1182 1803 1418 1833 necessarium.
1450 1802 1521 1831 Fin.
1539 1803 1571 1832 ii.
1594 1805 1641 1833 14.
1670 1813 1721 1832 ra-

987 1847 1034 1876 tio
1057 1844 1221 1888 disjuncta
1244 1846 1430 1886 conjungit.
1463 1846 1640 1876 *diversus
1664 1847 1721 1877 Or.

987 1891 1034 1920 iii.
1063 1894 1112 1921 15.
1143 1900 1211 1920 non
1235 1889 1389 1932 disjuncti
1415 1890 1578 1928 doctores,
1602 1890 1660 1920 sed
1683 1891 1721 1920 ii-

988 1934 1076 1965 dem.
1106 1934 1255 1964 *partie
1279 1935 1310 1965 6.
1341 1943 1521 1964 concursus
1545 1934 1720 1963 verborum

986 1976 1219 2019 disjuncti—et
1235 1978 1376 2008 hiantes.
1400 1987 1429 2007 v.
1447 1977 1549 2007 hiare.

1030 2020 1244 2063 Disjung'ere,
1268 2022 1466 2052 discernere.
1495 2019 1595 2050 Tusc.
1621 2020 1667 2050 iii.
1691 2023 1720 2051 5.

987 2064 1208 2106 disjungimus
1223 2066 1388 2095 insaniam
1405 2074 1425 2095 a
1438 2065 1562 2095 furore.
1593 2064 1722 2094 *Tum

985 2110 1007 2139 i.
1033 2112 1085 2140 31.
1124 2107 1312 2149 disjungere
1341 2119 1376 2139 se
1400 2119 1420 2139 a
1443 2118 1590 2148 corpore,
1615 2112 1679 2144 est,
1703 2118 1724 2138 a

987 2153 1132 2193 corporis
1148 2153 1251 2190 vitiis,
1268 2153 1301 2184 h.
1318 2163 1347 2182 e.
1364 2153 1417 2190 iis,
1432 2152 1473 2182 ad
1490 2161 1563 2191 quae
1580 2160 1723 2192 propen-

989 2197 1045 2226 det
1069 2197 1200 2227 animus
1225 2201 1360 2237 propter
1382 2196 1526 2236 corporis
1552 2195 1724 2234 contagio-

989 2250 1066 2270 nem
1083 2243 1117 2270 et
1132 2241 1386 2277 commercium,
1400 2249 1434 2269 se
1450 2240 1628 2269 abstinere.

1031 2284 1263 2324 Disparatum.
1290 2284 1361 2314 lnv.
1379 2283 1400 2313 i.
1417 2285 1469 2314 28.
1493 2283 1573 2322 quid
1588 2283 1654 2312 sit?

1032 2328 1223 2367 Dispaiilis.
1248 2328 1323 2358 Div.
1337 2327 1424 2358 i.36.
1448 2327 1483 2356 in
1500 2327 1650 2366 disparili
1665 2324 1723 2356 ad-

986 2372 1169 2412 spiratione
1184 2376 1363 2402 terrarum.

1032 2415 1246 2455 Dispensare,
1270 2415 1515 2451 administrare,
1532 2422 1722 2454 procurare.

989 2459 1059 2490 Att.
1084 2460 1128 2489 xi.
1157 2463 1184 2489 l.
1216 2459 1271 2498 qui
1296 2465 1425 2489 nostras
1448 2468 1499 2488 res
1523 2457 1723 2487 domesticas

988 2503 1194 2542 dispensavit.
1226 2503 1439 2543 *disponere
1469 2502 1527 2532 Or.
1544 2502 1565 2532 i.
1581 2504 1634 2531 31.
1659 2500 1723 2532 dis-

981 2556 1121 2587 pensare
1137 2547 1284 2577 inventa.

1032 2590 1250 2630 Dispensatio‚
1276 2589 1534 2625 administratio,
1566 2597 1724 2628 procura-

987 2635 1047 2664 tio.
1077 2634 1189 2664 Rabir.
1206 2634 1261 2664 Po.
1283 2637 1330 2664 10.
1361 2633 1553 2673 dispensatio
1567 2632 1678 2671 regia3
1704 2641 1725 2662 a

989 2688 1056 2717 qua
1070 2678 1222 2708 Rabirius
1239 2678 1395 2708 dioeeetes
1416 2675 1615 2716 appellatur.
1644 2675 1722 2709 Vat.

992 2725 1041 2752 15.
1065 2722 1256 2760 dispensatio
1272 2721 1390 2751 aerarii.
1414 2720 1455 2750 ef.
1470 2721 1540 2750 Att.
1557 2730 1607 2750 xv.
1628 2721 1678 2749 15.

1032 2765 1217 2805 Dispersus.
1249 2765 1305 2795 Or.
1321 2765 1341 2794 i.
1358 2766 1411 2795 42.
1443 2763 1523 2794 dum
1545 2763 1629 2800 haec,
1647 2770 1724 2802 quae

988 2808 1129 2849 dispersa
1151 2814 1244 2846 sunt,
1265 2812 1444 2848 coguntur.
1469 2807 1501 2838 h.
1518 2818 1547 2838 e.
1571 2806 1723 2836 nondum

988 2852 1029 2881 ad
1054 2857 1146 2883 certa
1168 2863 1292 2892 genera
1314 2858 1349 2882 et
1371 2851 1494 2881 formas
1519 2854 1673 2880 revocata
1687 2852 1723 2879 et

987 2895 1179 2933 distributa,
1205 2896 1352 2935 adeoque
1378 2904 1445 2925 non
1472 2894 1514 2924 ad
1545 2894 1627 2924 artis
1655 2892 1724 2924 sors-

987 2949 1077 2971 mam
1096 2940 1241 2971 redacta.
1265 2939 1307 2970 cf.
1326 2939 1426 2970 Petit.
1443 2938 1542 2970 Cons-
1561 2940 1590 2968 1.
