1920 3196
680 99 826 128 INDEX
857 97 1154 127 LATINITATIS.

170 196 349 219 servaram.
388 187 429 217 ad
455 186 532 218 Div.
556 187 624 217 xiii.
647 187 699 220 27.
736 188 902 218 observare

171 231 477 261 commendationes
488 231 628 267 alicujus
641 242 646 259 :
669 230 700 260 h.
714 240 742 260 e.
755 231 900 270 comple-

171 275 215 304 eti
232 285 322 311 eum,
339 275 394 313 qui
411 274 664 304 commendatus
681 281 742 304 cst.
772 275 900 305 *Tusa

169 327 200 348 v.
229 321 282 348 41.
317 324 448 347 tantam
478 318 705 357 praestantiam
743 318 777 348 in
808 319 901 348 bonis

169 361 272 392 animi
298 370 367 390 csse
394 361 524 398 dicunt,
550 368 588 391 ut
614 361 654 390 ab
681 360 729 391 his
757 362 900 401 corporis

168 409 307 433 externa
328 405 500 435 observent.
547 404 718 434 Bentleius
742 405 899 434 emenda·

168 446 243 476 bat:
277 449 421 487 corporis
452 453 486 478 et
509 452 645 477 externa
667 449 897 479 obscurentur.

167 491 285 530 probat
301 491 465 521 Buherius
483 491 523 521 ad
538 491 571 520 h.
588 491 609 520 l.

215 533 406 564 observatio.
434 535 567 564 Muren.
583 537 635 565 ⁶24.
658 535 898 572 observationes,

164 578 430 614 testificationes,
462 578 671 608 seductiones
707 579 899 608 testium—-

165 621 485 651 animadvertebant.
530 622 660 660 Nempe
679 621 845 661 Sulpicius
863 628 898 651 et

164 665 235 703 ejus
259 666 357 695 amici
382 665 557 704 diligenter
579 665 796 695 observabant
820 665 896 695 Mn-

164 717 293 746 renam,
310 714 344 738 et
363 709 500 746 amicos,
515 710 540 738 si
565 719 663 747 quam
682 709 894 745 largitionem

162 751 321 782 facerent.
351 752 435 782 *()r.
454 753 474 782 i.
491 755 543 782 ⁴20.
573 752 799 790 eloquentiam
824 763 895 782 csse

161 795 420 833 observatione-m,
446 805 510 825 non
536 803 653 826 arteni.
685 796 761 826 Div.
787 797 817 826 ii.
843 800 895 830 71.

162 838 322 869 diuturna
338 841 511 870 observatio
533 839 686 869 notandis
703 839 799 869 rebus
816 840 896 870 fecit

163 885 280 912 artem.
304 883 345 912 cf.
363 884 383 913 i.
401 886 453 917 49.
478 884 541 913 Off.
558 884 591 913 ii.
609 885 660 913 ⁶14.

211 925 426 963 Obserzvitare,
457 937 516 967 pro
549 927 724 957 observare.
762 927 838 957 Div.
871 927 893 957 i.

160 971 213 1000 45.
238 970 299 999 Sed
316 981 344 998 v.
362 976 431 999 not.

209 1012 314 1049 Obses,
345 1015 477 1053 pignus,
505 1012 726 1052 quodcunque
757 1014 891 1052 signum

160 1062 289 1086 certum
304 1057 483 1087 voluntatis
497 1057 556 1086 ἃς.
583 1056 716 1087 Cluent.
731 1061 782 1087 30.
800 1057 892 1086 ‹lam-

160 1100 331 1130 nationem
346 1101 482 1131 dederat
496 1101 630 1130 obsidem
649 1101 707 1130 διο.
732 1101 765 1130 in
780 1101 891 1131 taecil.

158 1143 211 1173 ⁴22.
244 1144 358 1174 obsides
383 1155 403 1174 a
425 1144 517 1174 nobis
541 1144 640 1173 habet
663 1144 816 1184 populus.
849 1144 890 1174 cf.

159 1186 256 1217 Catil.
281 1188 322 1218 iv.
347 1190 378 1219 2.
409 1188 490 1218 Coel.
508 1189 561 1218 32.
599 1188 717 1218 obsides
740 1188 893 1228 periculi.

155 1230 212 1260 ubi
228 1240 257 1260 v.
276 1236 345 1261 not.

204 1273 359 1305 Obsessus.
382 1275 478 1305 Rosc.
492 1274 529 1305 A.
548 1278 596 1304 ll.
620 1276 736 1305 obsessa
752 1275 887 1306 domus:

155 1315 188 1346 h.
204 1327 233 1347 e.
256 1318 296 1347 ab
320 1318 391 1348 aliis
415 1324 589 1358 occupata,
607 1325 646 1348 ut
669 1319 797 1357 ingredi
823 1329 888 1349 non

155 1361 271 1399 possis.
300 1361 441 1392 *Vatia
459 1365 488 1396 7.
519 1363 652 1392 obsessus
674 1362 885 1393 tribunatus:

155 1403 189 1433 h.
206 1414 235 1434 e.
252 1415 317 1444 quo
334 1415 398 1435 non
416 1405 495 1435 licet
511 1406 631 1443 faeere,
647 1416 721 1444 quae
737 1406 829 1436 velis.

202 1447 360 1486 Obsidere,
383 1449 523 1489 replere,
545 1460 718 1489 occupare.
749 1450 827 1480 Nat.
843 1450 887 1481 D.

155 1490 177 1520 i.
194 1493 247 1522 23.
277 1493 467 1533 corporibus
487 1494 594 1523 omnis
609 1494 769 1523 obsidetur
785 1493 887 1524 locus.

151 1534 343 1574 *speculari
359 1537 498 1574 curiose,
510 1537 616 1567 flacc.
630 1539 682 1568 534.
705 1537 820 1567 obsidet
836 1548 887 1567 ro-

152 1582 221 1608 stra
252 1581 354 1609 curia.
393 1580 492 1610 Catil.
516 1581 537 1610 i.
565 1584 613 1610 10.
648 1582 786 1611 obsidere
815 1588 886 1611 stu-

150 1631 260 1662 prum.
290 1623 363 1653 Aet.
381 1624 402 1654 i.
417 1623 510 1654 Verr.
527 1625 558 1655 2.
588 1624 644 1663 qui
669 1635 780 1654 meum
798 1630 884 1654 teui-

149 1675 211 1705 pus
234 1667 404 1697 obsideret.-
435 1677 480 1697 sc.
497 1674 536 1697 ut
561 1668 643 1697 mihi
671 1668 798 1697 insidiis
821 1671 885 1698 eri-

149 1709 232 1749 piat.
268 1711 470 1750 *eleganter
498 1717 610 1741 orator
637 1712 760 1741 dicitur
790 1712 884 1742 audi-

148 1758 255 1783 torem
271 1754 408 1784 obsedere
422 1758 456 1784 et
471 1758 598 1792 tenere,
609 1755 702 1785 Orat.
720 1756 772 1785 6⁶2.
804 1766 881 1785 cum

148 1805 225 1826 eum
246 1797 319 1835 jam
343 1798 405 1828 sibi
431 1798 597 1828 faventem
623 1799 765 1828 reddidit
789 1803 822 1828 et
847 1801 880 1829 in

146 1849 241 1870 suam
256 1842 458 1871 sententiam
474 1841 608 1882 impulit
624 1850 657 1872 et
673 1842 822 1873 adduxit.

195 1882 329 1921 Obsidio,
359 1885 560 1925 periculum,
589 1886 677 1925 quod
707 1886 748 1916 ab
776 1886 880 1917 altero

146 1926 240 1957 nobis
256 1929 398 1958 struitur
414 1935 447 1959 et
471 1930 567 1960 rebus
585 1930 715 1959 nostris.
746 1930 787 1959 ad
801 1931 879 1962 Div.

144 1979 174 1999 v.
192 1971 221 2000 6.
249 1973 307 2010 qui
329 1972 543 2003 fceneratores
567 1984 603 2003 ex
628 1974 781 2004 obsidione
804 1984 879 2004 exe-

144 2015 262 2044 merit:
287 2015 320 2045 h.
343 2026 370 2045 e.
394 2015 545 2046 liberavit
569 2027 589 2046 a
610 2017 757 2056 periculo
778 2028 878 2057 pecu-

144 2057 208 2086 niae
232 2059 420 2097 perdendae,
444 2059 531 2098 quod
558 2070 578 2090 a
603 2060 818 2097 Catilinariis,
843 2066 878 2092 et

144 2100 201 2138 qui
216 2101 346 2132 tabulas
367 2112 467 2132 novas
490 2104 562 2133 fieri
584 2103 751 2141 volebant,
768 2110 875 2135 strue-

144 2142 253 2174 batur.
289 2146 471 2186 (cf.Rabir.
491 2147 586 2177 Perd.
617 2148 680 2185 10.)
721 2149 874 2179 Ductum

141 2187 274 2218 videtur
286 2199 304 2218 e
320 2189 429 2220 Plauti
445 2190 574 2220 Asinar.
590 2192 624 2221 ii.
641 2194 672 2222 9.
695 2195 743 2222 14.

189 2230 378 2270 obsignare,
386 2234 530 2272 signare,
538 2235 742 2274 subsignare.
753 2236 872 2275 Quint.

141 2275 194 2304 21.
225 2276 394 2315 obsignare
415 2277 565 2308 tabellas.
603 2279 712 2308 Pison.
733 2281 786 2310 528.
811 2282 871 2309 ὄις.

139 2317 179 2347 de
202 2320 395 2351 testimonio
417 2322 578 2360 obsignato
602 2322 643 2352 ad
666 2324 736 2353 Att.
761 2324 795 2353 ii.
824 2325 872 2354 12.

138 2360 212 2392 init.
232 2372 260 2394 ν.
281 2364 365 2403 inpr.
389 2364 527 2395 Salmas.
550 2366 637 2396 mod.
658 2366 757 2396 Usur.
775 2377 803 2395 c.
824 2370 872 2397 11.

137 2404 244 2435 *Dim
272 2407 306 2437 ii.
335 2411 388 2442 70.
425 2409 593 2447 obsignata
620 2415 758 2439 natura:
792 2416 873 2441 sunt

135 2448 313 2480 muliebria
342 2452 390 2482 ita
417 2452 602 2490 obstructa,
628 2458 666 2483 ut
697 2454 871 2493 concipere

135 2491 263 2523 femina
289 2499 323 2524 et
348 2505 463 2535 parere
495 2505 562 2525 non
590 2498 703 2536 possit.
743 2496 870 2527 Plinius

137 2533 181 2565 H.
193 2535 235 2566 N.
248 2537 303 2567 vii.
317 2539 364 2569 16.
384 2539 530 2577 genitale
547 2548 743 2570 concretum
760 2541 872 2580 appel-

134 2575 194 2608 lat.
240 2579 347 2611 Graeci
369 2581 454 2612 tales
479 2582 621 2613 feminas
648 2583 789 2626 ἀτρίπτους
817 2594 871 2613 vo-

135 2625 225 2697 slzgnt.
263 2633 292 2654 v.
315 2625 400 2665 inpr.
423 2625 580 2665 Rutgers.
604 2627 681 2657 Var.
702 2627 797 2658 Lect.
823 2628 870 2658 iii.

181 2707 386 2750 obsignator,
414 2713 577 2752 signator,
604 2714 659 2753 qui
683 2714 868 2753 subsignat.

133 2749 240 2783 Flacc.
274 2755 327 2785 36.
367 2756 540 2786 decisionis
571 2758 766 2795 obsignatm‘.
796 2758 869 2789 Att.

129 2796 187 2826 xii.
207 2799 255 2828 18.
279 2798 493 2838 obsignatores
507 2805 801 2831 testamentorum.

151 2881 157 2887 ·
179 2838 346 2879 Obsistere,
363 2842 551 2874 defendere.
584 2843 719 2874 Cluent.
741 2848 788 2878 17.
817 2845 868 2874 ob-

130 2887 239 2917 sistere
260 2885 404 2918 criminin
434 2886 536 2920 *Fin-
552 2887 598 2918 iii.
614 2891 645 2922 9.
675 2892 709 2918 et
724 2887 796 2919 aliis
821 2889 868 2919 lo-

1602 84 1682 133 871

945 187 1010 216 cis:
1035 187 1180 216 obsistere
1192 185 1287 214 visis:
1313 183 1346 215 h.
1362 193 1391 214 e.
1415 193 1482 214 non
1497 184 1614 214 statim
1632 193 1685 216 as-

945 231 1073 267 sentiri,
1092 240 1132 259 ne
1149 229 1325 268 decipiare.

993 273 1132 311 Obsilus,
1156 273 1315 302 consitus.
1342 270 1436 302 Verr.
1454 271 1501 301 iii.
1522 274 1570 302 18.
1603 272 1682 302 obsi·

944 321 997 347 eus
1012 326 1160 356 campus.

987 360 1140 390 Obsolere.
1173 358 1255 388 Phil.
1275 358 1309 388 ii.
1325 360 1379 388 41.
1410 357 1467 387 ubi
1490 361 1605 388 tamen
1622 357 1679 388 alii

941 403 1157 439 obsolescere,
1176 402 1230 432 alii
1248 401 1431 431 obsolefieri
1449 401 1632 440 corrigunt.

989 447 1163 482 obsoletus,
1181 446 1379 475 inusitatus:
1405 445 1600 484 opponitur,
1619 454 1678 474 no-

939 500 1012 527 vuS‚
1030 491 1212 520 inauditus.
1238 489 1329 518 Verr.
1347 498 1376 518 v.
1391 490 1443 517 44.
1467 487 1598 518 obsoleta
1615 489 1678 518 cri-

941 534 1042 563 mina.
1074 534 1160 564 *On
1184 533 1231 562 iii.
1247 537 1278 566 9.
1305 532 1463 562 obsoletior
1484 532 1602 569 oratio,
1627 531 1677 561 di-

940 579 1029 607 citur
1048 588 1098 614 ca,
1116 586 1189 616 quae.
1214 575 1344 605 nullum
1370 574 1537 604 delectum
1562 575 1678 605 verbo-

939 631 1012 651 rum
1038 630 1098 650 nee
1121 624 1276 650 ornatum
1302 619 1412 648 habet.
1449 618 1516 647 *de
1541 628 1592 656 eo,
1617 619 1674 657 qui

939 665 972 694 in
991 664 1083 694 luctu
1101 671 1135 693 et
1158 663 1308 693 sordibus
1329 667 1391 692 est.
1420 661 1527 692 Pison.
1544 663 1596 692 36.
1621 663 1676 700 ja-

939 708 1036 737 cuisti
1057 716 1198 737 moerens
1223 707 1350 744 aliquot
1373 705 1455 743 dies,
1472 709 1571 744 atque
1596 705 1673 736 inde

935 753 1083 782 obsoletus
1095 748 1541 780 Thessalonicam—venisti.

984 795 1152 825 obsonare.
1169 793 1266 823 Tusc.
1279 804 1308 822 v.
1317 795 1369 823 34.
1381 793 1528 823 obsmlare
1537 792 1672 823 famem.

984 838 1131 875 Obstaoe,
1148 838 1277 867 officere
1301 836 1394 875 quasi
1414 835 1597 866 luminibus
1614 837 1674 867 ali-

936 883 1042 921 cujus.
1074 892 1102 912 v.
1119 882 1260 911 officere.
1287 880 1375 910 Sext.
1392 882 1444 911 ΞΟ.
1468 881 1593 910 obstare
1609 880 1671 910 sibi

936 935 1001 955 me.
1028 925 1189 955 *nocere
1228 924 1324 954 Rosc.
1349 923 1388 953 A.
1417 925 1468 955 5⁶2.
1507 924 1672 962 numquid

935 969 989 998 hic
1020 969 1111 998 aliud
1143 968 1261 998 videtis
1286 968 1409 997 obstare
1443 967 1576 1005 Roscio,
1607 968 1670 998 nisi

933 1013 1018 1051 quod
1038 1013 1139 1052 patris
1156 1013 1243 1042 bona
1259 1011 1454 1041 venierunt?

981 1056 1167 1087 Obste'natio.
1201 1055 1293 1085 Prov.
1325 1055 1424 1084 Cons.
1451 1057 1500 1088 17.
1530 1053 1670 1084 obstina-

932 1101 1015 1130 tione
1030 1100 1171 1139 quadam
1196 1098 1372 1128 sententiae
1397 1097 1601 1138 repudiavit:
1634 1098 1668 1127 in

932 1143 1051 1173 bonam
1071 1147 1197 1183 partem
1215 1143 1354 1172 dictum.

980 1187 1140 1227 Obstipus‚
1150 1187 1189 1216 de
1203 1187 1329 1215 cervice
1344 1184 1462 1223 rigida,
1473 1194 1573 1223 quam
1587 1184 1668 1215 Sue-

932 1232 1046 1260 tonius
1063 1229 1222 1270 appellat,
1238 1230 1344 1268 capite
1368 1229 1402 1258 in
1417 1232 1549 1267 tergum
1569 1229 1666 1258 nimis

931 1274 1102 1304 reclinato.
1138 1273 1216 1303 Nat.
1244 1274 1286 1303 D.
1317 1273 1351 1302 ii.
1381 1273 1434 1302 4⁵2.
1472 1271 1513 1301 cf.
1544 1272 1666 1311 fragm.

930 1318 1024 1348 Arat.
1047 1319 1120 1348 init.
1147 1322 1181 1347 et
1204 1317 1248 1346 ibi
1275 1316 1409 1346 Gruter.
1435 1326 1466 1356 p.
1491 1316 1588 1346 4264.
1614 1315 1665 1346 ed.

930 1361 1072 1391 Gronov.
1091 1361 1144 1400 qui
1165 1360 1325 1397 ostendit,
1343 1359 1405 1389 hoc
1423 1359 1558 1388 verbum
1583 1359 1668 1389 duo-

932 1405 991 1435 bus
1017 1405 1121 1435 modis
1147 1405 1224 1442 dici,
1249 1410 1284 1433 et
1316 1403 1451 1442 quidem
1481 1403 1668 1433 contrariis.

930 1449 982 1478 Sic
1000 1459 1051 1488 ap.
1068 1450 1206 1478 Sueton.
1222 1447 1297 1478 Tib.
1310 1447 1417 1476 cervix
1441 1447 1558 1485 obstipa
1576 1450 1609 1475 et
1624 1447 1668 1476 ri-

931 1491 1026 1531 gida:
1052 1493 1107 1522 ubi
1124 1492 1210 1521 male
1235 1491 1451 1521 Casaubonus
1468 1490 1668 1530 interpreta—

926 1541 984 1566 tur
1001 1535 1040 1566 de
1057 1537 1163 1576 capite
1180 1534 1221 1565 ad
1241 1540 1365 1565 terram
1389 1534 1507 1564 defixo.
1552 1535 1667 1573 Sequi-

928 1586 984 1609 tur
1006 1580 1114 1609 enini:
1147 1579 1217 1609 haec
1241 1579 1355 1608 omnia
1378 1579 1509 1617 ingrata
1524 1584 1558 1607 et
1575 1587 1663 1606 arro-

927 1624 1051 1662 gantiae
1067 1623 1183 1663 plena:
1211 1622 1299 1662 quod
1317 1632 1382 1651 non
1407 1626 1519 1661 potest
1539 1620 1665 1650 intelli-

927 1668 959 1706 gi
977 1668 1037 1697 nisi
1065 1667 1104 1696 de
1129 1667 1254 1696 cervice
1280 1666 1377 1695 nimis
1403 1664 1575 1695 reclinata.
1620 1665 1665 1694 At

926 1716 1043 1740 contra
1067 1711 1176 1740 cervix
1199 1709 1306 1749 rigida
1328 1719 1380 1749 ap.
1403 1708 1474 1738 Liv.
1495 1719 1592 1738 xxxv.
1613 1711 1663 1738 ll.

925 1761 975 1784 cst
995 1754 1034 1784 de
1051 1755 1142 1793 equis
1160 1753 1398 1790 Numidarum,
1412 1753 1468 1791 qui
1486 1753 1598 1792 capita
1614 1754 1663 1782 ni-

926 1798 986 1828 mis
1004 1798 1209 1837 protendunt
1226 1807 1263 1826 ae
1279 1797 1475 1827 demittunt.

974 1841 1126 1879 obsutus,
1149 1841 1292 1871 fulmine
1316 1846 1439 1870 tactus.
1471 1839 1553 1879 Leg.
1578 1840 1611 1869 ii.
1627 1845 1659 1874 9.

922 1885 1057 1924 fulgura
1079 1889 1179 1924 atque
1204 1885 1317 1915 obstita
1345 1884 1512 1923 expianto.
1543 1894 1573 1913 v.
1600 1883 1658 1913 Fe-

920 1935 991 1959 stus
1008 1930 1041 1958 in
1060 1929 1121 1959 bae
1139 1939 1168 1959 v.
1186 1932 1220 1958 et
1233 1929 1277 1958 ibi
1297 1927 1513 1966 Interpretes.
1559 1927 1657 1957 Sava-

922 1982 957 2002 ro
981 1973 1023 2002 ad
1046 1973 1158 2002 Sidon.
1176 1972 1286 2002 Carni.
1305 1972 1349 2001 ix.
1367 1974 1437 2005 139.
1468 1972 1548 2011 (non
1569 1969 1654 2008 180.)

921 2026 1019 2055 quem
1037 2016 1151 2046 laudat
1174 2015 1309 2052 Davies,
1326 2013 1409 2044 nihil
1433 2014 1471 2044 de
1496 2014 1558 2044 hac
1575 2024 1655 2043 voce

920 2059 1033 2097 habet,
1049 2060 1107 2090 sed
1128 2064 1264 2091 tantum
1282 2058 1321 2088 de
1337 2058 1417 2089 locis
1442 2057 1582 2088 fulmine
1606 2061 1656 2088 ta-

917 2104 978 2134 ctis
997 2104 1077 2142 agit.

966 2147 1162 2187 obstrepere.
1187 2147 1281 2177 Orat.
1296 2146 1343 2176 iii.
1363 2148 1412 2176 13.
1437 2149 1583 2175 oratores
1599 2144 1656 2174 ob-

915 2192 1003 2221 scuri
1023 2191 1196 2228 dicuntur,
1211 2191 1273 2220 sibi
1296 2190 1359 2230 ipsi
1383 2191 1416 2220 in
1441 2188 1580 2219 dicendo
1604 2190 1655 2218 ob-

914 2239 1063 2274 strepere.
1095 2233 1246 2264 Marcell.
1263 2237 1292 2264 3.
1324 2243 1375 2263 res
1399 2233 1543 2262 clamore
1566 2232 1655 2262 mili·

915 2284 989 2308 tum
1013 2279 1147 2318 obstrepi
1171 2278 1343 2308 videntur:
1369 2277 1401 2307 h.
1418 2287 1447 2306 e.
1470 2277 1654 2312 obscurari,

916 2326 953 2351 ut
976 2322 1087 2352 minus
1111 2321 1257 2351 illustres
1280 2321 1373 2359 sint3
1406 2320 1440 2350 in
1464 2330 1529 2358 quo
1551 2320 1654 2350 etiam

916 2365 1095 2395 insolentia
1111 2365 1371 2395 constructionis
1389 2363 1545 2393 notanda.

965 2409 1185 2448 Obstrivgwe,
1210 2409 1258 2438 ita
1281 2408 1404 2437 dicitur
1429 2414 1466 2437 ut
1493 2406 1653 2446 obligare.

914 2463 945 2482 v.
963 2453 1120 2491 obligare.
1150 2452 1243 2482 Verr.
1261 2453 1281 2482 i.
1299 2454 1329 2482 3.
1358 2450 1536 2481 sceleribus
1555 2460 1588 2480 se
1602 2452 1653 2481 ob-

914 2498 1086 2535 stringere.
1126 2496 1166 2525 ad
1190 2495 1266 2526 Div.
1293 2496 1336 2525 xi.
1366 2498 1415 2525 10.
1452 2504 1516 2524 aere
1544 2493 1654 2524 alieno

914 2541 1110 2578 obstringere
1134 2541 1192 2569 &a
1230 2539 1318 2569 *On
1343 2539 1376 2569 ii.
1401 2538 1454 2568 66.
1492 2538 1586 2567 Verr.
1611 2538 1654 2567 iv.

915 2586 967 2615 51.
997 2583 1156 2622 religione
1181 2583 1377 2621 obstringere
1406 2581 1565 2620 aliquem,
1589 2586 1654 2618 est,

912 2627 1035 2663 facere,
1060 2634 1100 2656 ut
1131 2626 1248 2665 aliquis
1275 2626 1470 2665 religionem
1502 2625 1654 2655 Deorum

912 2670 1024 2701 laedat.

963 2714 1152 2750 Obststetus,
1168 2712 1342 2749 obnoxius,
1360 2711 1415 2750 qui
1440 2715 1490 2741 est
1514 2712 1549 2741 in
1573 2711 1657 2741 alte-

913 2758 982 2787 rius
999 2761 1177 2796 potestate.
1206 2755 1288 2786 Csel.
1308 2759 1355 2789 19.
1380 2756 1548 2785 obstrietus
1562 2755 1656 2785 volu-

914 2801 1064 2841 ptatibus
1080 2805 1228 2829 tenetur.
1257 2799 1300 2829 ib.
1317 2800 1369 2829 32.
1394 2799 1580 2836 addictum,
1598 2798 1654 2828 de·

914 2845 1037 2880 ditum,
1054 2844 1239 2875 obstrictum
1257 2843 1346 2872 vobis
1363 2842 1538 2872 babebitis.

960 2887 1154 2925 obstructio,
1180 2887 1220 2918 de
1247 2884 1472 2919 simulatione.
1508 2886 1598 2916 Sext.
1625 2888 1657 2920 9.

998 2939 1017 2961 ιι
1035 2931 1054 2961 b
1071 2932 1090 2962 2
