1985 3206
731 88 876 121 INDEX
908 89 1205 119 LATINI'PA'rls.

259 186 449 219 Anhelatus.
479 183 536 215 Or.
557 183 604 214 iii.
625 185 674 214 11.
705 183 861 214 anhelata
876 189 948 210 ver-

207 227 270 262 ba.
285 230 402 260 vitium
420 229 454 258 in
470 226 733 268 pronunciando.

259 274 394 305 Anima.
427 272 469 302 ad
485 272 562 302 Div.
578 271 645 300 viii.
666 274 713 301 13.
746 268 948 300 Hortensius

217 319 365 348 animam
392 316 521 355 agebat.
546 314 646 344 morti
673 314 841 354 proximus
866 316 948 341 erat.

218 360 315 391 Rosc.
339 360 432 389 Com.
451 362 479 389 8.
507 359 533 387 si
557 364 595 387 tu
620 357 678 387 hos
702 363 846 396 quaestus
870 355 952 384 reci-

219 414 298 444 pere
314 412 438 443 posses„
456 411 522 431 non
544 401 660 431 eodem
677 406 826 440 tempore
843 405 878 428 et
895 407 950 436 ge-

218 454 309 478 stum
327 451 360 476 et
377 447 524 476 animam
549 453 672 483 ageres.
691 444 804 482 jocose
829 442 868 472 de
893 441 952 471 ho-

220 491 310 520 mine
328 490 426 519 nimis
444 488 564 528 cupido
583 488 744 527 pecuniae.
769 486 788 503 *Ψ
800 496 858 526 pro
871 486 951 514 vita.

221 535 295 564 Cat.
320 534 361 563 iv.
386 537 417 566 9.
441 532 480 561 ‹le
505 532 687 570 conjugum
711 540 748 560 ac
772 529 950 559 liberorum

220 583 407 608 vestrorum
424 577 548 605 anima.

262 620 518 651 Animadversio.
545 619 601 648 Or.
619 620 670 648 55.
702 616 830 646 notatio
856 619 954 645 natu-

221 674 266 695 1·ae
289 670 325 694 et
347 663 585 694 animadversio
602 661 731 701 peperit
755 666 873 689 artem.
897 660 954 688 Or.

221 708 256 738 ii.
279 710 330 739 34.
355 712 455 745 atque
479 706 540 735 hoc
562 710 674 734 totum
695 711 747 734 est
768 704 834 733 sive
859 703 952 737 artis,

221 752 288 781 sive
319 749 616 785 animadversionis,
645 748 712 777 sive
741 745 955 776 consuetudi-

223 796 289 832 nis,
313 804 406 824 nosse
430 794 594 832 regiones,
618 793 707 822 intra
729 800 809 830 quas
834 798 953 818 venere

224 845 260 869 et
286 838 500 878 pervestiges‚
527 835 614 875 quod
640 843 778 874 quaeras.
811 834 906 864 Offic.
934 833 955 862 i.

223 884 275 916 29.
298 881 533 912 animadversio
556 885 590 909 et
614 878 787 917 diligentia
809 877 956 906 excitan-

225 926 277 956 da.
302 925 398 955 aliter
418 929 469 955 est
491 924 547 954 Or.
573 926 623 957 57.
647 922 792 961 effugere
808 920 956 950 animad—

223 968 408 1004 v‘ersiaemem,
434 968 455 998 i.
481 977 509 997 e.
534 976 574 996 ne
609 965 894 996 animadvertatur
917 963 956 993 ab

229 1012 454 1043 audientibus.
477 1010 633 1040 *Caecim
656 1011 703 1039 1⁶2.
728 1008 849 1038 actoris
867 1009 959 1037 notio

228 1063 262 1086 et
280 1055 512 1086 animadversio
529 1054 587 1083 ἃς.
619 1052 658 1082 de
684 1052 745 1082 hoc
764 1051 834 1081 loco
852 1050 961 1080 multa.

227 1104 307 1130 nunt
334 1099 515 1138 disputata,
539 1097 657 1135 quibus
685 1095 732 1125 nil
763 1094 957 1135 expeditum

228 1149 279 1173 est
295 1155 302 1172 z
328 1152 399 1181 quae
416 1141 479 1171 sid.
496 1141 529 1170 in
547 1140 597 1169 ed.
616 1139 801 1169 Graeviana.
836 1139 870 1168 Si
887 1147 958 1167 ver-

227 1186 271 1216 ba
286 1186 356 1216 haec
371 1190 450 1215 sunt
473 1194 492 1213 a
516 1184 689 1219 Cicerone,
706 1192 771 1212 non
797 1181 959 1222 capienda

228 1235 307 1259 suut
333 1229 392 1265 ita,
416 1233 455 1258 ut
478 1227 570 1257 notio
594 1232 627 1256 et
653 1226 890 1256 animadversio
913 1226 958 1255 sit

227 1273 347 1303 actoris
363 1276 534 1310 tamquam
554 1270 784 1309 cognoscentis
801 1274 835 1299 et
851 1270 957 1299 anim-

227 1316 445 1346 advertentis.-
469 1320 592 1355 praetor
614 1314 702 1343 enim
727 1313 827 1343 habet
851 1313 959 1342 notio-

228 1369 307 1390 nem
332 1364 368 1389 et
393 1358 716 1394 animadversionem,
744 1366 810 1386 non
841 1361 958 1392 actm-3

229 1403 287 1433 ned
310 1407 348 1433 ut
372 1401 560 1432 vindicandi
584 1402 703 1431 actoris
727 1405 761 1430 et
777 1399 958 1430 ulciscendi

229 1452 264 1477 et
288 1446 487 1476 defendendi
507 1445 593 1484 juris
620 1445 689 1482 ejus
716 1454 816 1473 causa
839 1449 961 1483 praetor

230 1497 409 1529 cognoscat
439 1494 473 1519 et
502 1489 755 1519 animadvertat.
784 1488 837 1516 Sic
865 1487 962 1517 Rosc.

229 1534 305 1564 Am.
335 1535 389 1564 24.
427 1537 603 1572 parentum
633 1540 749 1571 poenae.
790 1530 869 1560 Cael.
906 1532 959 1564 ⁶29.

229 1577 310 1616 reip.
336 1586 443 1616 poena.
475 1576 579 1605 Flacc.
605 1578 656 1605 38.
688 1574 824 1604 Lentuli
850 1583 959 1614 poena,

228 1630 330 1659 quam
347 1620 419 1659 quis
444 1619 507 1649 luit
522 1624 657 1658 propter
671 1623 838 1658 parentes,
856 1628 961 1658 remp.

227 1663 425 1695 Lentulum.
442 1663 505 1692 vid.
523 1663 655 1692 Punire.
673 1661 914 1692 Condemuare.

275 1707 515 1737 Animadverte.
538 1706 579 1735 ad
602 1706 678 1736 Div.
702 1706 745 1735 xi.
769 1708 821 1739 97.
853 1705 962 1744 digni-

230 1755 283 1781 tas
306 1758 365 1781 tua
388 1751 468 1780 facit
490 1754 529 1780 ut
551 1750 852 1785 animadvertatur,
870 1749 962 1787 quic-

230 1794 313 1833 quid
338 1794 448 1823 facias.
478 1793 579 1823 latere
605 1802 673 1822 non
699 1793 815 1832 possit,
843 1792 901 1822 sed
927 1792 961 1821 in

233 1847 401 1867 sermones
425 1837 599 1866 hominum
624 1832 746 1865 veniat.
770 1836 865 1866 Rosc.
887 1835 962 1865 Am.

231 1883 285 1912 40.
309 1881 569 1912 animadvertere
584 1888 732 1920 pecc-rita,
746 1880 767 1909 i.
785 1890 814 1909 e.
830 1880 962 1919 punire,

233 1926 311 1963 quia
333 1925 519 1965 puniuntur
544 1929 692 1964 peccata,
710 1933 786 1953 cum
813 1924 964 1953 animad-

231 1973 410 1999 vertuntur
432 1974 468 1998 et
490 1972 758 2007 cognoscuntur3
784 1976 860 1996 cum
886 1976 964 1996 con-

234 2016 301 2049 tra,
318 2022 384 2041 non
400 2012 531 2051 punire,
547 2011 604 2048 sit,
621 2010 787 2049 negligere
805 2015 952 2049 peccata.

276 2056 467 2086 Aaimabilz's
483 2059 614 2085 natura.
636 2054 715 2084 Nat.
734 2054 777 2084 D.
790 2054 822 2083 ii.
837 2054 890 2085 36.
914 2058 966 2084 est

235 2101 302 2129 aer.

278 2142 449 2172 Animalc's.
478 2141 579 2171 Tuse.
605 2140 627 2170 i.
658 2144 706 2175 17.
732 2141 904 2177 (minimos,
934 2140 968 2171 id

234 2188 299 2223 est,
325 2184 504 2224 spirabiles.
526 2184 676 2225 *aei-ius.
702 2184 744 2215 N.
770 2184 813 2214 D.
840 2185 886 2214 iii.
918 2187 967 2214 14.

236 2235 358 2258 natura
369 2230 532 2259 animalis.
550 2228 679 2258 *vivus
704 2227 774 2258 Inv.
791 2228 825 2258 ii.
842 2231 868 2258 l.
893 2229 966 2258 aui-

233 2273 320 2302 male
337 2272 539 2312 exemplum.

277 2316 452 2346 Animatio.
480 2315 520 2345 de
546 2315 638 2346 univ.
665 2317 695 2353 ξ.
722 2318 771 2346 10.
794 2319 845 2345 est
868 2313 967 2354 ἐμψύ-

233 2370 339 2399 χωσις.

276 2403 426 2433 Animose
455 2403 574 2433 vivere.
608 2402 672 2433 Off.
705 2402 726 2432 i.
758 2402 811 2434 96.

232 2447 352 2477 animo.

276 2490 428 2526 Animus,
446 2499 505 2529 pro
522 2490 644 2519 anima.
668 2489 710 2519 N.
727 2489 770 2520 D.
786 2489 820 2518 ii.
838 2489 868 2519 6.
887 2492 973 2519 extr.

230 2534 363 2564 animus
381 2533 556 2573 spirabilis,
570 2533 656 2572 *pro
680 2533 875 2573 cupiditate.
899 2532 972 2562 Att.

232 2577 291 2606 xii.
306 2577 358 2606 46.
382 2578 513 2606 vincere
530 2578 691 2607 (mimum.
712 2576 754 2607 cf.
774 2576 924 2606 Marcell.
942 2579 973 2607 3.

849 2411 970 2441 magno

233 2620 253 2639 ⁸
268 2619 402 2650 Cluent.
426 2622 479 2651 42.
504 2621 550 2650 vis
575 2622 690 2650 animi.
714 2620 736 2650 i.
756 2630 785 2649 e.
803 2620 974 2656 magnitu-

233 2663 288 2695 dn.
311 2664 507 2703 *superbia‚
524 2665 711 2694 temeritas.
728 2664 763 2693 in
783 2663 895 2694 Caecil.
924 2666 973 2693 ll.

232 2708 357 2737 animos
372 2708 442 2745 ejus
459 2708 656 2738 retardaret.

277 2751 436 2788 Annales,
446 2757 526 2781 sunt
541 2751 629 2788 libri,
643 2751 762 2790 quibus
775 2759 974 2780 monumen-

234 2797 272 2824 ta
299 2793 408 2824 solum
440 2800 648 2834 temporum,
675 2794 837 2830 locorum,
868 2794 975 2824 homi-

235 2846 318 2869 num
346 2844 585 2878 gestarumque
610 2848 720 2868 rerum
746 2838 976 2868 continentur.

234 2881 292 2911 Or.
311 2881 344 2912 ii.
367 2884 417 2913 19.
440 2882 589 2914 Annales
605 2881 742 2913 maximi
759 2885 873 2913 autem
889 2882 977 2913 diee-

1649 75 1729 116 189

991 180 1128 217 bantur,
1145 187 1225 218 qnos
1243 175 1397 208 Pontifex
1414 175 1462 207 M.
1481 174 1680 206 conficiebat
1697 180 1733 206 et

992 224 1025 253 in
1051 223 1162 253 album
1186 222 1344 252 efferebat
1366 222 1425 250 ἃς.
1442 219 1520 250 ibid.
1548 219 1649 249 *Ate
1674 219 1732 249 xii.

994 269 1046 299 24.
1070 272 1119 296 est
1137 266 1252 301 etiam,
1270 264 1352 294 liber
1366 263 1506 294 annalis.

1037 311 1189 341 Annecto.
1220 309 1283 338 Off.
1300 309 1320 337 i.
1335 311 1366 338 4.
1391 307 1488 337 rebus
1512 306 1734 346 praesentibus

994 355 1138 384 annectit
1154 353 1298 389 futuras,
1314 352 1333 380 i.
1349 361 1378 381 e.
1394 362 1411 380 e
1429 350 1648 390 pra-sentibus
1666 349 1734 379 col-

995 397 1070 436 ligit
1093 397 1235 426 futuras.
1258 395 1342 434 Top.
1377 398 1426 425 13.
1453 393 1541 432 quod
1564 403 1735 423 annexum

995 447 1046 470 est
1061 453 1070 478 ;
1088 440 1213 470 (licitur
1226 447 1431 477 consequens
1445 438 1479 468 in
1491 437 1733 468 enunciatione

996 482 1228 514 conditionali.

1039 527 1302 558 Anniversarius.
1327 525 1408 555 Har.
1434 525 1474 555 R.
1496 527 1545 555 15.
1569 524 1735 555 sacrificia

996 571 1214 602 anniversarii
1231 569 1431 598 factitarint.

1040 615 1188 644 Annona.
1224 613 1370 653 pretium
1397 611 1572 647 frumenti,
1601 609 1688 649 quod
1715 620 1734 641 e

999 659 1094 698 copia
1123 662 1181 687 aut
1219 657 1388 696 paucitate
1420 655 1582 685 frumenti
1614 654 1735 691 oritur,

999 701 1086 741 quod
1114 710 1201 730 anno
1225 710 1354 738 quoque
1382 699 1546 739 provenit.
1576 698 1658 727 item
1686 698 1737 736 ip-

998 755 1071 775 sum
1080 745 1286 774 frumentum
1294 766 1302 780 ‚
1313 743 1399 781 quod
1411 742 1574 782 provenit.
1585 741 1677 771 Verr.
1688 741 1737 773 iii.

999 791 1050 823 9⁶2..
1068 789 1152 818 ratio
1165 787 1326 817 frumenti
1339 796 1355 816 e
1368 786 1573 826 temporibus
1588 789 1621 815 et
1633 793 1736 815 anno-

998 842 1043 862 na
1060 838 1110 861 est
1123 830 1370 861 consideranda.
1387 830 1465 859 ibid.
1479 832 1530 863 93.
1546 838 1680 858 minente
1692 828 1737 858 si-

999 875 1099 906 milis.
1115 876 1214 905 Dom.
1229 875 1259 904 6.
1277 883 1407 904 armona
1422 873 1544 903 durior.
1562 871 1645 902 Phil.
1663 871 1734 902 viii.

999 922 1028 951 8.
1052 919 1204 959 perfugia
1218 927 1363 948 amwnae.
1380 918 1415 946 in
1432 917 1572 946 caritate
1588 924 1736 945 cmmmoe.

1042 964 1175 994 Amzoto.
1199 961 1318 991 OEcon.
1346 961 1420 990 init.
1447 964 1632 997 annotaret,
1657 958 1740 999 quid

1001 1012 1035 1037 et
1052 1006 1182 1045 quando
1199 1005 1318 1044 cuique
1335 1004 1489 1034 dedisset.

1044 1051 1261 1080 Amzularz'us.
1300 1047 1402 1078 Acad.
1433 1048 1475 1077 iv.
1507 1047 1559 1078 96.
1600 1056 1642 1076 an
1675 1046 1740 1077 tibi

1003 1093 1201 1132 quaerendus
1225 1092 1289 1122 erit
1312 1093 1508 1122 annularz'us
1527 1090 1642 1129 aliqui,
1659 1100 1741 1129 quo-

1005 1138 1095 1167 niam
1127 1136 1339 1176 gallinarium
1370 1135 1528 1165 invenisti
1561 1134 1741 1164 Deliacum

1004 1181 1114 1217 illum,
1132 1181 1188 1218 qui
1204 1189 1265 1209 ova
1280 1179 1520 1218 cognosceret?

1043 1225 1205 1255 Annulzcs.
1223 1224 1358 1261 signum
1375 1223 1536 1261 equestris
1559 1221 1736 1261 dignitatis

1002 1274 1053 1298 est
1076 1277 1196 1298 aureus
1220 1268 1376 1303 annulus,
1393 1265 1482 1296 unde
1505 1265 1598 1296 Verr.
1621 1266 1668 1295 iii.
1686 1265 1739 1299 76.

1001 1314 1164 1343 annulum
1180 1311 1318 1340 invenit.
1336 1311 1357 1339 i.
1373 1320 1402 1339 e.
1420 1319 1519 1348 eques
1537 1309 1644 1339 factus
1662 1312 1725 1338 est.

1046 1356 1242 1386 Annumero.
1280 1354 1378 1384 Rose.
1411 1353 1487 1383 Am.
1520 1355 1571 1383 3⁶2.
1610 1362 1671 1392 ego
1705 1352 1742 1383 in

1003 1409 1102 1439 grege
1127 1407 1333 1428 annmneror.
1365 1397 1454 1428 Male
1484 1396 1571 1426 hanc
1597 1396 1742 1429 formam

1007 1442 1219 1483 reprehendit
1245 1441 1364 1471 Heius.
1388 1440 1429 1470 ad
1452 1440 1548 1471 Ovid.
1581 1440 1661 1471 Her.
1692 1439 1742 1472 16.

1004 1489 1078 1518 328.
1103 1492 1192 1516 recte
1210 1484 1358 1514 defendit
1374 1485 1599 1515 Burmannus.

1043 1530 1172 1560 Annua.
1213 1533 1298 1558 nutu
1337 1528 1539 1568 significare,
1564 1526 1648 1556 velle
1676 1535 1737 1558 nos

1006 1573 1142 1612 aliquid,
1162 1572 1249 1612 quod
1274 1571 1353 1601 alias
1370 1576 1420 1602 est
1436 1573 1547 1601 innuo.
1570 1571 1687 1611 Quint.
1709 1573 1741 1601 5.

1004 1617 1104 1648 simul
1135 1627 1173 1646 ac
1204 1617 1383 1652 annuisset,
1416 1620 1673 1645 numeraturum
1705 1623 1741 1645 se

1004 1661 1146 1691 dicebat.
1171 1670 1200 1690 ν.
1215 1664 1285 1690 not.
1302 1659 1344 1689 ad
1372 1659 1405 1689 h.
1426 1658 1448 1689 1.

1048 1705 1172 1735 Annus.
1188 1704 1281 1733 Verr.
1299 1703 1344 1732 iii.
1360 1705 1413 1736 93.
1437 1712 1542 1733 annus
1556 1705 1606 1731 est
1622 1701 1655 1730 iu
1673 1700 1748 1730 vili-

1003 1752 1087 1779 tate.
1113 1748 1190 1787 Agr.
1207 1747 1240 1777 ii.
1257 1749 1288 1777 2.
1317 1746 1387 1776 Mil.
1403 1750 1435 1781 9.
1459 1755 1564 1776 annus
1585 1754 1676 1775 suus.
1694 1749 1746 1775 est

1007 1792 1047 1829 is,
1064 1801 1128 1830 quo
1150 1791 1269 1830 cuique
1286 1800 1345 1830 per
1360 1789 1449 1829 leges
1471 1788 1605 1819 annales
1629 1794 1743 1828 petere

1008 1836 1243 1874 magistratum
1256 1834 1401 1873 aliquem
1412 1833 1501 1864 licet.
1517 1843 1547 1863 v.
1561 1833 1666 1871 Leges
1678 1831 1748 1862 An-

1009 1878 1100 1909 nales
1117 1879 1151 1908 in
1167 1877 1240 1907 Ind.
1256 1878 1325 1908 LL.
1352 1877 1432 1907 Nat.
1450 1877 1494 1908 D.
1511 1877 1545 1906 ii.
1562 1878 1614 1907 90.
1638 1885 1746 1907 annus·

1007 1931 1173 1961 magnu33
1198 1923 1252 1960 qui
1279 1921 1419 1951 dicatur.
1447 1931 1476 1951 v.
1500 1920 1579 1950 ibid.
1605 1919 1644 1949 de
1662 1919 1744 1958 Leg.

1008 1967 1043 1996 ii.
1064 1969 1113 1997 122.
1137 1967 1216 1995 αηηῐ
1232 1965 1444 2005 compositor.
1460 1965 1479 1982 *ἒ
1491 1964 1533 1994 ad
1548 1973 1676 1993 annum
1693 1967 1747 1992 est

1009 2019 1098 2040 anno
1113 2009 1280 2039 destinato
1297 2018 1335 2038 ae
1352 2008 1502 2038 definito.
1520 2007 1561 2037 ad
1578 2007 1648 2037 Att.
1665 2017 1695 2036 v.
1713 2009 1745 2042 2.

1010 2063 1109 2093 quem
1127 2052 1168 2082 ad
1185 2062 1311 2082 annum
1327 2052 1406 2082 trib.
1423 2052 1468 2092 pl.
1485 2051 1637 2081 videbam
1649 2050 1732 2080 fore.

1051 2097 1200 2127 Annuus.
1233 2096 1276 2126 ad
1300 2095 1370 2126 Att.
1396 2096 1453 2126 xii.
1481 2099 1512 2127 3.
1549 2104 1665 2125 annua
1692 2094 1746 2124 die

1011 2140 1147 2170 solvere.
1164 2150 1194 2170 v.
1212 2140 1303 2170 Dies.
1320 2147 1356 2169 et
1370 2139 1515 2169 Gronov.
1531 2138 1610 2168 Obs.
1627 2138 1648 2168 i.
1669 2138 1719 2168 16.

1053 2184 1210 2223 Anquiro.
1239 2183 1304 2214 Off.
1333 2183 1355 2213 i.
1383 2186 1414 2214 3.
1443 2181 1525 2213 Lael.
1555 2185 1608 2213 ⁶21.
1634 2184 1687 2213 23.
1715 2184 1750 2211 et

1007 2228 1051 2258 ibi
1083 2227 1166 2257 lntt.
1198 2227 1293 2258 *Offi
1317 2227 1351 2256 ii.
1381 2229 1427 2257 13.
1458 2227 1493 2256 in
1510 2235 1587 2256 eum
1603 2226 1750 2265 anquiri-

1013 2277 1080 2302 tur.
1110 2270 1174 2301 Sed
1190 2271 1344 2300 Pearcius
1360 2280 1377 2300 e
1392 2270 1519 2300 Victor.
1537 2275 1572 2299 et
1588 2269 1682 2299 MSS.
1699 2278 1750 2298 re-

1014 2315 1125 2355 posuit
1141 2315 1322 2353 inquiritur
1336 2325 1346 2351 3
1371 2314 1591 2352 Davisiusque
1608 2313 1753 2351 negabat

1015 2359 1078 2388 dici
1096 2368 1190 2398 posse
1207 2360 1380 2398 anqzcsrere
1396 2358 1429 2387 in
1445 2357 1605 2396 aliquem.
1634 2356 1668 2386 Si
1692 2365 1753 2386 an-

1013 2403 1143 2442 quirere
1166 2407 1216 2432 est
1238 2402 1362 2441 ubique
1384 2410 1545 2440 quaerere,
1565 2406 1682 2441 aptum
1702 2403 1754 2429 est

1015 2446 1152 2476 verbum
1169 2445 1202 2475 h.
1220 2445 1242 2475 l.

1059 2489 1160 2519 Anxa.
1183 2488 1266 2519 Lael.
1294 2489 1343 2520 16.
1366 2498 1463 2519 ansas
1486 2487 1563 2518 dare
1589 2487 1688 2517 alicui
1712 2486 1757 2517 ad

1018 2532 1347 2573 reprehendendumz,
1370 2533 1391 2562 i.
1405 2543 1435 2563 e.
1450 2532 1671 2567 occasionem,
1686 2541 1757 2560 ma-

1015 2577 1136 2606 teriem
1154 2577 1214 2607 &c.
1231 2577 1321 2606 Sext.
1343 2579 1390 2607 10.
1407 2576 1569 2606 sermonis
1584 2584 1683 2605 ansas
1699 2574 1757 2604 da-

1019 2621 1097 2657 re,i.
1112 2630 1141 2650 e.
1158 2621 1193 2650 in
1205 2629 1373 2650 sermones
1391 2619 1565 2649 hominum
1583 2629 1644 2648 sua
1659 2618 1759 2658 culpa

1019 2665 1201 2694 incurrere.
1215 2664 1235 2682 ’ἦ
1249 2664 1336 2694 Caec.
1354 2664 1384 2693 6.
1401 2672 1517 2693 (msam
1531 2663 1672 2692 retinere
1688 2671 1759 2691 om-

1020 2708 1115 2737 nium
1132 2708 1444 2738 controversiarum.
1462 2707 1484 2737 i.
1509 2716 1537 2735 e.
1561 2705 1759 2736 facultatem

1021 2751 1174 2781 omnium
1197 2751 1450 2781 tractandarum
1475 2757 1510 2780 et
1534 2750 1572 2780 iis
1589 2759 1623 2779 se
1647 2749 1758 2779 immi-

1021 2795 1146 2824 scendi.

1066 2839 1285 2878 Anteaqzmm.
1303 2837 1345 2868 ad
1362 2837 1438 2867 Div.
1455 2837 1502 2866 iii.
1526 2836 1556 2867 6.
1582 2839 1630 2872 te,
1647 2839 1762 2865 antea-

1021 2892 1120 2923 quam
1166 2891 1359 2913 successum
1407 2885 1507 2919 esset,
1547 2879 1763 2911 decessurum
