1985 3206
266 88 348 125 202

265 184 392 216 sulibus
417 183 500 214 nihil
525 183 739 214 deminutum
756 188 829 215 erat
851 195 891 215 ex
912 190 1003 225 potc-

266 234 354 258 state
374 229 476 267 regia,
494 231 629 257 auctore
646 228 739 258 Livio
755 229 789 258 ii.
819 232 845 258 1.
876 233 1004 265 tamen,

266 273 423 311 quoniam
452 282 584 301 summa
611 276 757 311 potestas
787 282 806 302 a
831 272 937 302 Bruto
964 273 1005 302 ad

266 316 427 356 populum
453 315 618 344 traducta.
642 320 677 344 et
700 325 776 345 cum
802 326 840 345 eo
864 316 915 355 agi
942 325 1005 345 coe-

266 364 363 400 ptum
390 363 474 395 crat,
491 359 516 388 si
543 358 622 397 quid
646 358 716 388 fieri
741 363 835 389 extra
852 359 1005 389 ordinem

267 403 382 433 consul
409 402 521 439 vellet,
538 412 576 431 cx
601 412 705 440 eoque
730 402 872 432 alterum
899 413 1004 441 genus

267 447 480 476 comitiorum
513 446 701 483 exstiterat,
727 456 847 485 nempe
876 445 1004 485 legibus

265 489 425 526 ferendis,
447 499 486 518 ca
510 491 690 519 auctoritas
706 491 861 526 Senatus,
880 499 953 528 quae
970 490 1003 519 in

267 534 413 563 comitiis
431 533 579 562 creandis
596 533 728 572 regibus
744 538 777 562 et
789 538 905 572 postea
919 533 1004 563 Con-

265 577 393 607 sulibus
421 576 545 611 suerat,
570 577 611 606 ad
639 577 776 606 comitia
803 577 930 615 legibus
956 576 1003 605 se-

265 620 376 651 rendis
405 620 563 649 traducta
589 625 649 650 est.
681 621 753 650 Liv.
785 621 819 650 ii.
852 622 882 651 (Δ.
918 624 1002 650 extr.

265 665 391 695 Brutus
416 674 453 693 ex
483 664 570 693 scto
596 664 638 693 ad
664 664 824 704 populum
848 663 941 701 tulit,
966 668 1005 693 ut

267 718 383 738 omncs
398 708 590 746 Tarquiniae
609 708 717 746 gentis
735 707 864 737 exsules
882 715 1003 737 essent.

266 752 416 783 Accessit
446 751 530 781 illud
555 761 593 780 ex
621 761 705 781 nova
735 750 924 790 reipublicae
949 750 1004 780 de-

267 796 460 836 scriptione,
485 800 523 825 ut
548 794 688 825 Senatus
711 796 905 825 αιιοίονὶῖαίε
930 800 1004 823 ute-

266 845 384 870 rentur
407 839 637 877 magistratus,
661 843 694 868 et
722 839 883 878 (tantum)
910 838 1003 876 quasi

266 883 411 913 ministri
432 883 617 921 gravissimi
638 882 767 912 consilii
791 885 915 918 essent,
933 882 1002 912 Cic.

265 928 356 957 Sext.
374 928 425 957 65.
449 930 488 956 ut
503 926 585 955 adeo
602 936 669 956 non
685 925 792 956 solum
811 926 852 955 ad
866 926 1003 955 comitia

265 972 444 1001 auctoritas
475 971 617 999 Senatus
650 970 847 1009 pertineret,
875 968 932 998 sed
962 968 1001 999 ad

267 1015 393 1051 omnia,
408 1024 480 1053 quae
497 1013 548 1042 wel
564 1024 583 1043 a
599 1013 733 1053 populo,
751 1012 799 1042 vel
817 1023 835 1042 a
853 1012 1004 1042 Consuli-

266 1057 327 1088 bus
350 1062 540 1097 agerentur.
580 1057 632 1086 lta
658 1057 812 1087 celeriter
839 1057 880 1086 ad
907 1055 1004 1094 ἀκμὴν

267 1102 412 1132 Senatus
429 1103 607 1131 [tactoritas
623 1101 786 1140 pervenit.
822 1101 864 1130 Et
883 1100 915 1129 id
932 1100 1003 1138 qui-

272 1145 362 1182 dem,
378 1146 465 1184 quod
482 1145 640 1174 ultimum
659 1145 797 1174 accessit
812 1144 1004 1174 auesoritati

266 1189 422 1226 Senatus,
440 1189 562 1219 mansit
579 1193 740 1228 perpetuo
755 1201 761 1217 ;
787 1197 860 1227 quae
888 1191 1002 1217 autem

267 1233 310 1262 ad
341 1233 479 1263 comitia
509 1232 711 1272 pertinebat,
739 1241 778 1261 ea
804 1232 851 1261 ita
878 1231 1002 1260 sensim

267 1277 462 1313 imminuta,
481 1281 517 1306 ut
535 1275 619 1306 nihil
635 1285 729 1315 pa‘ne
747 1281 868 1315 praeter
881 1283 1003 1304 nomen

267 1325 419 1350 restaret.
454 1321 543 1350 Hinc
575 1319 687 1349 Livius
715 1320 735 1349 i.
766 1322 813 1353 17.
846 1318 944 1348 hodie
968 1318 1003 1347 in

267 1363 395 1403 legibus
413 1364 729 1403 magistratibusque
743 1362 896 1402 rogandis
909 1370 1004 1391 usur-

270 1412 371 1448 patur
387 1408 473 1437 idem
485 1408 554 1447 jus,
572 1408 600 1437 vi
620 1407 773 1436 ademta:
799 1406 887 1445 quod
903 1415 1004 1444 quam

266 1452 335 1481 vim
359 1452 493 1488 habeat,
516 1451 661 1490 egregie,
687 1456 725 1480 ut
748 1450 873 1486 omnia,
890 1460 929 1479 ex
955 1449 1005 1478 hi-

268 1496 369 1525 storia
386 1496 481 1526 Rom.
500 1495 707 1524 demonstrat
719 1494 862 1524 Gronov,
876 1494 1002 1523 observ,

269 1539 290 1569 i.
319 1541 372 1570 25.
408 1539 592 1568 Imminuta
618 1543 668 1567 est
695 1538 842 1578 primum
868 1537 1003 1567 tributis

268 1583 426 1619 comitiis,
443 1582 514 1621 lege
532 1582 675 1612 Publilia
691 1587 725 1612 et
740 1581 887 1612 Laeioria
907 1580 1004 1610 indu-

270 1627 345 1664 ctis,
364 1631 398 1656 et
423 1627 575 1656 Patribus
599 1636 616 1656 e
642 1625 782 1655 concilio
806 1625 910 1665 plebis
928 1624 1004 1653 sub-

270 1671 384 1705 motis,
401 1675 433 1700 et
451 1670 585 1710 plebeiis
602 1670 851 1708 magistratibus
868 1668 1004 1698 tributis

270 1715 413 1744 comitiis
431 1714 534 1743 creari
551 1714 678 1754 coeptis.
703 1714 774 1743 Liv.
789 1713 822 1742 ii.
837 1713 888 1742 56.
913 1711 1004 1741 dein-

270 1758 310 1788 de
327 1758 453 1797 legibus
471 1758 559 1793 latis,
576 1763 615 1787 ut
632 1757 805 1797 plebiscita
823 1757 926 1785 etiam
948 1765 1005 1794 pa-

269 1803 384 1831 tricios
402 1801 601 1840 obligarent,
620 1801 760 1830 Horatia
774 1799 920 1836 Valeria,
933 1799 1003 1829 Liv.

271 1845 317 1875 iii.
345 1849 396 1876 55.
426 1845 568 1875 Publilia
592 1846 657 1874 viii.
688 1847 733 1875 19.
764 1850 798 1873 et
824 1842 1006 1872 Hortensia

271 1888 343 1919 Liv.
375 1890 464 1928 Epit.
496 1889 517 1918 l.
550 1890 592 1919 xi.
625 1888 708 1917 Geli.
742 1891 791 1918 15.
819 1889 872 1920 97.
904 1887 1004 1916 Porro

271 1942 349 1962 cum
371 1933 598 1972 rogationibus
625 1932 810 1962 tribunitiis
838 1931 877 1960 de
906 1930 1004 1960 modo

271 1986 442 2015 agrorum,
470 1977 608 2013 fir-nore,
634 1977 673 2005 de
699 1975 803 2005 altero
828 1973 1005 2004 consulatu

271 2019 361 2057 latis,
392 2025 466 2060 post
497 2020 612 2059 longas
643 2019 837 2053 seditiones,
864 2019 1005 2047 Senatus

273 2070 408 2094 coactus
437 2069 485 2093 est
510 2065 634 2094 :sctum
660 2064 782 2099 facere,
800 2073 865 2101 quo
892 2062 1005 2091 Patres

273 2113 419 2138 flue-‘ores
433 2109 587 2137 omnibus
603 2108 672 2146 ejus
690 2107 768 2136 anni
786 2105 929 2135 comitiis
948 2106 1006 2134 fie—

272 2156 359 2181 rent.
376 2152 447 2182 Liv.
466 2152 506 2181 vi.
524 2158 607 2181 extr.
637 2151 788 2180 Tandem
807 2149 877 2188 lege.
896 2148 1007 2178 Publi-

271 2195 317 2225 lia
342 2196 414 2226 Liv.
440 2196 508 2225 viii.
538 2197 586 2225 1⁶2.
617 2201 651 2224 et
678 2194 803 2225 Maenia
831 2193 908 2230 (vid.
934 2192 1007 2222 lud.

271 2239 356 2277 LL.)
385 2250 451 2278 qua
475 2239 601 2278 lcggum,
624 2249 697 2277 quae
723 2238 866 2267 comitiis
890 2241 1007 2265 centu-

272 2283 365 2312 riatis
381 2283 562 2319 servs-mur,
578 2287 656 2312 ante
674 2283 795 2311 initum
811 2281 1006 2319 suffragium

273 2327 387 2356 Patres
405 2328 474 2356 fieri
491 2331 637 2356 auctores
653 2326 738 2365 jussi
764 2331 853 2355 sunt.
892 2323 1004 2363 Quid?

273 2371 362 2409 quod
386 2370 528 2400 alterum
556 2380 660 2409 genus
683 2370 902 2403 tttcelov‘i!cctis‚
921 2367 1009 2406 quod

273 2414 307 2444 in
324 2414 464 2444 decretis
484 2414 644 2444 faciendis
661 2420 744 2449 erat,
762 2410 1008 2451 quodammodo

273 2458 494 2488 imminutum
510 2462 561 2487 est
578 2468 636 2498 per
651 2458 815 2492 tribunos,
834 2457 889 2495 qui
906 2455 1009 2484 inter-

273 2502 412 2531 cedendi
430 2506 632 2541 potestatem
649 2501 830 2536 habebant,
843 2504 876 2529 et
889 2499 921 2528 id
937 2498 1010 2528 irri-

272 2551 347 2575 tum
373 2556 459 2585 sa¹pc
485 2545 663 2582 faciebant,
681 2544 768 2583 quod
787 2546 926 2573 Senatus
952 2541 1008 2571 de-

273 2594 433 2619 creverat.
456 2590 485 2619 T
488 2588 573 2619 :ilem
590 2589 694 2627 igitur
708 2588 935 2618 auctoritorem
952 2587 1008 2614 Se-

274 2638 373 2662 natus
391 2633 560 2662 Ciceronis
572 2632 780 2672 temporibus
794 2631 941 2669 cogitare
954 2629 1009 2658 de-

276 2677 407 2713 hemus,
425 2686 502 2706 cum
527 2677 556 2706 ei
577 2680 749 2715 tamquam
767 2675 900 2714 propria
921 2682 1010 2712 quae-

275 2720 351 2750 dam
366 2731 415 2750 res
429 2721 599 2750 tribuitur.
610 2719 712 2755 Nam,
728 2717 1009 2758 quemadmodum

275 2765 438 2803 equestris
450 2764 574 2794 ordinis
587 2768 638 2794 est
653 2762 822 2803 splendor,
838 2761 959 2801 plebeii
972 2760 1011 2789 li-

275 2808 396 2838 bertas.
423 2809 512 2838 Sext.
531 2808 581 2838 65.
606 2807 753 2837 universi
770 2805 896 2845 populi,
909 2805 1011 2844 maje-

275 2855 342 2881 stas
362 2857 395 2882 et
416 2857 584 2892 potestas:
609 2852 655 2882 sic
678 2857 814 2881 senatus
834 2852 885 2879 est
902 2853 1011 2879 aucto-

276 2897 368 2926 ritas.

795 96 809 124 1
817 96 944 126 NDEX
977 98 1274 129 LATINITATIS.

1092 185 1126 225 b)
1147 187 1284 218 Serum.
1307 186 1388 226 Leg.
1406 187 1439 217 ii.
1459 189 1507 218 15.
1531 188 1673 218 Senatus
1688 190 1784 219 vetus

1047 233 1222 261 auctoritas
1244 231 1283 260 (lc
1300 229 1575 261 Bacchanalibus.
1599 232 1639 262 ad
1665 233 1740 262 Div.
1762 232 1783 262 i.

1047 277 1077 304 ⁶2.
1128 276 1270 304 Senatus
1314 276 1492 305 auctoritas
1537 275 1781 306 intercesserat.

1047 318 1142 348 ome.
1171 318 1216 348 iii.
1244 321 1296 348 30.
1327 318 1398 349 sine
1425 319 1567 349 Senatus
1588 320 1784 350 auctoritate

1048 361 1153 390 fcrdus
1170 361 1305 391 fecerat.
1324 362 1383 391 &c-

1090 404 1120 443 c)
1141 404 1280 442 SCtum‚
1297 405 1349 436 eui
1375 415 1394 435 a
1416 405 1552 436 tribuno
1576 405 1662 446 pleb.
1680 407 1784 436 inter-

1048 458 1176 478 cessum
1194 450 1255 478 est.
1279 448 1320 478 ad
1336 447 1411 479 Div.
1429 449 1496 478 viii.
1515 452 1544 479 8.

1091 491 1124 529 d)
1141 491 1294 522 voluntas
1310 492 1466 529 Senatus,
1481 502 1544 522 non
1559 492 1782 530 decernendo,

1047 536 1265 574 repugnando
1283 536 1342 565 &c.
1359 536 1560 575 significata.
1582 536 1676 566 cato.
1689 539 1719 567 4.
1745 537 1782 566 C.

1048 578 1230 609 Flaminius
1255 588 1372 618 agrum
1398 580 1556 609 Picenum
1583 585 1699 609 contra
1722 590 1782 610 au-

1047 623 1228 653 clm-itatem
1245 622 1387 653 Senatus
1403 623 1529 652 viritim
1545 623 1724 654 dividebat.

1090 664 1122 703 e)
1153 665 1326 696 consilium
1350 666 1503 696 Senatus.
1529 668 1618 697 Sext.
1643 667 1695 697 65.
1720 676 1780 697 au-

1047 711 1194 739 ctoritate
1224 711 1366 739 Senatus
1397 710 1448 739 uti
1480 711 1708 749 magistratus.
1735 721 1782 741 sc.

1047 753 1263 790 consulendo,
1281 763 1396 783 eorum
1419 754 1595 784 consilium
1620 754 1781 784 relatione

1048 797 1264 835 exquirendo.

1089 840 1116 878 f)
1135 841 1247 880 opinio
1263 840 1400 879 insignis
1418 839 1457 869 de
1474 839 1666 879 prudentia,
1679 840 1783 879 eequi-

1046 887 1116 914 tate
1133 885 1276 914 Senatus
1293 883 1352 913 ἃς.
1368 893 1442 922 quae
1457 883 1552 920 facit,
1570 891 1607 913 ut
1621 893 1698 912 cum
1712 893 1782 913 ma-

1047 927 1111 957 lint
1125 937 1240 957 omnes
1257 931 1422 957 (merorem
1444 927 1547 965 sequi.
1572 926 1706 956 Cluent.
1730 930 1782 958 55.

1046 971 1162 1001 vident
1185 971 1412 1001 ‹tuctorz'tatem
1435 970 1534 1010 hujus
1557 970 1680 1000 ordinis
1705 980 1782 1001 con-

1047 1015 1185 1045 firmari.

1089 1059 1395 1088 Auctoramentzcm.
1419 1058 1565 1097 pretium
1583 1061 1643 1087 aut
1656 1067 1781 1088 merces

1047 1104 1223 1140 azoetoraffi,
1240 1101 1272 1131 h.
1298 1111 1327 1131 e.
1352 1103 1436 1140 ejus,
1453 1101 1508 1140 qui
1532 1111 1565 1130 se
1582 1111 1642 1131 sua
1662 1106 1781 1141 sponte

1048 1146 1147 1176 alicui
1173 1146 1207 1175 in
1235 1145 1431 1175 servitutem
1461 1144 1602 1182 addixit,
1630 1144 1783 1184 inprimis

1047 1190 1088 1219 ad
1105 1189 1265 1229 gladium.
1289 1190 1423 1220 Nomen
1437 1188 1513 1218 inde
1527 1188 1681 1226 ductum,
1695 1188 1782 1228 quod

1047 1235 1089 1263 sit
1120 1234 1188 1273 ipse
1218 1237 1337 1263 auctor
1373 1232 1537 1262 libertatis
1575 1232 1783 1262 amitteudae.

1046 1278 1141 1307 Offic.
1168 1278 1190 1307 i.
1214 1279 1267 1307 452.
1300 1277 1360 1307 Est
1375 1276 1465 1306 enim
1483 1275 1546 1305 illis
1564 1275 1637 1315 ipsa
1655 1285 1781 1306 merces

1046 1324 1334 1351 auctoramentum
1359 1320 1544 1349 servitutis.
1559 1319 1625 1349 vid.
1642 1319 1781 1350 Salmas.

1046 1364 1087 1395 de
1105 1364 1193 1394 mod.
1211 1364 1309 1394 Usur.
1329 1374 1360 1404 p.
1378 1364 1452 1394 861.
1469 1372 1540 1402 sqq.

1089 1409 1273 1447 Aucuparz'.
1295 1407 1418 1438 Caecin.
1441 1409 1487 1437 18.
1504 1406 1604 1436 verba
1618 1406 1784 1446 aucupari

1047 1452 1068 1482 i.
1090 1462 1118 1482 e.
1143 1452 1243 1482 nimis
1264 1451 1370 1481 verbis
1387 1450 1549 1480 inhaerere
1567 1449 1601 1479 in
1618 1450 1782 1490 interpre-

1046 1496 1164 1533 tando,
1190 1500 1225 1525 et
1252 1495 1300 1525 ita
1330 1494 1540 1524 calumniari.
1581 1493 1651 1524 Att.
1678 1494 1721 1524 vi.
1752 1496 1783 1524 8.

1047 1540 1249 1579 [occupaturi
1270 1548 1402 1568 eramus
1418 1536 1681 1576 tranquillitates
1700 1537 1785 1578 (ma-

1046 1582 1104 1618 ris)
1132 1584 1153 1613 i.
1182 1593 1210 1612 e.
1235 1582 1473 1622 exspectaturi.
1500 1582 1588 1611 Sext.
1616 1581 1667 1611 56.
1691 1582 1782 1611 omni

1047 1638 1086 1657 ex
1103 1636 1223 1666 genere
1240 1626 1424 1656 orationem
1441 1626 1614 1664 aucupari.
1631 1625 1652 1654 i.
1669 1634 1698 1654 e.
1713 1635 1784 1654 ma-

1046 1671 1166 1701 teriam
1191 1670 1290 1700 nimis
1313 1669 1458 1700 studiose
1482 1678 1642 1707 quaerere,
1660 1668 1693 1697 in
1718 1676 1786 1707 qua

1047 1719 1245 1744 ornamenta
1261 1713 1370 1743 locum
1388 1713 1545 1749 habeant,
1558 1712 1592 1742 in
1606 1721 1672 1751 qua
1685 1716 1719 1741 te
1732 1712 1785 1751 ja-

1047 1762 1135 1788 ctare
1152 1758 1266 1798 possis.
1283 1757 1325 1787 cf.
1342 1757 1415 1787 Act.
1433 1758 1454 1786 i.
1471 1756 1504 1786 in
1517 1756 1610 1786 Verr.
1623 1759 1653 1786 3.
1671 1756 1786 1786 onmia

1047 1802 1220 1841 colligeret
1243 1804 1342 1839 atque
1365 1804 1603 1839 aucuparetur.
1626 1809 1657 1829 v.
1681 1799 1784 1829 Gron.

1047 1845 1089 1875 ad
1105 1847 1181 1875 Seu.
1201 1845 1357 1874 Cont1·ov.
1375 1847 1428 1874 ⁶21.
1452 1843 1541 1874 Hinc

1089 1890 1288 1929 Aucupium.
1322 1888 1378 1917 Or.
1405 1890 1459 1919 95.
1490 1887 1668 1926 aucupium
1695 1885 1784 1916 dele-

1047 1933 1202 1963 ctationis
1225 1937 1260 1962 et
1284 1931 1484 1970 quadrandae
1507 1930 1664 1961 orationis
1688 1929 1785 1960 indu-

1047 1977 1138 2006 stria.
1168 1977 1189 2006 i.
1215 1985 1244 2005 e.
1271 1976 1413 2005 nimium
1443 1975 1592 2005 studium
1624 1973 1784 2003 auditoris

1049 2019 1247 2049 delectandi.
1273 2019 1398 2049 Caecin.
1421 2020 1473 2049 23.
1504 2018 1647 2058 aucupia
1670 2017 1785 2047 verbo-

1049 2074 1122 2093 rum
1140 2068 1174 2093 et
1192 2063 1363 2093 literarum
1381 2061 1571 2102 tendiculae.
1589 2072 1618 2090 v,
1635 2070 1785 2099 aucupa·

1048 2108 1090 2137 ri.
1116 2106 1218 2136 *Fun
1242 2117 1272 2137 V.
1301 2109 1349 2136 11.
1376 2105 1563 2135 Philocteta
1579 2104 1785 2145 propagabat

1051 2152 1152 2181 vitam
1169 2151 1306 2190 aucupio
1321 2151 1535 2189 sagittarum.

1093 2195 1284 2224 Audacirer.
1321 2194 1415 2224 Rosc.
1450 2193 1523 2223 Am.
1555 2194 1607 2224 34.
1642 2190 1723 2222 Coel.
1755 2192 1786 2222 6.

1050 2238 1184 2268 Senect.
1208 2241 1261 2269 ΩΟ.
1294 2238 1350 2267 ubi
1368 2248 1398 2266 v.
1415 2237 1522 2267 Graev.
1541 2241 1575 2266 et
1592 2235 1680 2265 Guil.
1703 2235 1785 2266 Intt.

1050 2282 1120 2312 Liv.
1138 2282 1216 2311 xxii.
1232 2284 1284 2312 ⁶25.
1310 2281 1396 2320 inpr.
1411 2281 1602 2311 Dukerum.
1626 2279 1787 2319 Quintili-

1051 2336 1147 2363 anus,
1162 2325 1296 2364 quidem
1315 2325 1360 2354 iii.
1382 2328 1430 2358 17.
1454 2324 1621 2364 improbat
1635 2327 1669 2353 et
1680 2324 1786 2353 nemi·

1051 2379 1126 2399 nem
1146 2370 1325 2399 Oratorurn
1342 2368 1388 2398 sic
1405 2368 1523 2398 dixisse
1541 2368 1598 2398 ait.

1094 2413 1284 2443 Aziclientz‘a.
1312 2413 1347 2442 in
1370 2411 1483 2442 Caecil.
1506 2414 1555 2442 13.
1581 2411 1788 2443 audientiam

1051 2457 1112 2486 sibi
1131 2456 1248 2486 facere.
1267 2455 1309 2486 cf.
1325 2455 1381 2485 Or.
1402 2456 1434 2485 ii.
1452 2458 1503 2485 80.

1094 2501 1211 2530 Audio.
1228 2500 1400 2538 eleganter
1416 2499 1606 2536 adhibetur,
1619 2509 1696 2528 cum
1710 2507 1787 2528 con-

1052 2544 1201 2574 cedimus
1217 2543 1404 2573 adversario
1417 2542 1554 2581 aliquid,
1567 2548 1606 2572 ut
1622 2543 1665 2572 sit
1679 2555 1685 2572 ε
1704 2545 1787 2579 esto,

1052 2588 1095 2617 sit
1119 2588 1175 2617 ita.
1200 2587 1292 2617 Verr.
1316 2587 1349 2616 ii.
1375 2589 1426 2620 59.
1451 2587 1504 2617 60.
1527 2586 1623 2616 Rosc.
1640 2586 1714 2616 Am.
1737 2589 1787 2616 18.

1052 2632 1070 2649 2‘
1086 2641 1152 2660 non
1176 2632 1286 2668 medin,
1306 2633 1357 2660 est
1380 2629 1530 2669 repudio,
1548 2630 1634 2669 quod
1658 2630 1789 2659 dictum

1052 2680 1114 2704 est.
1142 2675 1183 2704 cf.
1211 2675 1305 2704 Verr.
1331 2674 1376 2703 iii.
1404 2676 1458 2704 34.
1483 2673 1502 2691 ’κ
1518 2674 1586 2703 Fat.
1613 2677 1643 2704 3.
1667 2683 1790 2713 ponere

1054 2718 1095 2748 ad
1112 2719 1199 2757 quod
1215 2725 1248 2748 te
1265 2718 1399 2748 audiam
1425 2728 1470 2747 sc.
1495 2717 1675 2748 dicentem.
1701 2716 1790 2748 *012

1054 2763 1087 2791 ii.
1109 2765 1139 2796 7.
1165 2762 1253 2800 quod
1276 2772 1310 2792 se
1336 2763 1369 2792 in
1390 2770 1467 2791 euin
1484 2761 1624 2800 audisse,
1642 2761 1790 2791 dixisset.

1054 2807 1075 2835 i.
1094 2805 1331 2845 reprehensum
1348 2814 1430 2834 esse.

1097 2849 1238 2880 Auditio.
1263 2858 1386 2879 rumor.
1412 2847 1525 2880 Plane.
1539 2850 1591 2878 23.
1614 2847 1791 2878 auditiones

1055 2893 1157 2924 fictae.
1180 2893 1222 2923 ad
1239 2893 1313 2924 Div.
1330 2892 1398 2922 viii.
1419 2895 1445 2923 l.
1470 2892 1704 2922 tenuissimam
1728 2900 1789 2921 aa·
