1920 3196
669 81 814 111 INDEX
847 80 1146 110 LATIMTATIS.

155 174 258 212 nimie
273 171 344 212 ejus
365 170 593 201 delectamini.
624 170 681 199 Or.
698 170 731 199 ii.
749 171 801 203 67.
834 171 891 199 So-

156 222 283 246 cratem
305 216 339 245 in
362 215 424 244 hac
449 215 556 244 ironia
579 213 892 252 dissimulantiaque

157 259 256 298 longe
287 258 397 298 lepore
430 262 463 287 et
495 259 701 288 humanitate
737 257 893 287 omnibus

158 302 364 342 praestitisse.

205 346 419 381 Humaniter,
446 355 541 383 a‘quo
571 345 696 381 animo,
725 351 763 374 ut
796 344 894 373 homo

159 389 258 419 debet
287 399 338 426 ca,
371 399 444 427 qua:
483 389 546 417 scit
583 388 709 417 homini
745 388 894 417 accidere

159 443 254 473 posse
272 437 305 461 et
321 431 437 462 solere.
461 432 531 462 Att.
550 432 570 461 i.
588 433 618 461 Q.
636 431 722 461 ferre
742 430 895 461 humani-

160 481 222 506 ter.
254 476 400 511 *bilarffi
418 475 459 505 ad
476 476 550 505 Div.
569 475 621 505 vii.
644 479 669 505 l.
703 485 811 514 neque
836 484 894 504 nos

162 520 273 560 lepore
296 523 369 556 tuo,
394 529 500 558 neque
530 524 568 548 tu
600 529 674 548 tneo
698 519 763 548 frui
789 529 898 558 posses

162 568 299 604 propter
354 563 604 593 molestissimas
662 563 899 602 occupationes

165 618 274 637 ineas:
301 607 419 645 quibus
437 607 463 636 si
489 616 541 636 me
566 605 900 643 maxum—docebo

164 651 326 691 profecto,
343 650 423 689 quid
446 651 490 680 sit
508 652 696 680 lucmanitm·
718 649 838 679 vivere.
872 658 900 678 v.

166 695 325 725 humane.

214 739 406 775 Humanas,
422 737 534 767 homo.
563 738 635 768 Att.
652 737 722 766 xiii.
741 738 793 767 21.
827 745 903 776 pos-

169 792 243 813 sum
260 781 343 816 falli,
362 787 400 810 ut
424 783 599 812 humanus.
630 781 727 821 plura
750 780 903 820 exempla

169 825 398 866 suppeditabit
429 825 571 855 Gromw.
599 825 639 855 ad
671 825 740 855 Liv.
771 825 839 854 viii.
871 828 902 857 9.

172 870 290 899 Heius,
312 869 357 899 ad
372 868 491 898 Silium
515 870 570 898 vii.
589 872 618 899 5.
658 868 733 898 Huc
758 868 845 898 refer
868 866 907 896 il-

172 913 231 943 lud
255 913 346 943 verr.
364 913 397 942 ii.
422 914 473 947 69.
506 913 636 942 nullum
663 916 714 942 est
737 911 828 942 aliud
852 921 908 950 ge·

173 967 236 987 nus
266 958 446 986 humanum
475 958 509 986 in
533 957 715 996 provincia.
754 955 825 985 *ab
849 955 907 984 ho-

175 1001 266 1030 mine
289 999 528 1040 expectandus,
550 1000 739 1030 hominibus
762 999 909 1029 usitatus

174 1051 207 1074 et
233 1044 407 1074 naturalis.
437 1043 530 1074 Verr.
547 1045 592 1073 iii.
618 1048 671 1077 97.
703 1045 851 1074 humana
876 1046 911 1072 et

175 1089 302 1118 usitata
319 1089 413 1118 ratio.
437 1087 538 1118 Tusc.
557 1088 602 1117 iii.
620 1088 650 1117 6.
676 1086 859 1117 humanum
878 1086 911 1115 id

177 1132 326 1170 quidem,
343 1141 410 1161 non
427 1132 516 1161 enim
534 1142 550 1160 e
571 1130 663 1161 silice
688 1132 759 1161 nati
783 1139 911 1160 sumus.

178 1176 234 1205 Or.
252 1175 305 1205 6⁶2.
338 1175 444 1205 oratio
461 1174 645 1215 composita
667 1176 777 1205 aufert
794 1176 913 1204 huma-

176 1228 259 1249 num
276 1228 411 1249 sensum
429 1220 561 1249 actoris.
583 1219 615 1249 h.
632 1229 660 1248 e.
677 1219 771 1257 facit,
788 1223 828 1248 ut
844 1227 912 1247 non

180 1263 285 1302 possit
302 1273 379 1292 cum
396 1263 499 1292 animi
514 1263 753 1299 commotione,
766 1272 839 1301 quae
856 1261 914 1291 ho-

180 1306 325 1336 minibus
349 1306 506 1337 solemnis
530 1311 580 1336 est
604 1307 639 1336 in
663 1306 712 1336 his
737 1307 847 1342 rebus,
868 1305 917 1334 di-

182 1360 268 1379 cere.
304 1350 465 1381 *doctus
497 1352 553 1380 Or.
581 1351 613 1380 ii.
650 1354 677 1380 l.
716 1350 917 1380 humanissi-

183 1403 258 1424 mus
279 1394 390 1423 homo.
423 1394 586 1424 *homine
612 1394 743 1434 dignus.
774 1394 830 1424 Or.
848 1394 869 1423 i.
887 1396 917 1423 8.

184 1439 350 1467 humanus
366 1437 487 1468 cultus.
512 1438 610 1468 Arch.
628 1442 657 1472 7.
684 1438 787 1467 animi
805 1437 920 1467 adver-

182 1482 231 1511 sio
256 1483 500 1512 humanissima.
534 1482 634 1512 Acad.
650 1483 692 1512 iv.
718 1484 771 1512 41.
801 1483 919 1510 hama-

183 1526 319 1556 nisst'ma
349 1525 537 1566 completur
566 1527 697 1556 animus
732 1526 918 1565 voluptate.

185 1569 345 1608 *aequus,
377 1570 580 1600 moderatus.
621 1570 663 1599 ad
694 1570 770 1600 Div.
804 1579 835 1598 x.
867 1570 920 1599 24.

186 1613 444 1643 moderatissimi
470 1620 570 1653 atque
595 1615 825 1643 hzmzanissimi
849 1622 924 1641 sen-

187 1667 242 1686 sus
273 1657 350 1687 fuit.
387 1657 578 1695 *urbanus,
607 1657 748 1697 lepidus.
788 1656 859 1686 Fin.
888 1656 923 1685 ii.

189 1704 242 1732 31.
271 1700 371 1730 homo
386 1701 492 1731 bellus
510 1707 544 1731 et
560 1704 735 1732 hamanus.
763 1700 924 1736 *acutus‚

190 1745 257 1774 sive
289 1745 391 1774 etiam
421 1746 583 1783 curiosus,
617 1746 695 1784 quia
732 1745 924 1774 hominibus

189 1788 253 1818 hoc
271 1788 425 1818 innatum
443 1795 506 1827 est,
525 1795 561 1818 ut
582 1790 685 1819 velint
709 1789 806 1825 scire,
823 1788 927 1827 inpri-

192 1833 255 1862 mis
280 1842 330 1869 ea,
348 1840 421 1871 quae
445 1833 670 1863 occultantur.
700 1833 794 1862 Verr.
818 1842 848 1861 v.
873 1833 927 1862 ⁶253.

191 1877 389 1916 Syracusani
413 1876 578 1914 homines,
595 1877 694 1917 periti
718 1880 753 1906 et
776 1876 928 1912 humani,

194 1919 251 1959 qui
277 1930 343 1950 non
371 1920 469 1950 modo
497 1930 548 1957 ca,
577 1931 650 1960 quae
677 1921 854 1960 perspicua
879 1929 929 1948 es-

193 1968 282 2001 sent,
298 1964 421 2001 videre,
438 1974 552 1994 verum
577 1959 679 1995 etiam
703 1964 835 1993 occulta
858 1973 928 1992 sus-

194 2008 297 2048 picari
312 2014 465 2047 possent3
492 2008 659 2038 habebant
671 2009 835 2038 rationem
850 2016 931 2045 quo-

193 2051 276 2081 tidie
301 2052 499 2091 piratarum,
524 2052 580 2091 qui
608 2052 715 2082 securi
738 2050 932 2087 ferirentur,

198 2105 298 2133 quam
326 2095 448 2125 multos
474 2106 543 2125 esse
568 2099 750 2136 oporteret,
775 2095 932 2132 conjicie-

197 2138 291 2168 bant.
314 2138 494 2169 *humcma
517 2144 551 2169 et
575 2150 625 2170 res
646 2142 800 2170 humanae
817 2139 934 2168 dicun-

199 2187 270 2219 tur,
298 2192 371 2221 quae
399 2183 590 2213 hominibus
618 2185 751 2224 propria
775 2186 868 2219 sunt,
894 2182 933 2211 iis

201 2225 350 2255 accidere
364 2234 516 2266 possunt,
529 2227 666 2265 divitiae,
680 2228 833 2263 honores,
849 2235 936 2254 mor-

199 2269 246 2306 bi,
262 2269 422 2309 pericula,
440 2276 631 2310 paupertas,
649 2281 736 2301 mors
755 2272 814 2300 ἃς.
839 2270 936 2300 Offic.

202 2313 223 2343 i.
255 2315 285 2343 4.
332 2315 558 2344 humanarum
596 2325 708 2345 rerum
741 2314 937 2344 contemtio,

199 2357 282 2395 Leg.
307 2358 340 2387 ii.
370 2361 418 2391 17.
450 2369 523 2397 quae
550 2358 658 2388 fateor
681 2361 828 2389 humana
853 2367 934 2387 esse.

200 2401 284 2432 Lael.
308 2404 338 2432 5.
370 2402 551 2432 amicitiam
577 2403 731 2432 omnibus
757 2402 853 2431 rebus
878 2402 938 2431 Ιιιι-

203 2445 312 2475 manis
340 2447 564 2486 anteponatis
599 2447 641 2476 cf.
672 2446 741 2476 Fin.
770 2447 804 2475 ii.
831 2448 883 2475 41.
909 2455 938 2474 v,

203 2490 257 2519 ⁶25.
288 2488 329 2518 ad
353 2489 429 2519 Div.
453 2499 483 2519 v.
512 2494 560 2520 13.
587 2491 629 2520 vi.
657 2494 685 2520 l.
716 2490 787 2520 Att.
811 2499 861 2518 xv.
887 2490 939 2520 20.

203 2533 306 2563 Tusc.
323 2532 368 2562 iii.
386 2534 436 2563 24.
461 2534 520 2564 &c.
551 2534 607 2564 Or.
626 2535 647 2564 i.
667 2537 716 2564 18.
748 2543 799 2563 res
824 2535 941 2563 huma-

205 2585 257 2606 πω
280 2575 441 2606 dicuntur
463 2577 567 2607 virtus
591 2582 625 2607 et
649 2578 780 2607 vitium.
811 2577 884 2607 Fin.
906 2576 940 2606 ii.

210 2621 261 2650 12.
284 2620 425 2650 scientia
440 2631 551 2651 rerum
569 2621 758 2651 divinarum
774 2624 809 2650 et
826 2622 943 2650 huma-

207 2673 342 2693 narum.
374 2674 403 2694 v.
427 2664 569 2695 divinus.
599 2665 687 2695 *On
712 2667 763 2694 34.
794 2666 944 2694 humana

211 2707 372 2737 dicuntur
388 2707 427 2737 de
438 2709 515 2747 jure
533 2708 619 2738 civili
635 2714 668 2738 et
680 2708 830 2739 historia.
855 2708 946 2738 *hu-

212 2760 351 2781 manum
363 2751 431 2789 jus.
458 2763 486 2782 v.
503 2752 575 2782 δας.

256 2795 441 2826 Hztnmtus.
475 2797 554 2835 Leg.
571 2796 604 2825 ii.
622 2797 674 2826 ⁶2⁶2.
701 2802 736 2825 et
751 2795 839 2834 quod
856 2805 947 2825 com-

213 2840 363 2870 muniter
378 2849 468 2870 nunc
486 2843 520 2869 in
544 2839 699 2869 omnibus
718 2839 858 2879 sepultis
882 2844 946 2877 est,

211 2890 251 2914 nt
277 2885 406 2915 humati
429 2884 598 2924 dicantur,
621 2882 655 2913 id
678 2883 850 2924 proprium
873 2887 948 2914 tum

1587 64 1670 113 317

936 175 1008 200 erat
1032 171 1066 200 in
1091 170 1143 206 iis,
1160 177 1240 208 quos
1263 166 1387 197 humus
1413 165 1537 205 injecta
1560 169 1676 195 conte-

937 218 1042 253 geret.
1089 213 1189 243 Hunc
1221 211 1333 241 locum
1365 210 1467 240 miror
1503 210 1676 239 neminem

938 257 1056 287 vidisse
1072 267 1112 286 ex
1130 256 1206 286 viris
1231 255 1350 291 doctis,
1367 255 1422 292 qui
1449 254 1482 283 in
1506 253 1675 292 Nepotem

938 302 1112 340 scripsere,
1145 300 1199 338 qui
1231 299 1375 329 Eunu—n.
1412 301 1460 327 13.
1499 301 1583 326 extr.
1615 295 1679 325 hu-

939 354 1030 374 mare
1049 344 1132 373 dixit
1148 353 1205 383 pro
1221 343 1376 382 sepelire,
1394 350 1554 370 cremare.

984 388 1147 423 Humilis,
1164 386 1314 426 supplex.
1340 385 1411 414 InV.
1428 385 1448 414 i.
1467 385 1519 414 56.
1543 384 1677 413 humilis

939 432 1058 461 oratio.
1096 430 1278 467 *infcrior,
1308 428 1372 458 det.
1387 428 1463 458 rior.
1498 426 1569 457 Inv.
1595 427 1616 458 i.
1645 430 1678 457 4.

941 476 1095 505 humilior
1126 474 1242 504 multis
1275 474 1371 503 rebus
1409 476 1461 502 est
1490 471 1591 501 homo
1622 471 1680 500 bc-

944 517 1027 549 stiis.

990 562 1187 598 Ilztmilims,
1213 560 1253 590 de
1280 559 1415 590 homine
1440 559 1545 598 inopi,
1573 567 1682 597 neque

946 607 1053 646 gratia
1078 615 1184 644 neque
1208 604 1353 644 pecunia
1384 607 1534 643 potente.
1564 602 1683 642 Quint.

952 653 978 680 l.
1017 649 1100 679 nihil
1128 653 1176 678 est
1205 647 1293 687 quod
1325 648 1544 677 humilitatem
1572 646 1685 684 cujus·

948 703 1047 733 quam
1073 693 1218 732 gravitas
1242 695 1276 721 et
1298 691 1402 720 virtus
1421 690 1545 729 judicis
1568 698 1686 719 conso-

948 737 1048 767 letur.
1080 736 1292 776 *opponitur
1316 744 1438 773 magno
1463 734 1587 770 animo,
1606 742 1685 763 cum

949 782 1021 811 aliis
1039 780 1282 820 supplicamus,
1299 783 1334 808 et
1357 777 1496 817 indigna
1519 777 1613 807 nobis
1636 776 1686 806 fa-

949 825 1067 855 cimus.
1099 824 1170 853 InV.
1189 823 1210 853 i.
1229 823 1279 854 56.
1313 832 1390 851 nam
1414 831 1501 861 saepe
1525 821 1630 850 virtus
1651 824 1688 850 et

951 865 1324 907 magnificentia—plus
1341 865 1488 906 proficit,
1506 874 1606 904 qnam
1627 866 1689 894 hu-

951 914 1073 943 militas
1100 916 1134 941 et
1159 910 1354 940 obsecratio.
1392 910 1449 939 Or.
1475 909 1497 938 i.
1525 911 1577 939 53.
1616 907 1688 938 haee

950 956 1099 987 Rutilius
1117 954 1210 984 valde
1235 953 1458 994 vituperabat,
1476 959 1510 982 et
1532 952 1611 981 huic
1627 953 1687 981 hu-

953 1001 1087 1030 militate·
1103 999 1234 1028 dicebat
1250 998 1302 1027 vel
1325 996 1481 1027 exsilium
1504 996 1620 1034 fuisse,
1638 994 1692 1026 vel

955 1048 1098 1074 mortem
1117 1041 1399 1082 anteponendam.

998 1086 1208 1126 h'gsclrazclus.
1245 1084 1346 1115 Tusc.
1372 1085 1418 1115 iii.
1446 1086 1496 1114 18.
1536 1083 1694 1122 hydrauli

954 1136 993 1161 ut
1015 1129 1128 1160 audiat
1145 1139 1240 1159 voces
1265 1129 1389 1169 potius,
1407 1138 1507 1167 quam
1532 1127 1694 1158 Platonis.

955 1175 1154 1214 Hfflmuhw
1163 1173 1228 1204 fuit
1237 1174 1501 1203 instrumentum
1513 1171 1696 1209 musicum,

956 1219 1065 1249 simile
1089 1218 1167 1247 huic
1192 1221 1318 1254 nostro,
1336 1215 1425 1255 quod
1448 1215 1605 1245 inflatum
1629 1215 1697 1254 spi-

958 1264 1025 1293 ritu
1043 1271 1139 1292 sonos
1157 1260 1238 1290 edit.
1285 1260 1374 1291 Nam
1398 1259 1487 1299 quod
1506 1260 1540 1289 in
1559 1258 1620 1288 boc
1637 1268 1699 1288 no-

959 1311 1028 1337 stro
1048 1306 1197 1346 spiritus,
1214 1304 1248 1334 id
1271 1305 1306 1334 in
1330 1304 1386 1334 illo
1410 1313 1496 1342 aqua
1518 1303 1696 1332 efficiebat.

960 1351 1010 1381 De
1040 1360 1079 1379 eo
1110 1355 1162 1379 est
1185 1348 1319 1387 egregia
1349 1346 1640 1387 disputatiuncula
1661 1347 1697 1375 in

961 1392 1231 1424 Chrestomathia
1247 1392 1401 1421 Pliniana
1415 1390 1553 1420 Gesneri
1573 1401 1605 1430 p.
1622 1392 1700 1420 404.

960 1448 1008 1477 sq.
1040 1437 1081 1468 cf.
1098 1437 1215 1467 Burm.
1235 1435 1277 1466 ad
1300 1435 1435 1465 Petron.
1460 1444 1488 1465 c.
1514 1435 1566 1465 36.
1600 1434 1628 1463 E
1644 1443 1700 1462 ve-

959 1482 1087 1512 teribus
1119 1481 1192 1519 lege
1222 1479 1414 1510 Vitruvium
1445 1489 1478 1508 x.
1508 1481 1556 1509 13.
1602 1477 1702 1508 Clau-

965 1525 1055 1556 dian.
1080 1525 1119 1555 de
1146 1523 1281 1554 Consul.
1302 1521 1410 1553 Mallii
1433 1521 1559 1552 Theod.
1575 1531 1605 1551 v.
1623 1524 1700 1552 434.

965 1580 1055 1609 seqq.
1080 1567 1218 1598 Antbol.
1244 1568 1265 1597 i.
1295 1567 1343 1597 16.
1368 1567 1427 1596 διο.
1461 1565 1620 1596 Ceterum
1645 1574 1705 1595 ne-

965 1614 1046 1650 scio,
1079 1611 1245 1651 quomodo
1284 1611 1317 1640 in
1350 1610 1502 1640 animum
1532 1609 1704 1639 induxerit

967 1656 1132 1687 Buherius
1162 1655 1309 1691 credere,
1336 1653 1536 1694 hydraulam
1566 1656 1706 1682 tantum

968 1700 1007 1731 de
1032 1702 1260 1730 instrumento
1284 1699 1361 1735 dici,
1388 1707 1454 1727 non
1479 1697 1705 1736 hydraulam.-

967 1755 1046 1774 cum
1073 1744 1258 1783 hydr-aulus
1281 1742 1402 1782 passim
1429 1747 1597 1778 occurrat,
1621 1750 1651 1770 v.
1676 1750 1706 1771 c.

969 1789 1054 1818 Plin.
1086 1787 1130 1817 H.
1162 1786 1204 1818 N.
1232 1787 1276 1816 ix.
1309 1790 1339 1817 8.
1376 1784 1538 1825 hydraula
1566 1788 1705 1814 tantum

970 1832 1059 1872 apud
1074 1831 1204 1861 Vitruv.
1220 1841 1251 1860 x.
1271 1833 1319 1860 10.
1344 1839 1443 1868 quem
1461 1829 1572 1858 locum
1590 1833 1707 1858 tamen

970 1875 1151 1906 Salmasius
1183 1874 1225 1904 ad
1256 1873 1408 1904 Solinum
1448 1883 1480 1912 p.
1512 1872 1587 1902 416.
1633 1876 1710 1912 post

971 1920 1050 1950 alios
1076 1920 1233 1949 vitiosum
1251 1917 1394 1957 judicat.
1424 1916 1579 1956 μόνιιυλσς,
1602 1913 1710 1954 phrav-

971 1970 1032 2001 λον,
1055 1961 1220 2002 μονοιύλιαν,
1248 1961 1287 1991 de
1319 1962 1547 1991 instrumento
1577 1959 1712 1989 dicitur.

972 2007 1169 2037 terminatio
1186 2016 1205 2035 a
1221 2010 1253 2035 et
1272 2015 1305 2035 es
1330 2005 1364 2034 in
1388 2003 1579 2043 hujusmodi
1604 2002 1712 2033 verbis

972 2056 1039 2081 non
1063 2055 1115 2080 est
1138 2049 1370 2086 instrumenti,
1393 2047 1452 2077 sed
1483 2047 1647 2084 inflantis,
1671 2050 1713 2076 ut

972 2096 1006 2125 in
1030 2093 1219 2134 pythaules,
1237 2092 1410 2133 pythaula‚
1428 2090 1615 2127 choraules,
1633 2089 1712 2120 cho-

975 2139 1081 2175 raula,
1100 2139 1159 2168 &aa
1205 2137 1249 2168 Et
1272 2138 1318 2167 sic
1342 2135 1520 2176 hydraulas
1545 2134 1628 2164 dixit
1652 2134 1716 2164 Ca-

976 2182 1083 2223 pella:
1117 2181 1199 2211 item
1224 2173 1362 2211 Sueton‘.
1387 2179 1466 2209 Ner.
1492 2181 1544 2209 54.
1582 2178 1640 2209 ubi
1662 2182 1717 2207 ta-

977 2236 1055 2256 men
1073 2229 1123 2255 cst
1146 2226 1236 2255 varia
1257 2224 1358 2254 lectio
1383 2223 1576 2262 hydraulas.
1608 2232 1639 2252 v.
1656 2222 1718 2252 Sa-

977 2279 1134 2300 varonelu
1159 2268 1200 2298 ad
1223 2269 1335 2298 Sidon.
1353 2267 1414 2307 Ep.
1440 2267 1459 2296 i.
1478 2268 1508 2297 ⁶2.
1524 2276 1556 2306 p.
1579 2269 1627 2300 19.
1659 2265 1718 2296 ubi

979 2314 1019 2344 de
1051 2313 1113 2343 hoc
1144 2313 1370 2343 instrumento
1403 2311 1484 2350 agit.
1540 2310 1715 2347 Ceterum,

981 2358 1060 2396 quia
1089 2355 1254 2387 Victorius
1287 2354 1409 2395 reperit
1445 2355 1478 2384 in
1518 2353 1719 2393 quibusdam

984 2400 1088 2431 Codd.
1120 2399 1331 2440 hydrauleos,
1362 2403 1397 2428 et
1435 2399 1470 2428 in
1507 2398 1580 2428 aliis
1611 2406 1720 2437 graece

983 2444 1146 2484 scriptum
1178 2443 1247 2474 fuit
1276 2443 1339 2473 hoc
1370 2442 1522 2479 verbum,
1552 2447 1593 2472 ut
1621 2441 1722 2471 docet

982 2488 1169 2526 Buberius3
1195 2497 1262 2518 non
1282 2485 1502 2523 intercedam,
1520 2495 1585 2524 quo
1609 2485 1722 2515 minus

984 2533 1156 2572 hydraulis
1175 2532 1313 2561 verbum
1339 2530 1599 2560 Ciceronianum
1623 2532 1724 2568 pute·

982 2582 1052 2613 tur,
1077 2575 1210 2615 quando
1240 2575 1343 2605 etiam
1376 2573 1484 2604 Graeci
1507 2570 1640 2615 ὕδραυλις
1665 2571 1726 2602 ha·

985 2621 1078 2650 bent.

1032 2662 1329 2703 Hypode'dasc‘alus,
1365 2661 1525 2701 magister
1562 2656 1727 2690 secunda-

987 2708 1068 2738 rius.
1092 2706 1133 2736 ad
1149 2706 1226 2736 Div.
1243 2707 1287 2736 ix.
1308 2708 1357 2736 18.

1035 2751 1275 2790 Hypomnema.
1307 2749 1349 2779 acl
1373 2748 1448 2778 Div.
1474 2748 1538 2778 xvi.
1555 2748 1608 2778 21.
1640 2746 1729 2777 mul-

988 2799 1064 2825 tum
1092 2794 1252 2833 temporis
1277 2792 1359 2823 mihi
1383 2792 1525 2831 eripitur
1549 2791 1582 2821 in
1607 2791 1731 2821 exscri-

989 2838 1106 2869 bendis
1130 2837 1405 2876 l1ypomnemate's:
1438 2835 1471 2866 h.
1496 2845 1525 2868 e.
1550 2835 1727 2877 praeceptis,

992 2886 1026 2913 et
1042 2881 1177 2913 dictatis
1193 2881 1447 2922 magistrorum.
