1920 3196
714 108 861 150 minax
895 120 1190 150 LATINITA'rls.

163 210 375 250 judicaverit,
392 214 509 241 contra
524 211 559 241 P.
578 210 725 255 African)
749 210 906 241 avunculi

166 255 218 286 sui
241 255 489 291 testimoninm,
514 256 724 285 vacationem
749 263 905 293 augures,

167 308 233 338 quo
249 299 360 329 minus
376 298 514 335 judiciis
537 308 672 338 opersui
690 298 822 334 darent,
839 307 906 328 non

166 342 300 372 habere.
355 341 421 381 Qui
452 341 554 372 suerit
580 341 632 372 hic
660 344 904 378 triumviratus,

168 394 236 415 non
259 384 338 421 vidi,
356 386 411 424 qui
431 385 627 425 explicaret,
643 392 766 426 praeter
789 385 907 416 Corra-

167 429 261 465 dum,
285 428 326 459 ad
349 429 382 459 h.
405 428 427 459 1.
452 439 486 469 p.
509 431 583 463 ⁶217.
614 431 670 468 qui
693 428 906 459 Tuberonem

167 481 235 502 non
258 473 473 503 triumvirum
498 473 681 512 agrarium,
704 472 762 503 sed
791 482 906 503 mone-

166 515 268 545 talem
287 524 345 546 aut
363 516 541 556 capitalem
558 520 657 556 putat
672 517 783 547 fuisse.
809 516 908 556 Quod

166 559 296 599 probari
315 569 381 590 non
398 566 519 599 potest.
558 559 644 590 Nam
661 560 739 590 talis
752 561 908 591 triumvir

167 603 333 641 quomodo
357 604 424 633 tale
447 603 525 642 quid
543 604 695 642 judicare
720 605 904 644 potuisset?

167 646 254 676 Mihi
278 652 390 677 autem
413 657 480 677 non
497 651 547 678 est
569 647 721 684 dubium,
736 649 818 687 quin
840 657 908 678 ser-

167 699 224 719 mo
247 691 304 727 sit,
320 700 387 721 non
410 691 450 721 de
474 692 689 722 triumviratu
707 692 907 728 Tuberonis,

168 734 224 773 qui
242 734 354 764 nullus
378 734 454 772 suit,
472 735 529 765 sed
553 735 593 765 de
616 739 766 776 tempore
789 738 907 766 trium-

165 778 295 808 viratus
317 779 450 818 agrarii,
468 780 525 818 qui
548 779 614 809 fuit
637 779 726 810 illius
748 780 908 820 tempori·

166 820 228 851 bus
245 831 284 851 ex
300 821 374 861 lege
390 823 521 861 agraria
543 822 740 863 Sempronia
755 822 791 853 C.
808 823 908 854 Grac-

165 864 232 895 chi.
279 864 367 896 Nam
399 865 528 896 cum‘a
554 867 737 897 triumviris
772 868 908 907 agrariis

169 907 217 938 M.
249 909 364 940 Fulvio
395 909 526 948 Flacco,
558 910 596 941 C.
625 910 776 941 Graccho
805 916 839 941 et
871 911 908 942 C.

169 951 333 991 Carbone,
351 953 430 983 dum
455 963 551 992 agros
575 954 774 992 dividerent,
793 964 908 994 graves

167 996 348 1027 seditiones
364 997 517 1027 excitatae
541 1002 665 1035 essent,
680 1008 721 1028 ex
740 999 911 1029 sententia

168 1039 203 1069 P.
232 1039 380 1070 Africani
410 1041 553 1071 Senatus
577 1041 709 1081 judicia
733 1052 908 1073 causarum

169 1084 375 1122 agrariarum
399 1094 420 1114 a
442 1084 585 1122 111viris,
601 1091 774 1125 tamquam
794 1095 909 1127 suspe-

167 1127 244 1165 ctis,
257 1127 300 1157 ad
317 1128 496 1158 Consulem
515 1128 551 1159 C.
565 1129 800 1169 Sempronium
813 1129 909 1161 alios-

170 1181 234 1210 que
251 1171 384 1210 judices
405 1171 586 1203 transferre
610 1172 725 1203 voluit.
760 1184 789 1203 v.
816 1173 910 1213 Pigh.

170 1213 212 1245 ad
223 1224 279 1245 an.
293 1216 367 1246 624.
391 1215 430 1245 In
447 1226 513 1255 qua
524 1226 572 1254 re,
585 1227 661 1246 cum
675 1217 715 1247 de
725 1217 910 1256 judicibus,

169 1259 225 1298 qui
258 1268 337 1289 cum
369 1260 564 1300 Sempronio
596 1260 803 1299 judicarent,
834 1271 911 1301 age-

168 1306 276 1340 retur,
301 1303 413 1343 potuit
439 1303 599 1341 incidere,
623 1309 683 1335 aut
712 1305 831 1335 incidit
854 1314 912 1345 po-

167 1346 250 1384 tius,
267 1346 326 1377 illa
340 1346 381 1377 de
397 1348 624 1378 vacationibus
638 1358 805 1388 augurum
821 1359 911 1388 quae-

166 1391 244 1420 stio.

217 1433 399 1473 Troe-limes,
415 1434 515 1474 vulgo
538 1435 662 1466 dicitur
678 1445 734 1476 pes
751 1445 819 1466 una
840 1436 913 1466 lon-

172 1487 216 1517 ga
231 1484 266 1508 et
281 1477 387 1509 altera
400 1479 507 1509 brevi:
531 1479 589 1509 sed
604 1480 693 1519 apud
716 1480 913 1510 Ciceronem

172 1526 223 1552 est
246 1531 304 1561 pes
326 1523 433 1553 tribus
457 1523 608 1554 brevibus
631 1523 778 1563 syllabiS,
799 1525 855 1564 qui
880 1528 914 1554 et

170 1566 355 1605 tribrachys
369 1566 505 1604 dicitur,
519 1577 618 1606 quem
637 1577 696 1597 nos
712 1574 825 1597 autem
842 1568 913 1598 vu!-

172 1619 214 1649 go
230 1611 401 1640 trochoeum
426 1610 581 1647 dicimus,
597 1612 728 1641 choreus
747 1622 766 1641 a
783 1611 914 1642 Cicero-

173 1663 215 1683 ne
244 1653 378 1684 dicitur.
417 1653 512 1684 Orat.
538 1657 590 1688 57.
621 1660 738 1684 contra
766 1655 913 1686 accidere

173 1698 208 1727 in
223 1697 370 1737 spondeo
387 1702 422 1727 et
445 1699 590 1736 troehoeo,
606 1707 672 1737 quo
695 1698 780 1728 aiter
802 1709 820 1728 e
843 1699 914 1729 lon-

173 1741 224 1780 gis
248 1746 431 1779 constaret,
447 1741 533 1772 alter
555 1752 573 1772 e
592 1742 746 1772 brevibus
763 1743 915 1774 fieret.—

173 1785 363 1822 troclzoeum,
387 1786 444 1824 qui
473 1791 526 1816 est
555 1786 672 1816 eodem
703 1787 824 1826 spatio,
849 1797 914 1826 quo

173 1828 328 1866 choreus,
351 1829 527 1859 cordacem
550 1829 710 1870 appellat,
735 1831 814 1869 quia
836 1841 914 1861 con-

170 1872 295 1902 tractio
317 1876 352 1902 et
374 1872 518 1903 brevitas
542 1873 743 1913 dignitatem
768 1884 834 1904 non
857 1874 914 1904 ha-

172 1916 262 1947 beat.

220 1959 366 2000 Tropoect.
390 1959 489 1990 Arch.
505 1964 537 1995 9.
560 1966 674 1991 nostra
689 1966 769 1991 sunt
786 1966 915 2002 lropoect.

175 2003 399 2042 Intelligenda
415 2006 539 2044 quaevis
559 2005 772 2035 w‘etoriarum
796 2016 915 2036 monu-

177 2050 303 2085 menta,
322 2048 432 2088 posita
446 2049 481 2077 in
505 2048 544 2078 iis
568 2049 771 2088 regionibus,
789 2049 845 2079 ubi
868 2050 915 2079 vi-

175 2092 221 2121 cti
239 2090 360 2121 hostes.
406 2092 494 2123 Nam
518 2102 591 2131 quae
608 2094 739 2132 proprie
756 2093 916 2123 dicuntur

174 2139 308 2174 tropoea,
326 2135 485 2166 Romanis
508 2135 668 2166 inusitata
685 2136 788 2167 suere.
819 2147 849 2167 v.
867 2137 914 2166 di-

175 2183 232 2208 cta
254 2178 296 2208 ad
310 2178 447 2209 Sueton.
464 2178 548 2209 Caes.
570 2182 617 2210 11.
648 2180 703 2210 ubi
721 2186 756 2210 et
772 2180 837 2210 alia
851 2186 915 2211 tro-

168 2231 244 2262 poea
260 2222 356 2253 Rom.
372 2222 586 2262 protulimus,
601 2233 674 2262 quae
693 2224 849 2257 similiter
862 2234 916 2254 ac-

173 2266 240 2306 cipi
256 2272 408 2306 possunt.

220 2309 352 2341 Trulla.
381 2309 475 2341 Verr.
496 2311 539 2341 iv.
555 2312 608 2345 27.
638 2316 710 2342 erat
733 2312 836 2342 ctiam
860 2322 916 2341 vas

175 2353 357 2391 vinarium,
387 2363 428 2383 ex
462 2363 532 2384 una
561 2364 696 2394 gemma
726 2356 916 2396 pergrandi,

176 2399 284 2427 trulla
307 2400 476 2435 excavata,
496 2399 672 2429 manubrio
696 2409 807 2430 aureo.
837 2399 915 2429 ibid.

177 2442 283 2471 trulla
309 2451 472 2481 gemmea.
521 2442 601 2472 Erat
626 2445 739 2473 autem
767 2443 830 2472 hoc
860 2453 916 2472 vas

179 2490 412 2524 comparatum
437 2485 478 2515 ad
502 2486 616 2516 vinum
636 2486 860 2517 hauriendum
883 2491 917 2516 et

176 2527 298 2568 poculo
324 2528 584 2567 infundendum,
612 2530 699 2568 quod
726 2530 776 2560 vel
808 2531 916 2570 ipsum

179 2572 392 2602 manubrium
410 2572 548 2603 indicat.
594 2573 642 2603 Ex
663 2573 780 2604 Horat.
799 2574 868 2603 Sat.
885 2575 918 2603 ii.

177 2615 429 2646 3.144.festis
455 2622 571 2656 potare
601 2617 715 2647 diebus
749 2617 921 2657 Campana

177 2657 296 2689 solitus
312 2661 419 2690 trulla
429 2667 638 2706 vappamque
651 2660 817 2700 profestis,
827 2660 920 2691 colli-

177 2707 276 2742 gunt,
301 2702 404 2734 fuisse
434 2703 606 2744 poculum,
638 2705 716 2743 qnia
745 2714 791 2734 sc.
816 2706 921 2735 ttulla

177 2747 285 2786 potari
309 2746 444 2794 dicitur.
490 2747 554 2777 Sed
578 2746 640 2777 hoc
655 2757 721 2778 non
739 2752 790 2778 est
805 2758 921 2778 conse-

177 2799 294 2828 quens.
321 2789 463 2821 'Trulla
482 2794 629 2831 potatur,
653 2791 732 2830 quia
760 2796 811 2822 est
834 2792 922 2821 inter

178 2832 408 2864 instrumenta
429 2839 464 2864 et
496 2844 585 2871 vasa,
608 2835 728 2873 quibus
751 2835 786 2865 in
810 2837 923 2865 convi-

178 2876 239 2906 viis
266 2879 407 2908 utimur.
445 2877 532 2907 conf.
558 2877 628 2908 Cel.
651 2877 767 2909 Burni.
792 2878 832 2908 ad
862 2879 922 2909 Pe-

176 2922 265 2952 tron.
291 2930 321 2952 c.
347 2923 403 2956 75.
442 2920 561 2954 Truua
594 2921 766 2954 murrhina
793 2925 843 2953 cst
870 2933 924 2963 ap.

1609 109 1692 144 465

948 209 1034 239 Plin.
1050 209 1170 239 xxxvii.
1187 209 1217 239 52.
1244 207 1300 238 ubi
1325 205 1412 237 male
1437 205 1632 237 Harduinus
1649 205 1691 236 de

947 262 1023 282 vase
1039 252 1199 282 lavatorio
1221 251 1378 291 explicat.
1425 250 1612 281 Contextus
1631 249 1691 280 do-

948 301 1015 333 cet,
1047 306 1101 326 vas
1140 296 1347 325 mensarium
1381 297 1481 333 atque
1518 294 1691 334 potorium

947 340 1061 370 fuisse.

994 382 1105 420 Tueri,
1129 382 1267 419 intueri,
1290 382 1467 421 inspicere.
1496 380 1573 411 Div.
1600 381 1622 412 i.
1641 383 1692 412 14.

949 427 1174 463 intuerentur,
1193 435 1254 455 nec
1277 425 1389 455 tuendi
1411 424 1549 455 satietas
1573 434 1693 465 capere

949 476 1070 510 posset.
1101 470 1216 500 *tueri
1236 467 1366 508 templa
1389 469 1448 498 διο.
1475 467 1600 499 dicitur
1622 477 1690 499 non

950 515 1048 545 inodo
1064 514 1119 553 qui
1137 522 1328 553 supremam
1353 521 1469 542 eornm
1493 521 1608 542 curam
1632 511 1693 543 lia-

949 558 1018 595 bet,
1035 561 1069 588 et
1083 562 1177 588 tecta
1192 561 1227 586 et
1249 560 1340 586 sarta
1362 559 1547 593 conservat,
1565 561 1603 586 ut
1626 555 1693 587 Ro-

951 611 1014 632 mae
1031 610 1195 631 censores.
1217 600 1298 639 Leg.
1311 600 1358 630 iii.
1373 603 1403 630 3.
1422 603 1550 630 tuenlor
1566 599 1693 630 Censo-

951 655 1001 676 res
1026 645 1114 675 urbis
1140 643 1280 684 templa,
1308 644 1388 680 vias,
1416 653 1517 683 aquas
1545 643 1604 673 διο.
1633 643 1693 674 sed

950 689 1051 719 etiam
1078 689 1297 725 rcdemtores,
1323 688 1378 726 qui
1410 688 1444 717 in
1470 687 1605 727 templis
1632 686 1694 718 ali-

951 733 1031 772 quid
1044 731 1314 769 instaurandum,
1329 730 1554 768 sarciendam,
1573 730 1692 761 melius

950 776 1142 807 faciendum
1164 775 1392 806 redemerunt.
1423 775 1514 805 Verr.
1531 775 1552 804 i.
1571 778 1622 805 50.
1647 784 1692 805 ae-

951 821 1027 851 dem
1054 820 1206 861 Castoris
1236 819 1271 849 P.
1298 818 1421 849 «Iunius
1452 818 1570 849 habuit
1599 822 1694 848 tuen-

950 865 1040 895 dam.
1057 874 1096 894 ex
1113 863 1329 903 sequentibus
1352 866 1465 892 autem
1489 866 1594 902 patet,
1612 872 1691 892 eum

951 908 1124 939 columnas
1141 906 1302 956 quasdam
1326 906 1504 936 redemisse
1524 905 1693 936 aedifican-

952 952 1021 983 das.
1051 951 1150 984 *Am
1168 951 1235 981 xiii.
1251 953 1305 985 49.
1328 950 1531 980 beneficium
1547 951 1646 980 tueoi.
1669 950 1691 979 i.

951 1006 981 1026 e.
1000 1006 1059 1035 pro
1074 1005 1112 1025 eo
1128 1005 1162 1025 se
1179 998 1314 1034 gratum
1330 994 1479 1034 probare.

997 1039 1117 1077 Ταὶίίο,
1141 1038 1304 1075 defensio,
1327 1038 1545 1068 conservatio.
1575 1037 1692 1077 Topic.

951 1086 1005 1116 23.
1031 1091 1152 1114 natura
1168 1082 1268 1112 habet
1287 1082 1368 1112 duas
1386 1086 1510 1122 parteS,
1523 1083 1692 1112 tuitionem

951 1128 1017 1165 sui,
1033 1132 1067 1157 et
1083 1126 1266 1157 ulciscendi
1276 1127 1345 1163 jus.

997 1172 1152 1208 Tumere,
1176 1175 1340 1209 aegrotum
1367 1169 1480 1200 animo
1503 1173 1540 1199 et
1562 1173 1695 1209 pertur-

952 1215 1068 1246 batum
1099 1225 1181 1244 esse.
1208 1213 1309 1244 Tusc.
1335 1213 1383 1243 iii.
1410 1217 1441 1247 9.
1481 1213 1614 1243 animus
1640 1218 1694 1244 ta-

953 1269 1043 1290 mens
1059 1259 1094 1288 in
1110 1259 1190 1288 vitio
1213 1262 1274 1288 est.
1302 1257 1462 1296 sapientis
1485 1262 1600 1287 autem
1624 1257 1696 1287 ani-

953 1313 1028 1333 mus
1043 1312 1175 1343 semper
1194 1306 1290 1332 vacat
1313 1301 1408 1338 vitio,
1425 1310 1598 1340 nunquam
1624 1305 1699 1331 tur-

954 1348 1073 1386 gescit,
1096 1355 1269 1384 nunquam
1293 1349 1407 1375 tumet.
1438 1351 1473 1374 at
1497 1345 1601 1375 iratus
1625 1345 1698 1375 ani-

954 1389 1207 1431 mus-ejusmodi
1224 1392 1286 1426 est,
1303 1389 1363 1419 διο.
1388 1389 1502 1419 Etiam
1518 1388 1633 1419 Livius
1649 1388 1700 1424 di,-

955 1436 1004 1465 xit
1027 1435 1067 1464 de
1091 1435 1189 1472 irato,
1206 1433 1319 1463 xxxiii.
1339 1436 1389 1463 ll.
1419 1433 1478 1463 ubi
1502 1442 1532 1462 v.
1549 1432 1695 1463 Gronov.

954 1483 989 1508 et
1013 1483 1172 1509 tumorem
1194 1477 1235 1507 de
1258 1479 1308 1507 ira
1330 1482 1364 1506 et
1387 1477 1486 1506 minis
1509 1476 1601 1516 Virg.
1618 1477 1696 1506 AEn.

955 1523 1022 1552 viii.
1037 1526 1090 1554 40.
1105 1522 1163 1552 ubi
1178 1531 1207 1550 v.
1223 1521 1338 1552 Burm.
1355 1526 1390 1551 et
1406 1519 1522 1550 Heins.
1538 1520 1581 1550 ad
1597 1519 1699 1550 Clau·

955 1566 1044 1597 dian.
1068 1566 1130 1606 Ep.
1154 1565 1195 1595 ad
1219 1564 1380 1595 Hadrian.
1405 1568 1435 1598 7,
1463 1564 1567 1594 *Ate
1583 1564 1647 1594 xiv.
1664 1567 1696 1594 4.

956 1614 1083 1641 tument
1099 1609 1253 1649 negotia:
1277 1608 1311 1639 h.
1329 1619 1357 1638 e.
1375 1609 1556 1638 imminent
1571 1618 1622 1638 res
1637 1617 1698 1638 no-

955 1664 1015 1685 vae.
1049 1654 1170 1694 (super.
1197 1653 1275 1684 Obs.
1302 1653 1337 1682 ii.
1363 1655 1395 1683 4.
1433 1652 1695 1692 interpretatur:

957 1708 1035 1728 cum
1062 1698 1209 1728 maxime
1237 1696 1429 1736 agitantur:
1464 1695 1553 1735 quod
1581 1695 1700 1736 probat

956 1742 1141 1772 Burmann.
1158 1741 1198 1770 ad
1223 1739 1320 1771 Ovid.
1345 1739 1426 1770 Her.
1446 1740 1501 1770 vii.
1521 1741 1592 1771 121.
1625 1738 1698 1770 Me-

956 1785 1021 1815 lius
1044 1785 1249 1816 Menkenius
1273 1783 1352 1814 Obs.
1376 1783 1416 1814 L.
1438 1783 1478 1814 L.
1498 1793 1530 1823 p.
1553 1786 1628 1818 988.
1653 1793 1697 1814 ae·

957 1834 1105 1869 gretant,
1122 1830 1266 1869 pessime
1282 1838 1316 1858 se
1333 1827 1470 1858 habent.
1493 1837 1523 1857 ν.
1538 1831 1666 1858 tumor.

1002 1872 1138 1910 Tumor,
1163 1872 1203 1902 de
1226 1872 1331 1902 animi
1356 1871 1462 1902 luctu.
1493 1870 1697 1901 Tuscu1.iii.

961 1919 1010 1948 1⁶2.
1041 1927 1119 1947 cum
1143 1921 1255 1947 tumor
1277 1916 1380 1946 animi
1400 1915 1587 1945 resedisset.
1618 1915 1698 1945 ibid.

957 1964 1009 1992 31.
1034 1969 1106 1990 erat
1122 1961 1157 1990 in
1175 1964 1302 1990 tzcmore
1315 1960 1459 1989 animus.
1487 1959 1565 1989 ibid.
1582 1958 1624 1988 iv.
1644 1960 1697 1993 ⁶29.

957 2008 1107 2035 recentes
1124 2004 1218 2043 quasi
1233 2008 1374 2034 cantores
1396 2003 1511 2033 animi.
1540 2004 1560 2021 ἥδ
1571 2012 1623 2032 res
1639 2011 1699 2043 no·-

957 2058 1005 2079 vae
1022 2049 1250 2078 imminentes.
1271 2047 1342 2077 Att.
1354 2048 1419 2077 xiv.
1433 2050 1463 2078 5.
1487 2056 1597 2077 meam
1614 2046 1699 2077 stul-

956 2100 1026 2122 tam
1052 2091 1300 2128 verecundiam,
1325 2091 1381 2129 qui
1405 2090 1508 2130 legari
1531 2089 1698 2120 noluerim

957 2141 1035 2167 ante
1064 2146 1114 2166 res
1140 2135 1297 2176 prolatas,
1325 2144 1366 2164 ne
1392 2133 1542 2164 deserere
1569 2134 1700 2164 viderer

957 2180 1048 2210 hunc
1064 2184 1223 2209 tzmwrem¹
1241 2188 1367 2215 rerum,
1383 2179 1436 2207 cui
1460 2182 1549 2208 certe
1572 2179 1601 2208 si
1623 2188 1700 2218 pos-

957 2233 1026 2253 sem
1045 2223 1183 2261 mederi,
1199 2222 1310 2253 deesse
1327 2231 1392 2252 non
1408 2222 1574 2252 deberem.
1663 2249 1674 2251 .-

1002 2266 1231 2303 'Fumultuarg
1253 2266 1435 2305 trepidare,
1463 2271 1558 2296 motu
1588 2265 1699 2305 aliquo

958 2311 1062 2341 animi
1078 2311 1277 2351 perturbari.
1309 2310 1388 2348 Agr.
1405 2309 1438 2339 ii.
1456 2312 1507 2344 37.
1535 2309 1592 2349 qui
1609 2319 1698 2350 saepe

958 2358 992 2385 et
1007 2356 1079 2385 sine
1095 2364 1195 2384 causa
1211 2355 1407 2384 tumultuer.
1431 2353 1496 2384 Off.
1512 2354 1534 2383 i.
1550 2355 1603 2385 23.
1630 2363 1699 2383 non

959 2399 1147 2439 perturbari
1181 2397 1277 2427 rebus
1313 2397 1449 2437 asperis,
1480 2407 1542 2427 nec
1573 2399 1702 2428 tumul-

960 2447 1110 2473 tuantem
1139 2442 1178 2471 de
1211 2441 1317 2480 gradu
1346 2441 1458 2480 dejici,
1488 2446 1528 2471 ut
1565 2441 1701 2471 dicitur.

962 2485 1042 2517 Coel.
1064 2489 1114 2516 15.
1147 2485 1226 2524 quid
1249 2485 1491 2515 tumultuaris?
1521 2484 1600 2524 quid
1614 2485 1703 2515 insa-

961 2531 1034 2560 nis?
1069 2529 1149 2568 quid
1173 2528 1318 2558 clamore
1341 2538 1470 2565 exorsa,
1491 2528 1611 2566 verbis,
1630 2538 1704 2569 par-

962 2584 1036 2604 vam
1066 2583 1149 2611 rem,
1179 2582 1337 2612 magnam
1368 2572 1472 2602 facis?
1506 2571 1549 2602 cf.
1576 2572 1706 2603 tumul-

961 2622 1029 2648 tus.

1008 2660 1195 2691 Tumultus.
1219 2658 1304 2690 Phil.
1321 2660 1387 2690 viii.
1408 2662 1435 2690 l.
1452 2663 1563 2700 potest
1578 2659 1706 2690 bellum

963 2715 1033 2735 esse
1043 2705 1114 2734 sine
1125 2705 1270 2734 tumultu
1278 2717 1288 2736 ,·
1306 2705 1468 2733 cuncultus
1477 2713 1548 2733 esse
1557 2703 1629 2734 sine
1640 2703 1710 2733 bel-

964 2749 996 2778 lo
1009 2757 1076 2778 non
1089 2752 1211 2787 potest.
1227 2747 1307 2785 quid
1319 2750 1369 2777 est
1380 2748 1469 2777 enim
1483 2747 1711 2777 aliudtumul-

965 2796 1031 2828 tus,
1050 2791 1113 2821 nisi
1129 2791 1338 2831 perturbatio
1358 2795 1469 2828 tauta,
1486 2795 1524 2820 nt
1545 2792 1652 2831 major
1667 2791 1711 2820 ti-

967 2844 1040 2865 mor
1052 2835 1206 2865 oriatur?
1219 2834 1309 2864 unde
1322 2835 1425 2864 etiam
1436 2844 1558 2864 nomen
1569 2835 1710 2864 ductum

968 2882 1021 2909 est
1050 2879 1225 2908 tumultus.
1265 2880 1400 2919 (nempe
1432 2887 1499 2908 non
1530 2888 1550 2908 a
1577 2878 1715 2914 timore,

970 2922 1029 2954 sed
1053 2932 1073 2951 a
1093 2926 1240 2959 tumore,
1261 2922 1318 2960 qui
1340 2926 1391 2952 est
1415 2931 1526 2952 rerum
1551 2931 1712 2953 novarum

1040 2972 1060 2996 u
1079 2964 1103 2996 h
