1985 3206
267 84 348 123 '208
790 95 936 124 mnssx
959 96 1252 124 LAT1N1TATIS.

275 186 303 213 1.
323 186 351 213 a.
377 184 540 213 acerrima
557 181 712 212 ministra
727 187 908 222 praetorum
925 193 1001 213 ava-

271 227 357 257 ritiae
374 227 555 257 calumnia.
574 226 668 256 Verr.
687 226 719 256 ii.
738 228 790 259 27.
817 237 836 256 a
851 236 915 265 quo
933 227 998 256 HS.

271 274 414 300 centena
442 270 548 300 millia
570 279 629 309 per
650 271 853 299 calumniam
878 269 999 299 maliti-

270 323 392 352 amque
417 314 525 353 pvtita
547 319 638 342 sunt.
663 314 785 343 (Jaeeiu.
813 316 844 346 7.
874 315 1000 343 calum-

269 359 362 387 niam
375 357 511 387 obtrivit
527 361 561 386 ot
573 357 734 386 contudit.
751 355 783 385 h.
797 366 825 386 e.
838 361 997 386 terrorem

270 400 338 430 litis
364 401 532 440 improbae.
565 400 674 429 *hinc
698 400 807 429 (luctae
832 400 932 430 etiam
952 410 998 430 eze

269 444 436 481 fot-mulce,
455 445 486 473 in
504 444 623 482 quibus
646 445 816 473 calumnia
831 444 1000 482 significat

271 488 452 523 actionem,
472 487 637 527 judicium
666 488 851 524 calumniae,
875 491 934 516 aut
957 488 999 517 si-

270 530 350 560 mile
364 531 454 570 quid,
468 531 562 570 cujus
575 530 743 568 objectum
757 534 807 560 est
819 531 997 560 calumnia.

271 574 406 604 Cluent.
432 577 482 607 59.
519 574 728 604 Calunmiam
756 583 822 603 non
848 574 997 613 effugiet.

271 618 291 647 i.
305 628 333 647 e.
348 617 524 648 calumniae
542 618 767 647 damnabitur.
784 618 824 647 ad
840 617 915 647 Div.
931 618 997 647 viii.

271 665 302 692 8.
325 662 529 691 calumniam
552 662 648 691 serre.
674 662 694 691 i.
717 671 746 691 e.
769 661 919 691 damnari
943 671 997 691 ea-

271 706 414 735 lumm'ae.
448 705 524 734 ibid.
552 706 755 734 calumniam
778 705 906 743 jurare,
932 705 996 734 den

270 748 343 788 Eyd
362 759 419 778 vor
440 749 492 777 die
510 748 686 778 Geffihrde.
710 748 729 765 ²¹*
743 748 920 785 malitiosa,
939 752 998 777 aut

269 791 354 822 falsa
376 792 495 822 saltem
520 792 763 832 interpretatio.
796 792 920 821 Caeciu.
945 794 996 822 521.

271 836 306 865 in
336 835 456 875 frigida
485 840 519 865 et
544 836 663 875 jejuna
688 836 857 866 calumnia
881 834 998 864 delite-

270 890 372 910 scere.
404 879 467 909 Off.
492 880 514 909 i.
537 882 585 909 10.
617 879 767 909 existunt
790 879 919 917 injuriae
943 889 997 908 ca-

271 924 410 953 lumnia.
440 923 481 953 ad
504 923 579 953 Dis«.
599 924 640 952 vi.
658 926 688 956 T.
719 923 885 952 calumnia
899 923 998 951 timo-

270 968 325 997 ris.
351 976 427 997 cum
453 972 587 1006 propter
604 967 760 996 timorem
778 966 892 995 onmia
906 966 997 995 dcte-

270 1011 338 1041 rius
366 1011 640 1049 interpretamur,
664 1011 777 1039 omnia
800 1010 911 1049 pejora
936 1010 997 1039 fin-

270 1055 393 1093 gimus.
417 1053 548 1083 *falsus
572 1057 768 1093 praetextus,
785 1054 837 1083 uti
858 1053 999 1091 loquun-

269 1103 339 1135 tur,
358 1102 393 1127 et
417 1097 572 1136 quicquid
597 1098 738 1127 dicimus
762 1101 822 1127 aut
844 1096 998 1132 facimus,

270 1149 311 1172 ut
334 1141 399 1171 alia
421 1141 460 1171 (le
485 1151 585 1171 causa
607 1145 641 1170 et
664 1141 754 1171 aliud
778 1150 874 1179 agere
892 1140 1000 1169 videa-

272 1196 359 1222 mur,
382 1188 480 1224 atque
505 1185 646 1223 agimus.
673 1185 713 1214 ad
737 1185 811 1214 Div.
838 1184 858 1213 i.
888 1187 915 1213 1.
946 1194 1001 1213 ca-

271 1230 402 1258 lumnia
419 1229 598 1268 religionis.
624 1228 662 1257 de
680 1228 794 1258 eadem
813 1237 845 1257 re
862 1227 942 1257 dicit
956 1228 997 1266 Q.

271 1272 323 1302 Fr.
344 1273 377 1302 ii.
395 1275 426 1302 Q,
458 1282 516 1312 per
531 1272 765 1302 obtrectatores
790 1270 924 1301 Lentuli
949 1280 999 1299 res

270 1318 443 1346 calumnia
462 1319 609 1345 extracta
625 1319 685 1345 est.
718 1315 786 1345 Att.
805 1316 846 1344 iv.
865 1318 895 1345 3
929 1315 1001 1344 Me-

269 1360 371 1390 tellus
387 1361 553 1389 calemmia
570 1360 700 1389 dicendi
715 1363 847 1398 tempus
864 1359 998 1388 exemit.

271 1403 305 1434 h.
322 1413 352 1433 e.
378 1403 517 1442 longiori
541 1403 702 1439 oratione,
719 1412 805 1441 quae,
823 1412 889 1431 non
915 1402 1001 1440 quod

270 1457 354 1487 opus
378 1451 461 1483 erat,
478 1447 512 1476 in
536 1447 704 1476 sententia
718 1445 869 1482 dicenda,
886 1446 942 1475 sed
959 1455 1000 1474 ne

272 1491 398 1521 SCtum
423 1491 493 1519 fieri
512 1494 634 1530 posset,
652 1490 880 1520 adhibebatur.
898 1489 1000 1519 Acad.

272 1535 315 1564 iv,
350 1538 377 1564 l.
415 1534 633 1564 Inimicorum
662 1534 832 1563 calumnia
861 1533 1000 1569 tardius,

273 1588 373 1618 quam
397 1577 568 1614 debuerat,
583 1577 814 1617 triumphavit.
838 1577 857 1596 ’Κ
871 1576 1000 1616 Captio.

274 1622 343 1652 Fat.
380 1624 429 1652 14.
462 1631 522 1651 nec
550 1622 652 1651 ullam
677 1621 854 1650 adhibebat
876 1623 1002 1650 calam-

272 1667 375 1696 niam.
400 1665 419 1684 *Ψ
432 1666 539 1695 inanis
560 1665 783 1705 reprehensio.
808 1665 886 1695 Nat.
904 1665 947 1694 D.
966 1665 1000 1694 ii.

275 1713 305 1740 3.
341 1708 509 1748 effugiunt
538 1709 812 1739 Academicorum
841 1709 1003 1738 malummi-

273 1763 340 1783 am.
371 1752 390 1771 ⁸*
413 1753 593 1783 simulatio.
636 1752 734 1782 Catil.
768 1752 801 1782 ii.
828 1754 858 1782 2.
891 1762 1002 1781 amare

273 1797 444 1827 calumnia
460 1800 615 1836 coeperat,
630 1797 650 1826 i.
665 1806 694 1826 e.
708 1796 865 1825 simulato
878 1805 1001 1825 amore.

273 1839 408 1870 *Acad.
434 1840 476 1870 iv.
502 1843 532 1870 5.
563 1840 718 1870 Arcesilae
742 1840 922 1877 calumnia,
946 1849 1004 1878 op-

251 1920 253 1923 ,
272 1885 411 1925 ponitur
424 1884 632 1914 verecundiae
648 1883 843 1913 Democriti.
879 1883 1003 1913 Demo-

273 1928 348 1958 criti
377 1928 578 1957 verecundia
600 1928 634 1957 in
659 1937 697 1956 eo
728 1926 891 1963 consistit,
916 1927 1003 1965 quod

273 1972 321 2002 ita
344 1970 526 2002 imbecillos
549 1980 665 2001 sensus
681 1971 809 2000 dixerat
825 1970 1002 2006 humanos,

275 2020 314 2045 ut
337 2025 452 2046 verum
475 2019 648 2054 tamquam
673 2015 707 2043 in
723 2013 886 2054 profundo
902 2017 1002 2053 puteo

274 2059 390 2096 latere,
415 2059 499 2089 nihil
527 2068 622 2098 paene
650 2058 726 2087 sciri
749 2067 842 2097 posse
865 2057 999 2087 diceret.

272 2102 428 2133 Arcesilae
441 2106 554 2132 autem
566 2103 735 2132 calumnia
751 2105 801 2130 est
813 2102 879 2131 sive
893 2101 1002 2141 impu-

273 2146 399 2183 dentia,
419 2146 475 2185 qui
500 2145 584 2175 nihil
606 2142 884 2185 plane'cognosci
907 2155 1002 2184 posse

273 2190 411 2227 diceret,
428 2190 494 2219 sive
519 2189 693 2229 impudens
711 2189 939 2228 interpretatio
955 2189 1004 2218 di-

273 2238 405 2263 ctorum
428 2233 626 2270 Democriti,
649 2232 872 2272 Empedoclis,
889 2232 1003 2262 Socra-

272 2278 329 2314 tis,
346 2277 416 2316 qui,
433 2285 500 2306 non
524 2277 610 2315 quod
627 2277 674 2305 ita
688 2277 930 2312 existimarent,
946 2276 1004 2306 sed

275 2320 445 2352 modestiae
468 2330 580 2357 causa,
598 2319 681 2350 nihil
704 2320 780 2349 sciri
804 2329 897 2359 posse
913 2319 1004 2350 dixe-

274 2367 363 2401 rant,
380 2367 415 2394 et
430 2367 545 2393 tamen
560 2367 710 2394 auctores
734 2364 911 2394 sententiae
934 2373 1003 2393 suae

274 2408 315 2442 ab
331 2407 477 2438 Arcesila
498 2408 698 2438 citabantur.

323 2452 561 2482 Calumniator.
594 2450 844 2490 quadruplator,
864 2450 1004 2487 delator,

274 2496 331 2535 qui
344 2495 444 2525 falsas
461 2495 533 2524 lites
548 2494 702 2525 intendit.
723 2494 816 2525 Verr.
832 2495 865 2524 ii.
879 2498 910 2528 9.
934 2494 1005 2524 Cae-

274 2540 341 2570 cin.
358 2540 411 2569 23.
435 2539 682 2569 calumniatoris
694 2547 764 2569 esse
777 2539 939 2578 scriptum
955 2547 1004 2567 se-

274 2583 331 2622 qui
349 2582 408 2612 &e.

324 2626 523 2657 Calumnior.
564 2624 682 2656 falsam
720 2624 814 2655 litem
854 2623 1002 2654 intendo.

273 2669 367 2701 verr.
406 2670 453 2699 iii.
489 2672 538 2700 15.
579 2668 808 2699 calumniandi
845 2671 1003 2708 quaestus.

273 2713 437 2753 *tempus
461 2713 547 2743 fictis
570 2713 678 2743 causis
701 2712 833 2742 ducere.
866 2712 944 2742 Sen.
969 2721 1003 2750 p.

273 2756 356 2788 Red.
385 2760 434 2787 11.
465 2765 598 2795 meque,
624 2756 650 2786 si
674 2756 799 2787 diutius
821 2755 1005 2785 calumnia-

274 2806 404 2838 rentur,
417 2800 522 2830 redire
528 2799 687 2839 jussistis.
708 2799 826 2839 Quint.
841 2801 893 2829 21.
912 2799 1006 2837 jacet

274 2854 325 2874 res
352 2845 386 2874 in
412 2844 654 2880 controversiis,
679 2844 742 2873 isto
767 2843 1002 2879 calumniante,

273 2888 460 2921 biennium.
484 2886 556 2919 *de
580 2887 632 2926 iis,
648 2887 705 2929 qui
727 2885 811 2918 falso
832 2886 949 2919 omnia
962 2886 1005 2917 ti-

1042 187 1147 220 ment,
1176 186 1310 223 proptor
1335 184 1489 214 timorem
1519 186 1632 216 omnia
1658 185 1770 226 pejora

1043 228 1187 266 lingunt.
1219 227 1260 257 ad
1286 227 1361 257 Div.
1388 228 1431 258 ix.
1449 230 1479 258 2.
1505 229 1562 258 sed
1587 231 1770 259 calumnia-

1043 271 1101 300 bar
1124 271 1204 309 ipse.
1231 271 1290 300 Sec.
1327 271 1413 300 conf.
1439 274 1614 303 calumnia.
1641 273 1717 303 ibid.
1735 277 1768 306 ’7.

1042 323 1119 343 nam
1146 313 1233 352 quod
1255 317 1354 344 antea
1376 317 1599 346 calumniatus
1615 327 1689 346 sum
1710 317 1771 357 (sic

1042 358 1131 386 enim
1149 367 1226 386 euni
1250 357 1379 388 Graevio
1403 359 1595 398 legendum)
1617 360 1770 390 indicabo

1043 400 1207 430 malitiam
1226 409 1347 430 meam.

1089 443 1180 473 (Jals.
1212 444 1318 474 Locus
1342 445 1374 474 in
1400 445 1499 482 circo,
1515 448 1601 477 calc-e
1613 446 1693 475 olim
1713 455 1770 475 no-

1040 490 1144 523 tatus,
1162 492 1235 526 post
1259 491 1349 517 creta
1375 488 1503 527 (Senee.
1528 499 1580 529 ep.
1602 491 1686 527 103.)
1714 490 1769 519 ubi

1041 540 1139 560 cursu
1157 535 1273 561 exacto
1289 531 1395 561 victor
1409 533 1609 564 consistebat
1633 538 1668 563 et
1687 542 1770 572 prae-

1041 574 1146 603 mium
1172 574 1365 614 accipiebat.
1398 575 1481 605 Plin.
1505 577 1572 606 viii.
1589 578 1642 607 42.
1674 587 1770 606 xxxv-

1044 620 1092 651 17.
1126 617 1265 647 Salmas.
1296 618 1337 648 ad
1369 618 1470 649 Solin.
1504 630 1536 659 p.
1568 621 1641 650 64⁶2.
1678 620 1771 659 Lips.

1042 661 1133 690 Lect.
1159 662 1236 690 Ant.
1260 671 1290 691 v.
1317 664 1366 692 10.
1403 662 1490 692 unde
1523 663 1674 693 formulae
1699 663 1769 693 hae:

1038 704 1137 734 Tusc.
1156 705 1177 733 i.
1194 707 1224 735 8.
1251 705 1354 735 Video
1368 708 1499 743 calc-cm,
1518 707 1559 736 ad
1575 717 1674 745 quam
1692 717 1770 737 cum

1039 748 1083 777 sit
1106 747 1283 778 decursum
1308 750 1367 778 ἃς.
1397 749 1478 779 Lael.
1503 752 1556 783 ⁴27.
1586 760 1603 779 e
1632 751 1772 781 carceri*

1039 791 1099 821 bus
1124 791 1165 821 ad
1188 793 1309 821 calcem
1332 793 1513 831 pervenire.
1547 793 1641 823 Caro.
1665 796 1718 825 533.
1751 805 1771 825 a

1040 845 1170 865 carcere
1195 835 1236 864 ad
1259 836 1379 865 calcem
1411 846 1574 866 revocare.
1608 837 1658 866 Fr.
1685 837 1771 867 Hor·

1039 883 1125 907 tens.
1150 889 1202 917 ap.
1227 878 1303 908 Sen.
1329 879 1350 908 l.
1374 890 1401 908 c.
1422 880 1579 917 quoniam
1596 890 1711 910 sumus
1729 881 1770 910 ab

1039 922 1110 961 ipsa
1125 924 1212 952 calce
1228 923 1299 961 ejus
1321 922 1591 962 interpellatione
1615 924 1772 954 revocati.

1041 965 1136 994 Unde
1167 970 1261 1005 patet
1289 965 1412 996 falsum
1442 976 1525 1004 esse,
1556 967 1642 1005 quod
1672 972 1770 1007 putat

1040 1009 1178 1039 Salmas.
1203 1009 1243 1039 ad
1267 1009 1368 1039 Solin.
1384 1020 1417 1049 p.
1434 1011 1509 1040 642.
1541 1011 1659 1040 calcem
1685 1011 1771 1042 Circi

1040 1062 1110 1081 esse
1135 1053 1264 1091 generis
1290 1063 1390 1083 masc.
1414 1057 1448 1083 et
1472 1064 1491 1083 a
1510 1056 1596 1084 calce
1611 1053 1701 1093 pedis
1716 1064 1772 1084 su-

1042 1096 1106 1125 mi:
1137 1097 1213 1134 quia
1236 1098 1279 1126 sit
1303 1097 1468 1127 terminus
1486 1106 1613 1135 cursus,
1630 1098 1771 1128 Graeeis-

1042 1149 1105 1177 que
1124 1138 1217 1181 τίςμιι
1233 1140 1375 1169 dicatur.

1090 1183 1243 1213 Cumara.
1267 1184 1307 1222 Ω.
1326 1184 1377 1214 Fr.
1395 1184 1440 1213 iii.
1457 1187 1484 1215 1.
1503 1188 1529 1214 l.
1545 1188 1674 1215 tectum
1694 1194 1773 1214 con-

1042 1225 1142 1256 clavis
1166 1226 1347 1257 fornicibus
1371 1238 1583 1268 suspensum,
1600 1233 1635 1258 et
1657 1238 1773 1259 arcua-

1041 1274 1126 1300 tum.
1154 1269 1224 1300 Vox
1241 1272 1366 1301 Graeca.

1091 1314 1284 1354 Campester.
1315 1315 1461 1355 Ilarusp.
1493 1315 1532 1346 R.
1562 1316 1614 1345 ⁶20.
1645 1325 1771 1355 campe-

1040 1361 1107 1387 ster
1129 1363 1290 1396 quiestus,
1308 1363 1357 1388 est
1379 1359 1522 1398 pecunia
1545 1369 1564 1388 a
1587 1359 1772 1389 candidatis

1043 1406 1192 1440 accepta,
1223 1411 1241 1430 a
1272 1401 1397 1441 Campo
1429 1402 1551 1432 Martio
1581 1402 1683 1440 dicta,
1715 1403 1772 1432 ubi

1043 1446 1256 1483 magistratus
1272 1446 1482 1475 creabantur.
1515 1445 1594 1476 Coel.
1614 1449 1643 1477 5.
1674 1445 1772 1476 ludus

1041 1492 1230 1527 campester,
1240 1493 1289 1519 est
1301 1490 1495 1520 exercitatio
1509 1489 1666 1529 corporis,
1677 1490 1772 1528 cujus

1044 1531 1139 1572 plura
1162 1542 1284 1571 genera
1307 1538 1416 1569 erant,
1433 1534 1552 1572 quibus
1571 1534 1712 1572 juvenes
1737 1533 1772 1563 in

1045 1575 1170 1615 Campo
1187 1576 1310 1606 Martio
1327 1578 1520 1607 utebantur.

1092 1620 1242 1659 Granpus.
1272 1620 1312 1650 de
1335 1620 1460 1660 Campo
1477 1620 1600 1650 Martio
1615 1619 1775 1660 simplici-

1042 1666 1094 1693 ter
1109 1663 1242 1693 dicitur.
1259 1674 1287 1694 r.
1306 1674 1334 1694 e.
1362 1664 1401 1694 de
1422 1664 1497 1693 Nat.
1514 1664 1555 1694 D.
1574 1664 1620 1694 iii.
1637 1666 1689 1698 ⁶27.
1713 1664 1774 1694 διο.

1044 1706 1118 1736 Act.
1136 1708 1157 1737 i.
1181 1708 1215 1737 in
1231 1708 1325 1738 Verr.
1341 1711 1372 1741 7.
1395 1708 1452 1738 Or.
1473 1708 1507 1738 ii.
1524 1709 1575 1739 20.
1606 1707 1624 1726 ³*
1637 1708 1676 1737 de
1693 1717 1774 1746 qua-

1045 1760 1176 1790 cunque
1209 1761 1255 1787 re,
1287 1761 1360 1790 quae
1392 1761 1548 1789 magnam
1574 1751 1773 1781 facultatem

1045 1794 1183 1833 alicujus
1203 1796 1247 1824 rei
1263 1798 1411 1835 praestat.
1443 1796 1565 1825 Caecin.
1583 1797 1634 1829 ⁶29.
1663 1805 1717 1825 me
1733 1805 1774 1825 ex

1043 1846 1154 1877 eampo
1171 1839 1339 1877 aequitatis
1355 1838 1397 1868 ad
1410 1839 1586 1868 verborum
1602 1839 1773 1878 angustias

1044 1886 1078 1912 ct
1093 1891 1207 1911 omnes
1226 1882 1397 1912 literarum
1413 1882 1550 1921 angulos
1567 1891 1698 1912 revocas
1714 1884 1774 1912 διο.

1094 1926 1243 1956 Cancellz'.
1273 1926 1366 1956 Verr.
1390 1925 1437 1956 iii.
1459 1929 1511 1960 59.
1538 1927 1692 1956 cancellos
1715 1925 1776 1955 ali-

1045 1970 1097 1999 cui
1115 1969 1332 2005 circumdare,
1344 1969 1499 2006 dicimur,
1512 1978 1587 1999 cum
1605 1978 1774 2007 cavemus,

1046 2022 1086 2042 ne
1103 2013 1175 2051 quis
1189 2023 1248 2052 pro
1264 2013 1398 2043 libidine
1416 2012 1502 2043 male
1526 2013 1634 2043 facere
1657 2013 1774 2053 possit,

1044 2057 1146 2086 ducta
1167 2056 1298 2087 dicendi
1321 2056 1450 2086 ratione
1473 2066 1493 2086 a
1512 2057 1639 2094 bestiis,
1656 2057 1775 2095 quibus

1044 2102 1179 2130 cancelli
1195 2101 1459 2136 circumdantur,
1477 2109 1519 2130 ne
1541 2100 1700 2140 effugere,
1716 2104 1777 2130 aut

1045 2153 1163 2174 nocere
1177 2145 1333 2182 cuiquam
1346 2145 1484 2184 possint.
1499 2143 1518 2162 ἕ
1528 2145 1617 2174 Sext.
1630 2147 1682 2174 58.
1698 2153 1777 2173 can·-

1044 2190 1114 2218 ceth·
1141 2187 1213 2218 fori.
1241 2192 1347 2228 septa.
1371 2188 1435 2218 vid.
1459 2188 1598 2218 Salmas.
1621 2187 1663 2218 ad
1686 2187 1781 2234 Hist.

1044 2231 1130 2266 Aug.
1147 2238 1173 2261 t.
1190 2232 1224 2261 ii.
1240 2242 1272 2272 p.
1290 2234 1342 2261 80.

1094 2275 1352 2305 eandidatorius.
1374 2275 1446 2305 Att.
1461 2276 1483 2305 i.
1503 2278 1531 2305 l.

1095 2319 1297 2358 Caueplzoroe.
1329 2318 1421 2348 Verr.
1438 2319 1480 2348 iv.
1498 2322 1529 2350 3.
1555 2321 1677 2348 statuae
1693 2316 1777 2348 refe-

1046 2366 1156 2392 rentes
1187 2364 1332 2402 speciem
1367 2363 1536 2402 virginum
1566 2361 1776 2391 sacerdotum

1048 2405 1190 2443 Cereris,
1207 2416 1281 2444 quse
1298 2407 1332 2435 in
1356 2405 1561 2435 solemnibus
1582 2405 1711 2435 Cereris
1727 2404 1776 2435 bi-

1048 2458 1092 2479 na
1107 2451 1253 2480 canistra
1266 2450 1430 2485 ferebant,
1448 2454 1483 2479 et
1505 2448 1581 2478 inde
1599 2448 1776 2488 Canepho-

1046 2503 1091 2523 τω
1115 2493 1324 2524 dicebantur.
1349 2493 1417 2523 vid.
1434 2492 1616 2533 Spanhem.
1632 2491 1675 2522 ad
1699 2491 1776 2522 Cal-

1047 2536 1181 2566 limach.
1200 2537 1326 2577 Hymn.
1342 2537 1377 2566 in
1394 2537 1505 2567 Cerer.

1097 2581 1243 2611 Caneseo.
1275 2580 1348 2610 Per.
1365 2582 1397 2611 2.
1419 2590 1497 2610 cum
1513 2580 1620 2610 oratio
1642 2579 1709 2618 jam
1724 2589 1778 2609 ca-

1047 2628 1198 2661 nesceret,
1230 2624 1434 2662 haberetque
1473 2633 1568 2653 suam
1608 2622 1778 2662 quandam

1048 2668 1280 2698 maturitatem
1296 2672 1331 2697 et
1347 2668 1440 2706 quasi
1455 2671 1679 2697 senectutem.

1096 2711 1203 2741 Canis.
1247 2710 1382 2741 assecla.
1420 2711 1493 2741 Att.
1521 2711 1564 2741 vi.
1595 2714 1626 2742 3.
1669 2709 1777 2740 Clodii

1047 2756 1150 2785 canis.
1180 2754 1251 2784 ade
1270 2755 1406 2785 homine
1430 2755 1487 2793 qui
1510 2755 1552 2784 ad
1575 2754 1780 2793 investigan-

1047 2798 1105 2828 das
1129 2802 1164 2828 et
1187 2798 1371 2829 odorandas
1395 2807 1446 2828 res
1465 2797 1653 2828 adhibetur.
1683 2798 1778 2828 Verr.

1048 2842 1069 2872 i.
1100 2844 1153 2873 48.
1192 2842 1300 2873 multa
1329 2843 1464 2872 canibus
1491 2843 1559 2872 suis
1585 2851 1668 2884 opus
1694 2850 1779 2880 esse,

1047 2895 1128 2926 quos
1146 2885 1234 2917 circa
1249 2896 1284 2917 se
1300 2885 1449 2918 haberet.
1465 2886 1526 2917 διο.
