1920 3196
723 90 871 120 INDEX
900 89 1036 118 LA'rlN
1043 89 1198 118 ITATls.

213 179 289 212 ibid.
308 180 341 210 ii.
351 183 380 214 7.
394 189 499 210 narra
513 179 611 210 mihi:
626 188 718 219 reges
728 179 875 209 Armenii
886 188 942 218 pa-

209 225 325 254 tricios
349 224 495 253 salutare
524 233 589 253 non
612 223 739 253 solent?
768 222 842 252 add.
870 222 941 251 Att.

211 267 278 298 xiii.
292 270 341 297 51.
354 267 408 297 ubi
421 267 471 296 ed.
484 267 579 298 Rom.
594 267 692 297 habet
707 265 940 297 Narrabotibi.

211 310 283 340 ‘ad
309 311 383 340 Div.
409 311 444 340 ii.
474 314 521 340 10.
553 320 617 349 quo
641 310 674 340 in
698 309 770 340 loco
786 319 885 349 saepe,
904 313 941 339 ut

210 364 249 383 ex
275 359 308 383 te
333 353 456 390 audivi,
475 353 664 383 Clitarchus
688 354 748 383 tibi
773 354 939 388 narravit,

211 396 348 427 Darium
368 398 408 427 ab
426 397 611 427 Alexandro
628 407 697 427 esse
722 402 915 436 superatum
932 408 938 424 :

210 450 280 479 pro,
299 441 331 469 in
350 441 519 470 Clitarelio
543 440 665 479 legisti.
701 441 753 470 Sic
771 446 821 470 est
837 441 940 470 etiam

210 484 243 513 in
263 483 365 513 Bruto
380 487 433 514 43.
463 485 511 513 ita
526 485 648 514 tacitus
665 485 870 521 tribunatus,
888 490 939 520 ut,

208 528 271 557 nisi
295 528 329 556 in
353 538 391 556 co
410 528 609 566 magistratu
629 529 832 564 eaenavisset2
852 527 941 567 apud

206 580 394 609 praeconem
421 571 596 607 Granium,
622 571 719 610 idque
744 571 837 600 nobis
860 581 940 601 uar-

207 615 343 644 ravisset
362 614 508 644 Lucilius
524 616 582 644 διο.

255 658 490 694 ,ΝανίΙιει-ἱιιηι,
517 657 774 698 myrothecium,
793 657 939 698 capsula,

207 701 242 731 in
275 711 340 739 qua
371 706 557 741 unguenta,
587 702 845 739 medicamenta,
873 711 941 731 ser-

207 751 339 774 vantur.
375 745 445 775 Fin'.
478 745 512 775 ii.
544 748 573 778 7.
606 745 852 774 medicamenta
882 745 941 774 illa

207 793 381 826 tamquam
399 789 438 818 de
456 789 619 819 narthecio
635 792 802 828 promant.

253 832 382 868 Naras,
397 842 529 871 gnarus.
554 832 610 862 Or.
627 835 679 865 47.
704 832 772 861 noti
786 838 893 869 erant,
906 836 940 862 et

208 876 283 905 navi
307 881 342 905 et
365 877 463 906 nari.-
488 876 606 915 quibus
631 885 708 905 cum
732 876 765 904 in
791 876 938 915 praeponi

206 923 387 958 oporteret,
420 919 550 950 dulcius
588 919 693 948 visum
732 924 783 949 est
819 919 938 958 ignoti,

208 961 332 1001 ignavi,
351 963 456 1002 ignari
473 963 593 993 dicere.

253 1007 376 1036 Μιεεα.
407 1007 476 1036 Att.
506 1017 556 1036 xv.
589 1008 641 1036 ⁴20.
680 1016 719 1035 ex
752 1005 813 1035 hac
843 1015 939 1035 nassa

207 1050 296 1079 exire
322 1051 494 1087 constitui,
518 1059 584 1079 non
609 1049 650 1079 ad
673 1049 801 1088 fugam,
817 1049 874 1078 sed
898 1049 939 1078 ad

207 1103 300 1132 spem
320 1095 435 1123 mortis
453 1093 608 1123 melioris.

253 1137 481 1166 Nasum-tim.
508 1137 578 1167 Fin.
598 1137 631 1165 ii.
646 1138 698 1166 98.
721 1135 821 1166 Tusc.
838 1145 867 1165 V.
886 1138 937 1166 34.

208 1178 323 1209 Persas
348 1180 534 1220 Xenophon
560 1184 672 1218 negat,
690 1179 872 1218 quidquam
897 1179 936 1209 ad

206 1232 327 1262 panem
345 1224 512 1261 adbibere,
531 1231 652 1263 praeter
668 1224 883 1253 nasturtium.

251 1267 397 1297 Natalis.
427 1268 498 1297 Att.
516 1268 561 1297 iii.
577 1270 629 1298 20.
661 1267 729 1296 dies
750 1268 872 1297 natalis
889 1276 938 1296 re-

205 1308 296 1341 ditus
315 1312 391 1341 mei.

249 1355 448 1384 Natalitius.
496 1354 571 1384 Div.
611 1354 644 1384 ii.
682 1355 735 1385 4⁶2.
782 1355 938 1384 natalitia

204 1397 376 1437 praedicta,
389 1402 479 1435 sunt,
492 1408 566 1436 quae
584 1398 671 1427 fiunt
687 1408 725 1427 ex
745 1397 825 1428 hora
841 1402 938 1428 nata-

206 1442 240 1470 li.
267 1442 346 1472 ibid.
361 1445 413 1472 43.
439 1441 546 1471 sidera
563 1442 727 1471 natalitia.

248 1486 391 1515 Nature.
409 1486 448 1515 de
466 1486 704 1515 inconstantia.
734 1484 811 1515 Nat.
829 1485 872 1515 D.
889 1485 936 1515 iii.

204 1529 256 1559 524.
289 1530 322 1558 in
346 1539 411 1568 quo
434 1533 471 1558 tu
497 1528 577 1559 mibi
596 1529 700 1568 magis
714 1533 833 1559 natare
849 1529 936 1559 visus

201 1581 250 1610 ες,
267 1582 366 1611 quam
385 1573 454 1612 ipse
472 1572 660 1614 Neptunus.

249 1617 364 1653 Natio,
394 1626 499 1655 genus
537 1615 723 1645 hominum.
762 1615 852 1646 Mur.
882 1619 934 1647 33.

202 1663 277 1689 tota
289 1661 377 1690 natio
389 1659 654 1689 candidatorum.
673 1659 763 1689 Sext.
775 1662 828 1690 44.
845 1670 936 1698 quae-

199 1703 286 1740 sisti,
300 1713 373 1742 quae
386 1708 473 1733 esset
487 1708 600 1733 nostra
608 1704 695 1733 natio
706 1704 934 1743 optimatium.

201 1747 245 1776 ib.
263 1750 316 1778 45.
339 1751 410 1777 esto
426 1748 542 1786 igitur,
559 1754 596 1776 ut
615 1746 649 1776 hi
664 1747 745 1783 sint,
766 1747 879 1787 (quam
897 1751 934 1776 tu

200 1792 364 1821 nationem
385 1790 572 1830 appelltssti)
592 1791 647 1829 qui
666 1791 788 1829 integri
804 1795 884 1820 sunt
900 1796 935 1820 et

200 1835 271 1864 sani
291 1835 349 1864 ἃς.
373 1834 451 1864 ibid.
469 1834 520 1865 63.
546 1834 645 1864 habes
662 1834 778 1873 igitur,
790 1833 878 1872 quod
894 1845 934 1864 ex

201 1887 255 1907 me
270 1878 430 1917 quaesisti,
445 1878 501 1916 qui
518 1881 629 1907 essent
651 1878 842 1917 optimates.
867 1887 933 1908 non

199 1925 251 1951 est
273 1923 373 1958 natio,
391 1926 429 1952 ut
454 1922 580 1957 dixisti,
597 1921 685 1960 quod
708 1931 771 1960 ego
794 1922 933 1951 verbum

201 1966 334 2004 agnovi.
350 1970 401 1995 est
417 1966 508 1994 enim
526 1964 615 1994 illius
633 1965 692 1994 &c.
740 1965 789 1995 Ex
805 1965 932 1995 duobus

200 2009 378 2047 postremis
394 2008 474 2038 locis
498 2014 605 2048 patet,
630 2009 769 2038 nationis
794 2009 932 2039 verbum

200 2052 235 2081 in
266 2056 480 2087 contemtum
508 2052 583 2082 dici.
622 2052 640 2069 ²*
653 2052 692 2082 de
724 2052 859 2092 populo,
891 2053 933 2082 ad

201 2105 300 2133 quem
319 2096 391 2134 quis
407 2095 571 2134 originem
590 2095 701 2126 refert.
725 2096 767 2125 ad
784 2096 860 2126 Div.
879 2107 930 2126 xv.

199 2141 252 2169 20.
282 2139 456 2169 Oratorem
476 2139 597 2168 Sabino
614 2144 673 2169 tuo
689 2139 931 2170 commendavi.

200 2183 305 2213 Natio
329 2193 382 2212 me
400 2182 545 2212 hominis
562 2183 710 2222 impulit,
727 2189 766 2228 pt
788 2184 818 2213 ei
842 2191 931 2214 recte

198 2231 373 2266 putarem:
398 2236 442 2256 sc.
467 2227 545 2265 quia
560 2232 610 2256 est
626 2237 666 2256 ex
681 2227 825 2264 Sabinis,
843 2227 931 2266 quod

198 2278 304 2308 genus
322 2269 482 2300 Italorum
500 2270 655 2310 simpleX,
671 2270 848 2300 honestum
867 2276 930 2308 est,

198 2313 404 2352 minimeque
419 2313 684 2344 fraudulentum.

243 2357 400 2393 Nativus,
416 2363 523 2393 ortus,
539 2361 648 2388 natus.
682 2357 761 2387 Nat.
779 2356 821 2387 D.
839 2358 860 2388 i.
882 2361 930 2388 10.

196 2399 438 2430 Anaximandri
469 2401 580 2440 opinio
612 2407 675 2438 est,
707 2402 831 2431 nativos
859 2412 930 2432 esse

197 2444 300 2481 Deos,
327 2444 435 2483 longis
462 2444 644 2480 intervallis
671 2445 817 2474 orientes
843 2446 931 2475 occi-

195 2486 389 2526 dentesque.
406 2488 582 2518 *natz'vum
597 2488 780 2528 opponitur
794 2488 929 2518 aliunde

195 2530 319 2560 allato:
360 2531 514 2568 insitum,
554 2532 720 2562 innatum.
758 2532 859 2562 Dom.
899 2536 929 2563 5.

196 2574 376 2611 medicina,
390 2585 464 2613 quae
479 2582 514 2605 et
530 2575 613 2605 illud
625 2576 774 2605 nativum
788 2576 928 2613 malum,

194 2620 229 2647 et
260 2617 322 2648 hoc
353 2618 503 2649 delatum
535 2628 652 2648 sanare
684 2624 806 2658 posset.
847 2619 928 2650 Har.

194 2660 294 2700 Resp.
319 2667 350 2696 9.
373 2661 517 2701 denique
542 2663 612 2702 ipso
638 2662 735 2700 hujus
760 2663 870 2701 gentis
891 2673 929 2693 ac

193 2708 293 2735 terrae
317 2704 500 2735 domestico
523 2707 693 2746 nativoque
708 2715 818 2736 sensu.
849 2706 927 2737 Nat.

192 2747 237 2778 D.
267 2748 300 2777 ii.
330 2751 382 2783 39.
414 2749 616 2786 belluarum,
640 2749 762 2788 partim
788 2749 827 2780 ad
851 2760 930 2781 saxa.

192 2793 313 2822 nativis
329 2794 424 2823 testis
440 2793 697 2823 adhaerentium.
732 2793 785 2823 Sic
802 2792 929 2824 Salma-

193 2834 262 2866 nius
286 2834 328 2865 ad
349 2835 600 2867 Tertullianum
623 2836 662 2866 de
686 2836 789 2867 Pallio
805 2847 835 2877 p.
852 2838 927 2868 214.

192 2877 416 2920 demonstrat,
427 2881 580 2912 nativum
591 2879 737 2912 colorem
747 2890 818 2913 esse
835 2891 928 2921 eum,

1640 76 1723 114 359

987 187 1084 216 quem
1103 185 1242 216 quaeque
1259 185 1309 206 res
1326 179 1447 206 natura
1469 179 1503 204 et
1525 184 1586 204 sua
1601 178 1720 215 sponte

986 220 1117 250 habeat.
1141 221 1159 238 *Ψ
1173 220 1288 250 Partit.
1303 223 1333 251 5.
1357 219 1522 259 simplicia
1535 218 1633 248 verba
1646 227 1721 258 par-

985 264 1046 294 tim
1079 266 1205 301 nativa,
1240 264 1361 303 partim
1392 268 1533 302 reperta.
1576 261 1717 299 Nativa,

985 317 1058 346 qua!
1076 308 1264 346 significata
1279 312 1358 336 sunt
1375 316 1485 336 sensu.
1503 306 1562 335 ἃς.

1030 352 1182 388 Natura,
1214 350 1339 380 indoles
1373 350 1526 379 bominis.
1574 347 1654 378 Coel.
1686 347 1717 378 6.

983 400 1107 425 natura
1132 395 1220 424 varia
1244 393 1497 432 multiplexque.
1527 392 1544 410 ³*
1560 402 1609 422 res
1634 391 1717 430 ipsa,

984 438 1079 477 cujus
1102 443 1152 467 est
1172 445 1264 468 certa
1281 442 1417 467 natura.
1442 438 1495 466 Sic
1512 436 1603 466 Verr.
1622 436 1643 464 i.
1667 438 1716 465 15.

984 491 1050 511 non
1068 486 1179 521 potest
1194 491 1234 511 ea
1247 486 1384 517 natura,
1397 490 1469 519 quae
1485 484 1619 509 tantum
1637 478 1718 508 saei-

984 534 1045 554 nus
1074 525 1292 561 commiserit,
1317 524 1377 553 hoc
1405 534 1472 554 uno
1496 522 1619 553 scelere
1646 531 1716 552 esse

983 574 1165 598 contenta:
1195 569 1215 597 i.
1240 578 1268 597 e.
1294 567 1392 597 homo
1417 577 1455 596 ca
1479 572 1612 597 natura.
1636 565 1716 595 Nat.

983 612 1025 642 D.
1044 612 1076 642 ii.
1095 616 1145 646 57.
1173 612 1223 641 his
1239 613 1369 641 naturis
1387 610 1509 641 relatus
1527 619 1627 640 sonus
1644 619 1714 639 am·

983 655 1173 695 plificatur:
1192 666 1263 695 pro,
1278 655 1374 684 rebus
1393 653 1452 683 hac
1470 659 1605 684 natura.
1629 653 1717 683 *Est

982 699 1085 729 etiam
1101 700 1134 728 in
1151 698 1346 739 periphrasi.
1373 697 1452 728 Nat.
1469 699 1512 728 D.
1530 698 1563 727 ii.
1581 701 1632 728 54.
1656 707 1715 728 ηα-

983 747 1060 773 tura
1084 742 1161 780 alvi,
1187 752 1244 782 pro
1268 741 1371 771 alvus.
1395 742 1413 759 ³*
1428 741 1583 781 pudenda
1599 741 1717 771 mulie—

946 790 948 793 ’
982 786 1065 816 bria.
1097 786 1174 817 Div.
1199 787 1232 815 ii.
1256 789 1308 819 70.
1339 790 1493 815 matrona
1508 786 1577 815 visa
1593 790 1643 814 est
1659 785 1716 815 ob-

982 830 1149 868 signatam
1168 829 1287 859 habere
1305 833 1473 859 naturam.
1493 830 1533 859 cf.
1547 829 1590 859 N.
1606 829 1649 858 D.
1667 829 1715 858 iii.

982 875 1034 903 ⁶2⁶2.
1066 874 1123 903 ubi
1141 878 1204 910 est,
1221 872 1395 902 obscenius
1412 873 1560 904 excitata
1579 876 1716 902 natura.

982 917 1092 946 *ordo
1117 927 1227 947 rerum
1252 918 1427 947 natm-ulis.
1451 917 1540 946 Sext.
1566 918 1619 947 21.
1647 917 1718 946 vita

982 964 1148 990 reservata
1165 965 1303 991 natm-ce.
1327 960 1396 990 *ad
1413 961 1488 990 Div.
1506 961 1548 990 vi.
1570 962 1617 990 10.
1643 960 1717 990 Cae-

981 1014 1035 1034 sar
1058 1005 1140 1034 mihi
1164 1004 1311 1043 quotidie
1335 1003 1441 1034 delabi
1463 1004 1504 1034 ad
1520 1004 1715 1043 aequitatem

982 1052 1015 1077 et
1030 1048 1071 1077 ad
1089 1058 1198 1078 rerum
1216 1052 1375 1078 naturam
1391 1047 1544 1077 videtur:
1570 1047 1603 1077 h.
1621 1058 1651 1077 e.
1669 1047 1716 1076 vi·

982 1091 1080 1121 detur
1095 1092 1218 1121 sensim
1235 1091 1383 1121 oblivisci
1407 1092 1550 1129 injuriae,
1568 1096 1603 1120 et
1625 1091 1716 1121 miti-

981 1146 1019 1165 or
1035 1136 1119 1172 fieri,
1138 1138 1176 1165 ut
1191 1135 1256 1165 sert
1273 1140 1396 1165 natura
1412 1135 1571 1165 humana.
1595 1134 1676 1174 Leg.
1694 1135 1716 1164 i.

985 1181 1033 1209 12.
1052 1179 1109 1216 jus
1127 1179 1160 1208 in
1181 1184 1306 1209 natura
1323 1180 1465 1218 positum
1491 1188 1573 1208 esse.
1598 1178 1640 1208 cf.
1657 1179 1714 1209 Or.

985 1225 1011 1252 1.
1037 1222 1118 1253 Rab.
1135 1223 1230 1252 Perd.
1248 1226 1277 1254 8.
1303 1222 1374 1252 haec
1391 1224 1456 1252 tria
1471 1223 1504 1252 in
1523 1227 1647 1253 natura
1664 1233 1715 1253 re-

981 1276 1055 1295 rum
1074 1267 1189 1296 fuisse.
1207 1277 1237 1296 v,
1255 1271 1326 1296 not.

1026 1310 1238 1341 Naturabne.
1261 1310 1360 1340 'l'usc.
1376 1310 1422 1340 iii.
1435 1310 1465 1340 6.
1485 1309 1571 1339 hanc
1583 1319 1713 1347 vocem,

981 1363 1079 1392 quam
1105 1353 1160 1384 alii
1178 1354 1210 1383 in
1228 1355 1382 1384 naturale
1398 1358 1545 1389 mutant,
1563 1352 1712 1383 Bentlei-

980 1407 1018 1427 us
1035 1403 1069 1427 et
1085 1398 1240 1427 Davisius
1258 1395 1477 1436 natm-asere,
1491 1396 1640 1427 defendit
1657 1407 1715 1427 au-

980 1442 1136 1471 ctoritate
1155 1441 1256 1471 Codd.
1275 1441 1369 1471 MSS.
1388 1440 1550 1470 Buherius
1566 1440 1607 1470 ad
1622 1441 1655 1471 h.
1671 1440 1693 1471 l.

1024 1485 1208 1515 Navarehi.
1239 1485 1332 1515 Verr.
1358 1494 1387 1514 ν.
1414 1487 1465 1514 ⁶24.
1494 1484 1541 1514 iii.
1567 1488 1618 1516 80.
1651 1485 1711 1515 διο.

979 1529 1034 1568 qui
1052 1529 1194 1568 singulis
1212 1529 1350 1558 navibus
1367 1531 1527 1568 praesunt.

1023 1573 1173 1603 [Vitiare.
1197 1573 1239 1602 ad
1262 1573 1339 1603 Div.
1367 1573 1409 1601 ix.
1436 1573 1466 1602 2.
1490 1571 1516 1601 si
1544 1571 1655 1601 minus
1678 1572 1713 1602 in

979 1616 1071 1646 curia
1086 1621 1186 1655 atque
1203 1619 1235 1645 in
1252 1616 1336 1653 foro,
1353 1620 1387 1645 at
1402 1616 1436 1645 in
1450 1615 1553 1645 literis
1571 1620 1604 1644 et
1622 1615 1712 1646 libris

977 1669 1100 1690 navare
1117 1659 1368 1699 rempublicam.
1393 1659 1433 1688 ad
1449 1659 1525 1690 Div.
1543 1659 1588 1689 iii.
1611 1662 1658 1689 10.
1674 1663 1715 1689 ut

978 1703 1053 1733 istic
1077 1713 1207 1742 quoque
1231 1708 1378 1733 nostram
1404 1703 1437 1732 in
1460 1707 1494 1733 te
1515 1702 1715 1733 benevolen-

977 1748 1059 1777 tiam
1084 1757 1208 1777 ηαυανσ
1231 1747 1405 1786 possimus.
1435 1747 1492 1776 Or.
1514 1747 1548 1776 ii.
1571 1750 1602 1781 7.
1628 1746 1711 1787 mihi

977 1791 1090 1821 videor
1115 1801 1250 1821 navasse
1273 1800 1421 1830 operam,
1447 1790 1502 1830 qui
1527 1790 1591 1820 hue
1615 1799 1714 1820 vene-

978 1835 1060 1864 rim:
1088 1835 1120 1864 h.
1137 1844 1165 1865 e.
1183 1834 1267 1864 bene
1284 1833 1473 1864 collocasse.

1022 1878 1242 1918 AVangfmgus,
1270 1878 1364 1908 bonis
1392 1887 1534 1908 eversuS.
1565 1877 1662 1908 Catil.
1688 1878 1709 1908 i.

981 1924 1029 1952 12.
1054 1921 1134 1952 Sull.
1157 1924 1205 1951 14.

1021 1965 1273 2005 Nuufiugium,
1300 1964 1448 2004 reliquiae
1477 1975 1494 1994 e
1520 1964 1713 2005 naufragio.

977 2010 1066 2040 Sext.
1082 2010 1112 2040 6.
1138 2008 1360 2050 uazy‘i‘agimn
1378 2009 1459 2049 reip.
1475 2009 1642 2048 colligere.

1022 2053 1256 2084 Ncwienlmia.
1288 2052 1380 2082 Verr.
1405 2062 1435 2082 v.
1463 2055 1511 2083 13.
1540 2054 1710 2083 navicula-

976 2099 1064 2127 riam
1093 2096 1216 2134 facere,
1241 2101 1291 2125 est
1319 2106 1387 2126 rem
1420 2096 1590 2126 nauticam
1619 2106 1712 2126 exer-

976 2151 1063 2177 cere,
1095 2139 1338 2170 navicularium
1381 2150 1462 2170 esse.
1505 2140 1710 2170 Navicularii

975 2192 1089 2214 autem
1108 2189 1274 2223 quaestum
1292 2189 1461 2222 quaerunt,
1478 2183 1617 2214 navibus
1639 2185 1707 2214 suis

975 2228 1126 2257 homines
1152 2233 1187 2257 et
1213 2237 1339 2257 merces
1370 2227 1495 2257 alienas
1526 2237 1585 2267 pro
1616 2233 1709 2258 certa

975 2271 1126 2301 mercede
1157 2271 1366 2309 trajiciendo,
1399 2280 1478 2308 non,
1510 2275 1549 2300 ut
1579 2270 1709 2309 Graevio

974 2315 1016 2344 ad
1040 2315 1071 2344 h.
1094 2314 1115 2344 l.
1141 2315 1325 2352 videbatur,
1345 2315 1482 2344 navibus
1505 2314 1709 2346 aediflcandis

973 2363 1009 2389 et
1024 2358 1216 2389 vendendis.
1234 2368 1262 2388 v.
1282 2359 1533 2389 Navieularius.

1018 2401 1271 2438 Naviculan'us,
1310 2401 1464 2432 dominus
1506 2403 1611 2439 navis,
1651 2403 1707 2441 qui

972 2445 1166 2475 hominibus
1191 2445 1421 2484 mercibusque
1436 2446 1640 2485 trajiciendis
1658 2444 1708 2476 lu-

972 2499 1067 2519 crum
1098 2490 1229 2528 quaerit.
1260 2490 1301 2519 ad
1331 2490 1407 2520 Div.
1440 2490 1502 2519 xvi.
1534 2494 1564 2523 9.
1600 2489 1711 2520 solent

973 2536 1083 2562 nautae
1124 2538 1271 2572 quaestus
1303 2534 1359 2563 sui
1401 2543 1501 2563 causa
1537 2533 1708 2564 festinare.

973 2577 1099 2606 Cautus
1126 2577 1183 2614 sis,
1211 2577 1256 2606 mi
1283 2576 1444 2606 Tira—si
1478 2577 1600 2616 poteris
1628 2587 1706 2608 cum

972 2619 1219 2651 Mescini0.—si
1243 2621 1458 2657 minus‚cum
1484 2620 1624 2651 honesto
1647 2620 1708 2652 ali-

971 2674 1037 2703 quo
1068 2664 1217 2701 homine,
1250 2665 1345 2703 cujus
1376 2666 1579 2694 auctoritate
1612 2665 1705 2695 navi·

970 2709 1121 2737 eutarius
1156 2712 1340 2738 moveatur.
1377 2707 1420 2738 cf.
1461 2707 1555 2739 Verr.
1586 2708 1620 2738 ii.
1652 2711 1706 2740 55.

970 2751 1043 2781 Att.
1059 2751 1102 2781 ix.
1119 2754 1150 2781 3.

1017 2794 1250 2830 Λναυὶσπιίαίον,
1267 2795 1369 2832 idem,
1387 2795 1443 2834 qui
1468 2796 1706 2827 navicularius.

972 2837 1090 2868 Manil.
1109 2842 1139 2870 5.
1156 2838 1215 2870 sed
1230 2838 1406 2871 Graeviana
1418 2839 1520 2872 habet
1535 2840 1707 2875 navicula-

971 2891 1051 2912 rcus.

1017 2933 1036 2956 Α
1053 2934 1074 2956 a.
1087 2927 1108 2957 4
