1985 3206
700 104 843 136 LNDEx
878 103 1169 132 LATINITATIS.

183 195 224 228 ad
240 194 316 234 Sall.
333 193 430 226 Catil.
448 196 479 232 G.
508 192 667 233 angui-th.
685 196 737 225 85.
753 197 784 226 9.
812 192 830 210 ¹*
843 192 908 222 Off.

184 240 230 268 iii.
251 241 297 272 19.
321 239 499 277 digitorum
518 238 726 277 percussione
745 236 910 265 heredita-

181 287 233 310 tes
261 282 411 311 omnium
438 281 480 311 'ad
509 291 542 310 se.
569 286 762 311 convertere.
796 279 851 309 ubi
878 289 908 309 v.

184 324 327 364 lutei-pr.
350 325 441 354 Verr.
458 325 504 354 iii.
521 326 573 357 76.
604 325 779 363 pecuniam
801 322 909 362 publi-

184 377 256 397 ezun
273 368 409 398 domum
426 378 519 398 suani
536 372 730 404 mmm-tere,
742 376 801 407 pro
817 376 909 395 aver—

181 416 264 440 tcrc.

234 456 419 485 (imveslire.
435 455 475 495 Ω.
486 455 537 484 Fr.
549 455 593 484 iii.
608 457 633 484 1.
644 456 713 484 me.
729 453 909 493 topiarium

184 497 327 535 laudavi,
354 499 400 527 ita
428 499 542 528 onmia
567 499 747 527 com-aseivit
778 496 909 526 hedera.

185 541 284 571 Dum.
302 546 354 572 38.
382 542 552 572 convestita
569 547 619 571 est
642 541 759 570 domus
783 540 911 570 duobus

185 585 278 615 lucis.

234 630 247 657 (
256 629 428 665 boricium,
439 628 572 657 clamor.
592 627 633 657 ad
645 627 719 657 Div.
732 629 752 657 i.
764 630 792 657 5.
809 626 913 656 conri-

185 671 388 709 ciojactatus
404 676 455 701 est
469 682 514 701 sc.
527 670 795 701 acclamantium.
812 669 911 700 Arch.

186 716 218 745 6.
245 725 340 744 aures
355 717 488 745 convicio
511 714 656 744 defessae.
688 715 781 744 Verr.
805 724 835 744 ν.
863 717 911 743 11.

187 759 335 788 convivia
361 769 437 787 cum
465 759 610 788 inaximo
641 757 783 787 clamore
813 761 911 796 atque

186 803 332 832 convicio.
369 802 388 819 *⁴
405 801 588 832 (hariolum
611 802 754 838 aurium,
779 801 912 841 elegan—

187 850 239 875 ter
268 845 403 881 dicitur,
429 856 505 875 cum
538 855 632 874 :iures
662 845 799 884 aliquid,
824 850 913 874 tam-

187 898 287 927 quam
305 890 415 919 minus
433 899 544 924 suave,
562 888 751 927 repudiant,
768 898 828 918 nec
848 888 912 917 fer-

188 942 222 961 re
240 939 391 972 possunt,
406 938 441 962 et
458 933 549 962 nobis
565 936 735 970 tanlquam
757 932 912 970 injucun-

189 975 327 1005 ditatam
345 976 554 1016 exprobrant.
579 976 672 1006 Orat.
687 978 739 1006 48.
763 976 913 1014 aliquan-

188 1018 243 1055 do,
258 1019 354 1057 idque
369 1029 454 1056 sero,
468 1021 602 1049 eom-icio
618 1020 747 1048 aurium
765 1029 841 1048 cum
858 1029 914 1048 ex-

188 1066 277 1092 torta
293 1062 373 1092 mihi
390 1063 509 1092 veritas
525 1068 624 1098 esset,
640 1072 737 1092 usum
758 1062 912 1101 loquendi

189 1105 311 1145 populo
334 1107 492 1143 concessi,
509 1107 682 1135 scientiam
707 1106 786 1135 mih.
813 1116 914 1135 reser-

188 1149 272 1178 vavi.
302 1150 320 1167 *ἓ
335 1149 468 1187 quercla
492 1149 728 1180 vehementior.
759 1150 833 1179 Div.
850 1150 914 1179 xvi.

187 1193 241 1223 5²6.
259 1193 424 1222 verberavi
441 1198 474 1222 te
491 1194 700 1232 cogitationis
717 1193 817 1222 tacito
829 1194 914 1222 dun—

188 1240 285 1265 taxat
300 1238 447 1266 convicio.
463 1237 542 1266 ibid.
559 1237 614 1266 xii.
630 1239 682 1267 525.

238 1280 416 1317 Convictus,
432 1280 552 1317 victus,
570 1289 757 1319 oppressus.
782 1280 853 1309 Pin.
868 1280 916 1308 iii.

193 1326 221 1353 1.
258 1323 464 1363 voluptatem
499 1333 728 1353 concessuram
760 1324 912 1359 arbitror,

189 1368 366 1397 convictam
407 1368 574 1406 superiore
614 1367 708 1404 libro,
747 1367 916 1405 dignitati.

191 1409 297 1441 Flacc.
328 1413 376 1444 17.
408 1411 639 1450 reprehensus,
666 1412 824 1451 conc-ictus
850 1410 914 1440 fra-

190 1458 340 1492 ctusque.
365 1454 442 1483 ibid.
456 1456 508 1485 3⁶2.
533 1454 618 1484 bona
629 1455 780 1484 convicta.
802 1464 831 1483 v.
847 1458 916 1484 not.

190 1496 271 1535 Leg.
288 1498 309 1527 i.
329 1501 377 1527 13.
404 1497 510 1527 fracta
525 1503 560 1527 et
574 1499 714 1527 camdem
728 1503 829 1527 secta.
854 1498 915 1527 Ca—

188 1540 240 1570 til.
258 1541 291 1569 ii.
309 1541 338 1570 6.
362 1542 523 1571 convictus
540 1542 751 1571 conscientia.
782 1541 916 1572 Cluent.

191 1587 223 1614 3.
250 1594 350 1613 causa
365 1594 465 1624 prope
481 1587 625 1615 convicta
641 1590 741 1624 atque
760 1585 917 1615 damnata

189 1632 252 1657 est.
283 1627 414 1658 *Dom.
437 1631 488 1662 57.
518 1630 659 1659 convient
683 1634 717 1658 et
741 1629 917 1658 commissa

190 1675 242 1700 est
264 1670 408 1708 devotio,
425 1671 560 1709 dicitur,
585 1677 623 1701 ut
647 1672 729 1702 illud
752 1673 914 1701 alterum:

191 1713 342 1744 damnari
360 1715 435 1744 voti.
460 1715 554 1755 Quir.
572 1726 604 1755 p.
622 1715 661 1745 R.
684 1719 709 1745 l.
733 1717 803 1754 ejus
821 1716 917 1744 devo-

189 1757 291 1788 tionis
307 1768 360 1787 ine
375 1768 444 1789 esse
460 1761 634 1789 concie-‘um
654 1760 711 1788 &ta
737 1763 753 1776 'ff
767 1759 847 1789 Sull.
866 1763 917 1788 30.

189 1802 333 1831 convinci
349 1802 383 1831 in
399 1811 433 1831 re
457 1802 578 1841 aliqua.
625 1803 677 1833 Sic
696 1808 731 1832 et
752 1803 859 1833 Tacit.
876 1803 915 1832 A.

191 1854 241 1874 xV.
255 1847 307 1875 44.

240 1887 442 1925 convincere,
465 1899 524 1929 pro
546 1890 688 1919 vincere.
720 1889 804 1918 Phil.
829 1889 861 1918 ii.
886 1891 916 1918 4.

191 1933 373 1963 convincere
396 1933 539 1971 aliquem
565 1933 794 1972 chirographo,
824 1932 917 1962 Verr.

191 1975 239 2005 iii.
256 1978 308 2009 72.
331 1977 514 2007 convincere
530 1977 766 2006 adversarium.
798 1976 817 1994 ²*
832 1975 920 2005 refu-

191 2023 276 2049 tare.
309 2019 409 2050 Tusc.
440 2020 460 2050 i.
493 2021 522 2050 6.
556 2020 635 2058 quid
664 2027 715 2050 est
745 2020 918 2058 negotium

192 2062 360 2101 pictorum
384 2068 538 2103 portenta
560 2065 752 2093 convincere.
784 2063 825 2093 cf.
848 2073 920 2093 con-

193 2106 306 2136 victus.
329 2106 500 2137 *convinci
514 2107 685 2143 dicuntur,
701 2117 841 2146 quorum
858 2108 920 2136 cri—

195 2149 287 2179 mina
316 2151 363 2179 ita
389 2151 566 2180 manifesta
591 2157 669 2182 sunt
695 2151 834 2180 testibus
862 2152 921 2180 oze.

193 2191 295 2229 facta,
312 2198 351 2223 ut
374 2195 486 2232 negari
511 2204 576 2224 non
602 2195 737 2234 possint.
769 2194 850 2224 Lael.
872 2198 921 2228 17.

195 2235 353 2266 maleficii
383 2238 536 2268 convinci.
579 2238 598 2255 ²*
611 2238 740 2274 docere,
771 2237 921 2267 docendo

194 2279 327 2310 vincere
350 2285 385 2310 et
407 2281 568 2311 obtinere.
599 2281 715 2312 Parad.
734 2285 763 2312 5.
782 2285 813 2313 3.
837 2286 922 2311 extr.

194 2323 278 2352 ratio
301 2327 336 2353 et
358 2325 478 2355 veritas
499 2326 571 2365 ipsa
585 2327 750 2355 convincit.
781 2325 860 2355 Nat.
876 2326 920 2355 D.

194 2366 240 2396 iii.
260 2370 309 2401 17.
339 2368 396 2397 sed
411 2372 462 2405 ut,
477 2370 604 2399 Stoicos
621 2368 704 2399 nihil
722 2369 761 2398 de
776 2369 848 2399 Diis
865 2378 922 2398 ex-

194 2410 330 2450 plicare,
346 2413 552 2442 convinceret.

244 2455 432 2485 Convinctus
444 2456 618 2486 exhibetur
633 2456 666 2485 in
683 2455 771 2486 libris
788 2456 923 2494 quibus-

197 2496 286 2528 dam.
305 2498 437 2529 Cluent.
451 2503 480 2530 5.
497 2500 598 2529 libido
616 2509 682 2529 non
698 2500 807 2529 solum
825 2499 923 2529 dede-

195 2550 285 2577 core,
302 2541 359 2571 sed
375 2543 476 2572 etiam
498 2544 621 2573 scelere
637 2544 813 2573 convincat.
859 2542 924 2572 Sed

195 2584 403 2624 probandum
419 2590 481 2624 est,
498 2588 587 2625 quod
610 2586 663 2616 alii
689 2587 762 2617 libri
787 2586 924 2624 habent,

194 2629 352 2665 convicta,
367 2637 426 2659 aut
442 2632 552 2669 potius
569 2630 758 2668 conjuncta.

246 2671 429 2703 convocare.
443 2674 482 2703 de
493 2674 686 2704 vocantibus
699 2683 838 2703 numero
851 2673 924 2713 plu-

189 2714 288 2745 'ribus
312 2716 390 2755 Agr.
414 2718 460 2747 iii.
488 2724 571 2748 extr.
596 2721 635 2747 ut
660 2722 694 2747 et
720 2718 926 2748 conscribere

197 2757 330 2788 dicitur.

246 2801 415 2842 ίὸορίαίὶο,
429 2803 469 2833 de
487 2803 630 2833 lectione
648 2803 680 2833 in
697 2804 857 2834 Senatum
875 2814 930 2835 oc-

197 2846 316 2883 currit,
332 2845 412 2886 Leg.
429 2848 475 2877 iii.
496 2849 543 2877 12.

204 2910 207 2911 ν
242 2889 342 2938 ’θυμία
358 2900 418 2931 pro
434 2891 537 2932 copiis
561 2891 737 2929 aliquoties
755 2891 931 2933 Pompeius

1597 89 1677 136 247

950 192 984 222 in
1002 202 1054 231 ep.
1071 191 1111 221 ad
1126 191 1197 221 Att.
1213 191 1280 220 viii.
1301 192 1349 223 19.

997 236 1163 274 copulare.
1200 235 1294 264 Orat.
1325 237 1377 264 45.
1413 233 1556 263 libenter
1584 241 1681 271 copu-

950 280 1046 308 lando
1069 278 1168 307 verba
1185 278 1387 316 jungebant,
1412 284 1450 306 ut
1473 275 1580 312 sodes,
1606 286 1680 315 pro,

951 323 975 351 si
1001 322 1112 351 audes.
1143 321 1245 350 *rim
1267 322 1300 351 ii.
1328 323 1376 350 14.
1405 330 1480 349 cum
1506 319 1679 359 praescnti-

949 365 1010 394 bus
1033 366 1145 394 *sutura
1162 367 1321 403 copulare.
1351 363 1474 393 *ναι-Γ.
1493 364 1526 392 ii.
1548 363 1600 393 66.
1632 371 1682 392 co-

944 410 1054 448 pulati
1072 408 1170 445 injus
1188 408 1415 446 pervenimus:
1442 407 1463 436 i.
1481 417 1510 436 e.
1527 415 1606 436 una.

998 454 1180 492 (bpalaffecs.
1215 451 1279 480 Off.
1306 452 1328 480 i.
1358 453 1407 484 17.
1443 449 1524 479 nihil
1554 447 1681 478 amabi-

949 495 1026 531 lius,
1045 495 1127 524 nihil
1143 495 1323 534 copulatius
1339 500 1408 523 est:
1433 503 1533 523 sensu
1557 493 1678 522 activo.

949 539 1013 568 Sed
1036 539 1170 577 quidam
1197 538 1299 568 Codd.
1324 537 1447 567 habeut
1463 536 1680 576 copulantius,

950 582 1037 621 quod
1056 582 1208 611 Pearcius
1226 582 1362 621 recepit.

998 626 1066 656 Cor.
1098 625 1200 655 Tusc.
1218 625 1238 655 i.
1254 630 1285 659 9.
1315 624 1395 654 Aliis
1415 634 1468 654 eor
1484 623 1591 663 ipsum
1610 621 1681 651 ani-

950 679 1024 698 mus
1047 669 1199 706 videtur3
1231 679 1270 698 ex
1294 679 1358 706 quo
1380 667 1549 704 excordes,
1569 674 1679 695 vecor-

949 712 1019 748 des,
1036 717 1071 742 et
1086 712 1263 742 concordes
1278 712 1448 741 dicuntur.

998 757 1124 786 Corma.
1157 756 1250 786 Verr.
1274 756 1308 785 ii.
1330 758 1383 785 41.
1406 756 1459 785 42.
1490 762 1598 783 coram
1624 751 1680 781 dc.-

950 799 1034 828 ferre
1052 800 1195 838 aliquem
1210 811 1216 828 :
1243 799 1275 829 h.
1290 810 1319 829 c.
1337 808 1427 835 euni,
1442 798 1498 836 qui
1513 796 1602 827 domi
1615 800 1680 832 est,

952 852 1012 872 nec
1028 843 1272 886 peregrinatur.
1690 879 1691 882 Ἴ

1001 886 1138 916 (Jarbz'm.
1162 888 1233 916 Att.
1255 885 1320 916 xvi.
1338 885 1368 915 6.
1394 885 1485 914 navis
1513 882 1679 919 oneraria,

951 934 989 958 ut
1002 930 1070 969 ipse
1083 930 1197 959 statim
1211 934 1286 970 post
1298 928 1454 968 appellat.
1473 927 1607 958 Nomen
1624 926 1682 955 ha-

951 974 1007 1002 bet
1025 983 1043 1002 a
1059 975 1159 1009 corbe,
1175 983 1275 1011 quam
1301 973 1336 1002 in
1361 971 1448 1002 malo
1472 980 1604 1000 sununo
1630 979 1684 998 so-

951 1016 1065 1046 lebant
1080 1017 1249 1046 interdum
1265 1015 1466 1056 suspendere
1484 1014 1555 1044 loco
1581 1012 1682 1051 signi,

952 1066 990 1090 ut
1015 1068 1132 1090 auctor
1159 1067 1209 1090 est
1240 1060 1367 1090 Festus,
1414 1058 1523 1096 Hujus
1552 1056 1684 1095 generis

953 1104 1054 1133 etiam
1073 1105 1200 1133 mentio
1226 1104 1315 1143 apud
1334 1102 1502 1132 Lucilium
1527 1108 1562 1130 et
1586 1099 1686 1130 Plau-

953 1155 1040 1177 tum.
1056 1158 1086 1177 v.
1103 1147 1223 1177 Scheff.
1236 1147 1276 1176 de
1293 1158 1326 1176 re
1344 1147 1427 1177 Nar.
1440 1155 1471 1184 p.
1495 1147 1562 1177 178.

1001 1191 1137 1221 (vn-amr.
1169 1191 1262 1220 Orat.
1278 1194 1330 1224 57.
1362 1187 1683 1219 Aristotelesautem

952 1235 1137 1264 troc-liceum
1169 1236 1224 1273 qui
1251 1240 1302 1264 est
1332 1233 1447 1263 eodeni
1477 1231 1585 1272 spatio
1618 1239 1684 1269 quo

954 1278 1105 1315 choreus,
1131 1279 1296 1308 cordacem
1320 1276 1478 1316 appellat,
1504 1275 1583 1314 (luia
1607 1284 1683 1303 con-

955 1323 1076 1351 tractio
1095 1328 1129 1351 et
1149 1323 1290 1351 brevitas
1307 1321 1507 1360 dignitatem
1532 1327 1598 1347 non
1626 1317 1684 1347 ha-

955 1365 1043 1394 beat.
1089 1365 1268 1395 Trochaeus
1286 1364 1350 1394 h.l.
1369 1368 1408 1393 ut
1424 1361 1513 1403 apud
1528 1361 1685 1401 Quincti-

956 1409 1081 1438 lianum
1114 1409 1237 1448 passim
1260 1414 1309 1438 est
1335 1407 1423 1437 idem
1446 1416 1517 1446 pes,
1545 1405 1601 1443 qui
1625 1404 1687 1434 tri-

957 1452 1093 1491 brachys
1107 1452 1240 1482 dicitur.
1264 1453 1365 1482 Hunc
1383 1451 1486 1489 igitur
1501 1448 1633 1488 pedem,
1646 1452 1685 1478 ut.

956 1495 1155 1533 molliorem,
1164 1493 1403 1538 x033oe701z051rsgov
1416 1492 1597 1533 appellavit
1612 1492 1686 1521 Ari-

956 1540 1108 1569 stotcles:
1134 1540 1222 1569 unde
1247 1539 1412 1568 Meursius
1438 1538 1471 1566 in
1491 1535 1685 1576 Orchestra,

956 1584 988 1612 iu
1013 1581 1127 1624 κόρδαξ,
1151 1583 1283 1612 volebat
1312 1582 1366 1611 hic
1393 1588 1426 1610 et
1457 1591 1510 1619 ap.
1540 1578 1685 1619 Quintil.

957 1627 998 1656 ix.
1014 1630 1045 1657 4.
1074 1627 1137 1665 legi
1159 1627 1375 1661 coi-dacicum,
1393 1624 1431 1653 de
1457 1633 1521 1662 quo
1546 1622 1610 1652 vid.
1626 1622 1686 1655 Vi-

957 1681 1007 1700 ros
1031 1670 1145 1699 doctos
1172 1669 1212 1699 ad
1236 1668 1379 1709 Quintil.
1408 1667 1429 1697 l.
1453 1677 1481 1697 c.
1521 1666 1682 1698 Ceterum

957 1714 996 1743 de
1016 1715 1159 1749 esrdace,
1176 1713 1351 1743 saltatione
1367 1710 1531 1747 molliore,
1558 1709 1684 1739 lasciva

956 1765 989 1786 et
1020 1758 1159 1794 comica,
1191 1757 1225 1786 iu
1247 1767 1313 1796 qua
1338 1755 1513 1785 celerrima
1537 1753 1683 1792 corporis

957 1801 1144 1840 pedumque
1154 1801 1295 1840 agitatio
1303 1799 1508 1836 dominatur,
1519 1807 1548 1826 v.
1559 1797 1685 1828 Meurs.

955 1844 976 1874 l.
991 1856 1018 1874 c.

1005 1888 1131 1918 Cornu.
1155 1888 1245 1918 Mur.
1261 1890 1310 1917 ll.
1337 1885 1444 1916 Flacc.
1457 1888 1510 1916 220.
1523 1885 1687 1915 cornicum

959 1932 1071 1962 oculos
1094 1932 1271 1970 configere.
1299 1936 1350 1960 est
1369 1934 1506 1960 acutum
1533 1933 1569 1958 et
1593 1927 1686 1958 calli-

960 1976 1041 2005 dum
1057 1975 1219 2014 decipere.

1008 2019 1234 2055 arenarium,
1251 2022 1302 2048 est
1318 2016 1448 2057 proprie
1470 2015 1572 2052 idem,
1596 2012 1685 2053 quod

960 2065 1088 2093 corolla.
1140 2061 1268 2092 Corollce
1283 2066 1397 2091 autem
1414 2060 1539 2090 fiebant
1554 2068 1620 2088 non
1633 2067 1685 2087 so-

960 2107 1029 2136 lum
1045 2117 1063 2136 e
1080 2106 1213 2136 floribus
1230 2114 1266 2135 et
1288 2104 1473 2140 frondibus,
1497 2102 1555 2132 sed
1579 2102 1683 2131 etiam

961 2161 978 2180 e
995 2150 1127 2180 laminis
1145 2149 1303 2179 tenuibus
1320 2148 1433 2185 aeneis,
1447 2156 1520 2185 quae
1537 2155 1618 2176 auro
1635 2154 1685 2175 ar-

961 2198 1128 2233 gentoque
1160 2193 1417 2228 inducebantur,
1456 2189 1545 2229 quod
1578 2198 1684 2228 genus

961 2238 1081 2277 passim
1099 2237 1133 2266 in
1150 2236 1296 2275 antiquis
1321 2234 1545 2265 monumentis
1569 2242 1685 2263 occur-

961 2282 1017 2318 rit,
1034 2290 1231 2320 suspensum
1248 2279 1288 2309 de
1306 2278 1398 2309 collis
1415 2278 1601 2308 hominum.
1619 2275 1683 2306 vid.

960 2335 989 2354 v.
1008 2335 1036 2355 c.
1073 2323 1309 2363 Cistophorum
1335 2322 1431 2352 illum
1456 2320 1604 2351 Bellonae
1631 2329 1684 2360 ap.

960 2368 1097 2398 Gorium
1117 2368 1148 2397 in
1172 2367 1325 2406 Inscript.
1344 2365 1519 2401 Donianis,
1538 2364 1609 2394 loco
1629 2373 1684 2393 su·

961 2422 1020 2452 pra
1036 2412 1070 2441 in
1088 2411 1305 2450 Cistophorus
1322 2410 1438 2439 citato.
1470 2408 1596 2438 Eodem
1613 2417 1684 2437 mo-

961 2456 1002 2485 do
1034 2460 1147 2485 autem
1174 2454 1408 2484 describuntur
1434 2453 1606 2482 corollaria
1633 2461 1686 2490 ap.

961 2499 1046 2530 Pliu.
1063 2500 1107 2529 H.
1124 2499 1166 2529 N.
1184 2499 1250 2528 xxi.
1267 2499 1297 2528 2.
1335 2497 1511 2527 Corollaria
1527 2505 1544 2524 e
1562 2494 1688 2524 lamina

963 2553 1049 2574 aerea
1062 2543 1156 2572 tenui
1173 2542 1326 2571 inaurata
1347 2547 1406 2570 aut
1430 2543 1607 2578 argentata
1629 2537 1688 2567 ‹la-

962 2587 1096 2616 bantur.
1141 2584 1344 2623 Hujusmodi
1360 2585 1484 2614 enrolloe
1506 2581 1687 2612 metallicae

965 2630 1130 2660 dabantur
1146 2629 1362 2659 histrionibus
1377 2628 1412 2657 in
1427 2635 1539 2663 scena,
1566 2627 1592 2655 si
1619 2625 1689 2666 pla-

965 2677 1118 2709 cuerant,
1150 2676 1235 2702 teste
1265 2672 1358 2701 Varr.
1380 2670 1419 2701 L.
1439 2671 1478 2701 L.
1504 2670 1546 2699 iv.
1572 2669 1621 2700 16.
1645 2668 1689 2698 cf.

968 2716 1116 2747 Paschal.
1132 2716 1172 2746 de
1198 2716 1318 2745 Coron.
1342 2715 1365 2744 i.
1390 2718 1422 2748 T.
1466 2713 1575 2752 Atque
1599 2712 1690 2742 idem

967 2759 1128 2801 praemioli
1167 2769 1271 2798 genus
1308 2758 1517 2788 corollarium
1555 2755 1691 2786 dicitur.

967 2805 1043 2835 Ver.
1067 2805 1115 2834 iii.
1137 2807 1189 2837 79.
1217 2803 1256 2832 cle
1279 2803 1456 2832 corollaraiz's
1482 2800 1691 2831 scenicorum

969 2848 1139 2878 decuriam
1154 2850 1295 2877 emerat.
1318 2845 1360 2875 cf.
1376 2845 1514 2875 Sueton.
1537 2843 1623 2882 Aug.
1639 2845 1693 2873 45.

969 2897 1004 2922 et
1020 2891 1064 2921 ibi
1081 2890 1164 2922 lntt.
1208 2890 1387 2922 Dabantur
1407 2888 1509 2918 etiam
1526 2895 1695 2918 acroama·

1018 2943 1039 2964 a
1054 2937 1073 2964 4
