1920 3196
621 90 783 122 INDEX
818 83 1253 119 oniaco-LATINUS.

200 180 271 212 Att.
301 189 331 211 v.
363 181 411 210 11.
455 178 509 210 lta
533 178 696 209 vocabant
720 175 928 216 Areopagitae

202 223 335 254 decreta
363 231 443 260 sua.
493 221 626 252 Nomen
661 218 736 250 inde
776 217 929 256 ductum,

202 265 289 306 quod
305 266 339 295 in
354 262 482 296 tabulas
505 262 673 294 memoriae
695 269 794 292 causa
811 259 929 291 refere-

203 309 335 339 bantur.

245 348 432 383 ὖποσὸλοικα,
458 346 674 383 subabsurda,
697 344 738 376 ad
765 346 836 376 Att.
862 344 927 376 xiv.

203 394 254 422 91.
280 393 312 422 ii.
333 393 380 421 10.

245 434 384 467 ὑπόςασις
426 439 551 469 nostra,
586 434 694 462 slatus
729 433 848 467 noster,
887 427 928 460 ad

203 476 276 507 Art.
295 477 328 506 ii.
344 478 374 506 3.

243 518 298 549 ὑπὸ
321 519 372 551 τὴν
393 516 549 555 διάληψιν,
568 515 626 546 sub
648 516 754 555 ipsam
777 516 929 545 accessio-

201 559 399 600 nemfebris.
423 561 463 591 ad
478 560 550 590 Att.
566 559 608 589 ix.
625 560 654 589 2.
670 568 700 588 ν.
716 562 787 588 not.

244 604 299 634 ὑπὸ
315 604 366 636 τὴν
385 603 490 640 λῆψιν,
506 602 564 632 sub
587 601 796 631 accessionem
807 595 928 640 fibris.

200 646 240 676 ad
257 647 329 677 Att.
354 647 394 677 ix.
415 649 463 677 lo.
487 649 665 682 utrumque
693 642 821 682 egregie
851 640 925 671 illu-

201 689 319 719 stravit
335 689 484 729 Cuperus
496 687 575 717 Obs.
592 685 628 715 ii.
648 687 696 715 15.

243 731 382 767 ἕπευλον,
397 731 579 763 subdolum,
594 727 634 757 ad
649 729 720 758 Att.
735 736 767 757 x.
790 730 837 758 ll.

244 774 381 808 ὑπώπιον,
402 774 544 804 macula.
570 769 610 800 ad
633 771 704 800 Att.
727 769 746 799 i.
768 771 821 800 ⁶20.
847 778 922 810 pro-

201 819 270 856 prie
295 824 344 847 est
367 817 485 845 vulnus
508 815 541 843 in
559 810 666 852 socie.
712 812 853 851 Egregia
874 816 923 841 est

201 859 239 889 de
256 860 317 889 hoe
333 859 429 889 verbo
445 864 477 887 et
493 856 532 886 de
548 855 723 895 ὑπαντιάζειν
745 854 924 884 dissertati-

205 901 327 931 uncula
350 901 383 930 in
400 900 439 931 L.
463 898 552 930 Bosii
579 896 876 928 Exci-citationibus
893 897 926 926 in

202 943 246 973 N.
275 943 315 974 T.
344 944 378 972 in
404 942 465 982 Ep.
490 942 510 971 i.
539 939 580 970 ad
607 939 759 970 Corinth.
784 949 856 979 cap.
882 939 926 969 ix.

206 989 257 1019 27.

243 1027 357 1070 ὕστερον
372 1025 516 1069 ‘teci-rtem,
529 1024 701 1067 'Opngmb'fi
718 1023 830 1055 ordine
842 1033 925 1064 prae·

194 1076 335 1110 postero,
351 1079 427 1100 cum
436 1069 546 1109 primo
565 1069 642 1105 loco,
665 1067 750 1107 qnod
763 1068 927 1107 posterius

199 1118 258 1150 est,
281 1112 429 1148 secundo,
452 1110 538 1151 quod
553 1110 662 1151 prius,
683 1107 837 1151 effertur,
854 1107 925 1141 Ho-

203 1156 331 1186 mer-icc.
356 1154 395 1185 ad
410 1153 482 1185 Att.
499 1153 520 1183 i.
542 1153 591 1184 16.

547 1327 590 1355 Φ.

243 1408 379 1445 Φαέθων,
400 1407 548 1449 Jupiter,
562 1410 713 1450 planeta,
725 1405 806 1438 Nat.
829 1405 874 1439 D.
891 1406 926 1438 ii.

202 1453 255 1483 20.

223 1535 230 1542 ·
245 1491 373 1537 Φαῖδςου
398 1494 534 1538 περισσῶν
556 1499 590 1525 et
610 1490 768 1529 Ἑλλάδος,
790 1492 831 1523 ad
853 1492 925 1525 Att-

199 1536 268 1566 xiii.
281 1539 335 1570 39.
372 1537 548 1568 Librorum
571 1537 688 1567 titulos
703 1546 772 1567 esse
789 1543 926 1566 contex-

199 1583 254 1608 tus
277 1579 384 1616 docet,
402 1579 457 1610 sed
476 1579 649 1610 manifeste
665 1578 810 1618 corrupti
831 1584 922 1609 sunt.

201 1620 416 1661 Conjecturas
437 1622 640 1653 eruditorum
664 1622 716 1652 cui
739 1620 847 1661 legere
869 1631 924 1650 vo-

200 1661 278 1702 lupe
293 1669 356 1702 est,
371 1665 467 1695 adeat
481 1665 676 1705 interpretes
693 1663 733 1695 ad
749 1663 782 1695 h.
799 1663 823 1694 l.
847 1672 923 1694 nam

201 1713 256 1734 eas
285 1705 350 1736 huc
375 1706 566 1745 transferre,
595 1716 663 1737 non
698 1705 922 1737 estrinstituti

200 1748 317 1819 raiostrh
360 1748 423 1781 Ed.
448 1749 543 1780 Rom.
569 1748 670 1780 habet
691 1753 824 1780 tantum
853 1747 923 1789 φαί-

218 1803 275 1832 ξου-

242 1835 495 1876 φαινοπροο-ωπεῖν,
518 1835 650 1865 vultum
671 1832 846 1869 ostendere,
860 1833 924 1874 fa-

200 1875 283 1906 ciem
295 1877 436 1916 aperire,
453 1877 493 1906 ad
507 1876 580 1908 Att.
599 1877 652 1906 vii.
668 1878 719 1906 21.
741 1875 780 1906 de
794 1875 833 1905 iis
847 1875 926 1905 dici-

201 1922 270 1955 tur,
287 1919 341 1957 qui
364 1919 448 1949 nihil
469 1919 605 1956 timent,
628 1928 689 1949 nec
711 1924 926 1959 conspectum

201 1963 396 2000 cujusquam
413 1961 560 2000 fugiunt.
675 1985 681 1990 ,

243 2003 537 2046 oecumenem-nebu
552 2007 668 2034 relecto
681 2003 777 2033 vultu
788 2007 819 2033 et
831 2011 926 2042 aper-

202 2049 239 2076 ta
239 2047 335 2086 facie
345 2047 598 2086 procedendum,
613 2046 655 2077 ad
669 2047 741 2076 Att.
761 2046 825 2076 xiv.
841 2047 894 2076 ⁴22.

245 2088 369 2124 Φαίνων,
385 2089 566 2126 Saturnus,
575 2090 728 2129 planeta,
743 2088 822 2120 Nat⁴
834 2087 877 2118 D.
892 2088 927 2118 ii.

246 2173 449 2217 φαλᾶκςωμα,
465 2174 505 2205 ad
519 2173 590 2204 Att.
606 2174 670 2203 xiV.
687 2176 717 2204 2.
754 2171 810 2203 Bis
826 2173 860 2203 in
875 2183 928 2204 ea-

202 2216 276 2247 dem
291 2217 431 2257 epistola
446 2217 507 2247 hoc
530 2216 628 2246 verbo
650 2225 727 2246 usus
743 2219 813 2245 est:
837 2216 929 2255 apud

202 2258 385 2289 bladorum
400 2261 529 2289 nullum
545 2263 592 2289 esc
606 2259 811 2301 φαλάκρωμα.
830 2263 924 2298 post:

203 2302 298 2332 habes
312 2301 505 2344 φαλέκςωμα
518 2301 780 2332 inimicissimum
794 2302 862 2331 olii.
886 2300 924 2330 In

202 2345 375 2383 posteriori
406 2344 479 2375 loco
505 2343 698 2385 φαλάκρωμι
724 2352 793 2374 esse
818 2343 924 2383 ipsum

200 2386 361 2425 Matium,
390 2396 488 2427 quern
522 2392 657 2427 propter
686 2384 851 2417 calvitiem
881 2385 929 2415 ita

200 2429 360 2470 appellat,
382 2429 479 2460 facile
505 2428 719 2468 intelligitur.
765 2427 806 2458 ln
828 2427 928 2468 priori

203 2478 315 2502 autem
333 2482 400 2502 non
420 2472 468 2502 ita
489 2470 585 2502 facile
608 2475 733 2510 patere,
749 2469 801 2500 vel
816 2469 930 2500 docto-

204 2523 278 2545 rum
295 2514 334 2545 de
345 2525 385 2546 ea
395 2524 428 2545 re
437 2514 675 2553 disputationes
686 2511 929 2544 demonstrant.

203 2555 315 2588 Alludi
341 2556 383 2589 ad
404 2556 504 2588 Matii
527 2555 707 2593 calvitiem,
729 2553 756 2585 si
781 2564 858 2586 vera
880 2560 931 2586 est

204 2597 316 2637 lectio,
332 2599 371 2630 de
391 2608 456 2639 quo
479 2607 548 2628 non
570 2597 699 2635 dubito,
717 2597 929 2628 manifestum

202 2647 264 2672 est.
307 2641 438 2673 Atticus
462 2641 647 2681 scripserat,
666 2639 753 2681 apud
773 2649 849 2671 eum
871 2647 930 2680 φα-

203 2685 353 2727 λάκςωμα
371 2685 462 2722 fore,
486 2683 519 2714 id
542 2689 642 2723 negat
656 2693 690 2715 se
706 2684 820 2716 Cicero
837 2693 928 2725 repe-

203 2727 292 2758 risse.
335 2726 386 2758 Ex
415 2736 480 2766 quo
516 2725 730 2765 intelligitur,
759 2735 826 2756 non
861 2735 930 2757 esse

201 2770 367 2800 calvitiem
381 2769 415 2800 h.
433 2770 455 2799 l.
471 2769 678 2811 φαλάκρωμα,
692 2773 727 2799 et
741 2767 810 2799 ludi
824 2768 929 2799 ambl-

203 2811 331 2852 guitate
349 2812 451 2842 verbi.
498 2811 598 2842 Porro
620 2810 733 2852 paullo
756 2815 831 2851 post
851 2809 931 2842 dicit

200 2855 406 2898 φαλάκςωμα,
429 2853 462 2885 h.
492 2863 522 2885 e.
559 2853 704 2885 Matium
726 2862 795 2884 esse
818 2853 929 2883 inimi-

1619 75 1706 127 519

971 183 1047 205 cum
1082 171 1151 202 otii.
1196 171 1246 202 Ex
1281 180 1346 212 quo
1381 168 1516 210 colligo,
1546 167 1700 200 Atticum

972 215 1149 255 scripsisse.
1163 213 1305 245 Matium
1319 213 1407 254 pacis
1420 212 1545 252 otiique
1558 209 1702 242 amicum

972 266 1007 288 et
1022 257 1206 288 studiosum
1222 257 1303 287 fore.
1338 256 1440 287 Recte
1455 254 1557 295 igitur
1569 252 1703 284 nullum

971 300 1166 342 φαλάκρωμιι
1187 300 1452 339 interpretantur
1470 297 1565 337 pacis
1584 295 1704 335 otiiqae

968 344 1126 374 studium.
1163 342 1342 372 Calvorum
1358 341 1467 380 capita
1481 337 1603 369 similia
1618 336 1701 368 coelo

971 395 1086 416 sereno
1109 388 1143 415 et
1160 383 1350 423 tranquillo.
1396 381 1493 413 Unde
1517 380 1603 421 apud
1625 380 1699 411 Sui-

970 428 1046 458 dam
1060 433 1109 458 est
1126 426 1352 470 φαλιιξύπεςσς
1376 424 1478 460 εὐδίοις,
1494 422 1579 463 quod
1595 423 1667 462 jam
1683 427 1701 453 Q

969 469 1280 501 Pseudo-Demetrii
1324 468 1470 499 Phalerei
1512 464 1626 496 libello
1661 464 1701 496 de

968 512 1157 543 elocutione
1193 511 1310 541 attulit
1347 510 1475 541 Bosius.
1523 507 1613 538 Hinc
1640 513 1700 547 φα-

972 555 1121 598 aeine-15⁴2
1134 563 1193 594 pro
1205 552 1461 592 tranquillitate,
1477 549 1547 580 otio
1561 548 1624 580 dici
1640 559 1700 590 po-

970 599 1049 628 tuit.
1093 597 1127 627 J.
1144 595 1197 625 Fr.
1225 595 1382 626 Gronovii
1399 591 1615 632 σαλακῶνιιμιι
1631 600 1700 622 non

969 640 1090 680 placet.
1136 638 1350 668 Manifestum
1374 637 1464 668 enim
1487 642 1550 673 est,
1567 635 1699 666 Cicero-

969 692 1046 713 nem
1061 687 1096 712 et
1112 681 1262 711 Atticum
1282 690 1342 720 pro
1360 689 1450 711 more
1467 687 1527 709 suo
1547 677 1583 708 in
1598 676 1697 709 Matii

968 723 1101 756 calvitie
1116 723 1227 753 ludere
1244 723 1395 754 voluisse.

1010 765 1215 808 Φιλαςισμός,
1239 765 1437 796 Phalaridis
1457 762 1611 800 imitatio,
1641 770 1699 793 sce-

968 811 1063 846 υἰίὶα,
1079 809 1118 839 ad
1134 809 1204 840 Att.
1221 808 1276 838 vii.
1296 810 1344 839 12.

1010 850 1171 892 φανᾷασῖα,
1187 853 1304 887 visum,
1322 848 1420 880 Acad.
1440 849 1476 881 ii.
1493 849 1522 879 6.
1540 848 1562 878 i.
1579 849 1632 878 ll.
1647 852 1698 878 est

969 896 1092 936 species
1120 894 1165 924 rei
1194 902 1408 933 quaecumque
1438 892 1473 923 in
1502 891 1616 923 animo
1646 891 1698 920 in-

971 938 1125 969 formata.

1014 978 1158 1021 φιλαίτιιν
1170 976 1317 1020 συμφορὰ,
1331 977 1470 1018 querula
1484 985 1535 1008 res
1556 976 1698 1007 calami·

968 1028 1032 1060 tas,
1049 1022 1090 1053 ad
1104 1022 1176 1053 Att.
1188 1023 1244 1052 xii.
1259 1023 1312 1052 41.

1009 1064 1170 1106 φιλαίτιος,
1186 1062 1365 1095 accusandi
1387 1066 1419 1092 et
1437 1060 1592 1102 querendi
1605 1061 1699 1101 cupi·

968 1109 1041 1147 dus,
1056 1108 1097 1139 ad
1111 1108 1188 1138 Div.
1202 1107 1248 1137 iii.
1263 1110 1295 1141 7.
1311 1104 1352 1136 ad
1367 1104 1439 1136 Att.
1453 1104 1520 1135 xiii.
1537 1104 1589 1135 20.

1012 1150 1203 1192 φιλαλήθως,
1217 1151 1370 1189 ingenue,
1383 1148 1492 1184 libere,
1508 1146 1549 1177 ad
1562 1146 1627 1186 Qu.
1641 1143 1696 1177 Fr.

970 1195 1005 1226 ii.
1024 1194 1074 1225 16.

1012 1235 1170 1277 φιλαυτία,
1185 1245 1279 1266 amor
1291 1233 1468 1274 suiipsius,
1483 1231 1525 1262 ad
1538 1230 1610 1262 Att.
1627 1229 1698 1261 xiii.

1010 1321 1196 1363 φιλέλληνες,
1227 1319 1416 1352 Graecorum
1453 1318 1617 1353 amantes,
1654 1314 1695 1346 ad

968 1366 1041 1398 Att.
1057 1367 1080 1396 i.
1101 1367 1150 1395 15.

1014 1406 1182 1449 φιλίνδιξος,
1195 1405 1395 1439 ambitiosus,
1407 1405 1540 1433 amator
1555 1401 1697 1433 illustri-

970 1463 1028 1484 um
1043 1453 1203 1487 virorum,
1220 1448 1261 1478 ad
1276 1449 1348 1478 Att.
1362 1446 1431 1476 xiii.
1450 1448 1497 1479 19.

1010 1492 1162 1535 φιλῆδονοι,
1178 1494 1342 1522 amatores
1358 1487 1546 1528 voluptatis,
1562 1485 1604 1518 ad
1619 1485 1695 1518 Div.

968 1548 1022 1570 xv.
1040 1540 1093 1572 19.

1007 1577 1199 1621 φιλιππίζειν,
1215 1585 1290 1607 cum
1305 1573 1462 1614 Philippo
1468 1572 1602 1614 facere,
1617 1571 1695 1603 Div.

967 1624 1000 1655 ii.
1018 1627 1069 1658 57.

1009 1662 1191 1706 φιλογυνιίαι,
1215 1659 1447 1695 mulierositas,
1462 1657 1562 1688 Tusc.
1578 1658 1622 1690 iv.
1645 1660 1696 1689 11.

1009 1707 1182 1749 vexamen.
1196 1703 1379 1745 popularis,
1392 1701 1449 1741 qui
1459 1701 1618 1740 vulgaria
1632 1710 1698 1732 non

965 1753 1101 1794 spernit,
1117 1750 1158 1781 ad
1172 1750 1248 1780 Att.
1262 1746 1318 1776 xii,
1333 1744 1363 1775 6.

1009 1793 1197 1836 φιλοθέωρος,
1212 1787 1379 1831 spectandi
1393 1785 1542 1826 cupidus,
1558 1785 1600 1817 ad
1616 1785 1694 1818 Div.

966 1838 1022 1870 vii.
1041 1838 1090 1869 16.

1010 1880 1168 1920 φιλὸκαλοι
1189 1875 1242 1908 καὶ
1264 1871 1446 1915 φιλοδίκαιοι,
1461 1874 1626 1903 amatores
1641 1872 1696 1903 ho—

968 1925 1053 1954 nesti
1067 1927 1098 1953 et
1111 1920 1247 1953 studiosi
1252 1917 1354 1960 justi,
1369 1914 1410 1946 ad
1425 1913 1502 1944 Div.
1519 1924 1571 1944 xv.
1591 1917 1640 1949 19.

1012 1965 1176 2007 mumma,
1190 1961 1334 1997 erudita,
1350 1956 1391 1989 ad
1402 1955 1474 1987 Att.
1490 1956 1560 1987 xiii.
1577 1958 1628 1989 52.
1643 1966 1696 1988 xv.

1012 2049 1258 2092 φιλαλογόηξα,
1288 2042 1483 2078 eruditior-a,
1511 2041 1698 2079 subtiliora,

972 2093 1012 2124 ad
1034 2097 1108 2126 Att.
1131 2094 1201 2124 xiii.
1231 2091 1280 2121 12.
1303 2084 1464 2128 φιλολόγις
1490 2088 1541 2114 cst
1567 2085 1699 2125 proprie

969 2137 1136 2168 studiosus
1151 2131 1416 2175 disputationum
1438 2125 1643 2157 eruditarum
1659 2127 1699 2159 de

969 2179 1086 2210 studiis
1097 2178 1270 2212 doctrinm,
1283 2171 1370 2203 unde
1379 2168 1531 2211 φιλὸλογι
1540 2174 1619 2199 sunt
1634 2178 1698 2208 res,

968 2221 1008 2252 de
1030 2221 1147 2262 quibus
1170 2219 1380 2259 disputatum
1403 2210 1567 2254 φιλολογία
1588 2211 1700 2253 dispu-

969 2265 1053 2295 tatio
1066 2265 1149 2305 ipsa,
1163 2270 1237 2302 quae
1246 2265 1283 2290 et
1297 2255 1451 2297 augiam
1464 2255 1596 2286 dicitur.
1611 2263 1641 2284 v.
1658 2254 1700 2286 ad

969 2307 1045 2338 Div.
1059 2306 1125 2337 xvi.
1139 2308 1192 2337 21.
1205 2309 1239 2334 et
1253 2296 1701 2342 cupouzozoyu'vibidemmna

970 2348 1151 2390 disputare,
1166 2344 1384 2386 disputationi
1406 2343 1576 2373 interesse.
1611 2338 1701 2370 Item

971 2391 1017 2421 sic
1032 2391 1219 2431 philologus
1232 2388 1273 2420 ad
1287 2387 1360 2418 Att.
1383 2385 1452 2416 xiii.
1471 2385 1519 2416 12.
1535 2384 1590 2417 29.
1636 2381 1701 2413 Sed

972 2433 1102 2463 inscitia
1118 2436 1308 2463 nostrorum
1322 2427 1510 2463 hominum,
1523 2426 1572 2456 ita
1585 2427 1625 2455 ut
1638 2423 1702 2455 hu-

972 2475 1157 2513 manitatis,
1171 2472 1408 2504 humaniorum
1423 2469 1611 2505 literarum,
1626 2465 1703 2498 lite-

975 2527 1152 2557 rarumque
1176 2515 1326 2551 nomina,
1354 2510 1527 2543 restrinxit
1552 2508 1593 2540 ad
1610 2513 1703 2540 certa

973 2560 1123 2600 quaedam
1137 2558 1259 2590 artium
1270 2563 1392 2597 genera
1405 2554 1449 2595 (v,
1472 2551 1702 2583 Prolusionem

973 2608 1122 2634 nostram
1145 2602 1184 2632 de
1201 2599 1323 2631 finibus
1337 2595 1574 2628 humaniorum
1586 2593 1702 2625 litera-

972 2655 1046 2677 rum
1070 2642 1239 2685 regundis)
1259 2645 1295 2672 et
1316 2650 1336 2671 a
1357 2637 1540 2680 philologia
1560 2636 1705 2678 sejunxit

972 2679 1230 2728 philosophiam,
1241 2684 1275 2715 in
1290 2691 1390 2723 quarn
1403 2680 1454 2712 vel
1466 2679 1610 2711 maxime
1622 2688 1703 2709 con-

972 2731 1076 2766 venit,
1100 2734 1139 2759 ut
1160 2738 1201 2759 ex
1223 2723 1393 2758 Ciceronis
1415 2722 1507 2758 locis,
1531 2722 1570 2752 in·
1588 2721 1704 2761 primis

972 2771 1041 2802 xiii.
1067 2774 1115 2802 12.
1139 2768 1283 2808 intelligi
1308 2770 1431 2807 potest,
1454 2766 1535 2796 item
1560 2773 1579 2793 e
1599 2762 1702 2794 Tusc.

973 2814 1036 2845 Sed
1063 2813 1135 2844 haec
1159 2814 1240 2843 sunt
1261 2807 1499 2851 φιλολιγῦτιςιι,
1521 2805 1704 2836 subtiliora.

973 2856 1036 2887 Sed
1053 2866 1104 2887 xv.
1121 2857 1171 2887 15.
1181 2853 1353 2896 philologo
1375 2859 1444 2882 non
1465 2851 1544 2881 sunt
1556 2847 1704 2885 erudita,
