1920 3196
659 97 807 124 INDEX
837 94 1136 129 LATlNITATIS.

140 192 235 223 copia
265 183 359 223 larga
389 184 430 214 ad
463 189 618 214 ornatum
651 189 686 215 et
722 184 867 225 amplifi-

138 227 294 257 candum.

183 270 335 308 Saue-im,
349 270 389 300 de
404 280 459 301 reo
476 271 524 301 ita
541 271 676 310 dicitur,
694 278 732 301 ut
747 271 864 302 ambu-

137 319 220 344 stus.
245 314 286 344 ad
302 314 378 344 Div.
395 315 462 344 viii.
480 318 509 345 8.

183 358 323 394 Scabies,
341 358 397 397 qui
415 368 473 388 nos
491 358 599 388 irritat
617 359 778 389 suavitate
793 368 865 389 sua.

140 401 220 440 Leg.
238 402 259 431 i.
281 405 328 434 17.
354 411 427 440 quae
443 406 564 431 natura
577 403 662 432 hona.
681 407 772 438 sunt,
788 403 866 440 quia

137 444 314 474 dulcedine
328 445 388 475 hae
409 445 618 485 (voluptatis)
639 450 672 476 et
689 446 795 475 scabie
811 456 863 474 ca-

138 494 225 525 rent,
244 498 309 518 non
326 490 504 522 cernimus.

182 532 372 562 Scabillam.
399 533 480 562 Coel.
493 535 544 566 ⁶27.
558 533 653 562 mimi
670 534 779 562 exitus
797 543 862 562 non

137 575 258 605 fabulae
274 588 282 613 ς
309 576 418 615 inquo
430 587 506 606 cuni
523 576 675 606 clausula
693 586 758 606 non
775 578 864 606 inve-

139 620 243 656 nitur,
259 619 345 658 sugit
364 619 483 658 aliquis
510 630 526 649 e
545 621 716 650 manibus:
743 620 862 650 deinde

136 664 270 693 scabilla
303 668 519 703 concrepant,
545 664 690 694 aulaeum
723 663 863 694 tollitur.

137 706 241 736 Erant
259 712 371 736 autem
385 709 518 737 scabilla
529 707 732 746 crepitacula
747 718 786 737 ex
799 708 864 737 fer-

134 760 182 787 ro,
200 750 353 786 <Lm-ian.
371 752 487 781 saltat.
518 754 546 788 ξ.
573 755 624 782 813.
649 749 770 794 σιδηροῦν
794 750 863 781 ὑπό-

136 792 227 832 δημαζ
249 798 304 824 aut
328 805 365 824 cx
384 795 487 834 ligno,
513 794 643 827 (Pollux
662 796 716 824 vii.
734 797 785 825 EQ.
812 799 862 828 87.

133 836 244 875 ξύλινον
276 835 422 877 ὑπόδημα)
459 849 531 878 quae
560 838 712 878 pedibus,
743 839 862 877 quibus

136 881 443 920 adstringeinnuur,
463 883 608 923 (undeet
623 892 743 912 nomen
761 882 863 912 duxe-

137 932 228 954 runt.
248 935 324 955 n‘un
351 924 500 956 ὑποπόδιον
525 932 576 956 est
598 927 767 957 scabillum
789 936 862 966 pro-

136 970 220 1007 prie,
238 979 298 998 nec
314 974 427 999 tamen
442 977 492 999 est
505 969 719 1009 perpetuum)
740 980 863 999 concu-

133 1013 159 1042 ti
176 1012 341 1050 solebam,
360 1016 394 1042 et
409 1014 586 1053 strepitum
613 1014 794 1051 faciebant,
813 1014 861 1043 uli

138 1055 234 1085 docet
255 1057 393 1096 antiqua
418 1060 543 1094 statua,
565 1058 597 1086 in
629 1067 694 1096 qua
717 1058 862 1087 occurrit

134 1100 319 1137 scabillum,
349 1101 592 1139 confirmatque
623 1101 795 1131 Rubenius
823 1102 862 1130 de

136 1142 184 1173 Re
212 1143 304 1173 vest.
322 1144 355 1174 ii.
378 1147 426 1178 17.
451 1145 614 1175 Auctores
632 1145 665 1174 in
691 1144 784 1174 Fabri
802 1145 862 1175 Le-

135 1188 210 1217 xico
218 1189 470 1218 commemorati
479 1189 685 1219 scabillorum
697 1189 860 1218 rationem

135 1238 345 1271 perspectam
363 1241 431 1261 non
449 1232 605 1262 habuere.
622 1233 780 1262 Rectiora
795 1239 863 1262 tra-

134 1274 219 1304 didit
237 1281 314 1305 ante
342 1275 530 1305 Rubenium
547 1276 649 1306 etiam
682 1275 862 1306 Salmasius

135 1318 177 1348 ad
193 1318 325 1359 Vopisc.
352 1319 474 1349 Carum
501 1330 530 1349 c.
566 1323 612 1353 19.
636 1330 668 1359 p.
686 1322 759 1350 838.
787 1330 812 1349 s.
835 1325 859 1350 t.

133 1362 168 1392 ii.
191 1362 282 1393 Adde
299 1363 453 1403 inprimis
472 1363 683 1403 Explication
699 1363 739 1393 de
756 1363 862 1393 divers

134 1405 338 1436 Monumens
355 1407 531 1445 singuliers
549 1418 580 1447 p.
604 1410 658 1440 47.
675 1417 701 1437 s,
719 1407 775 1437 ubi
793 1417 863 1437 mo-

134 1456 340 1480 numentum
371 1457 466 1480 vetus
500 1451 701 1488 illustratur,
731 1451 764 1481 in
795 1461 862 1490 quo

132 1495 266 1524 scabilla
294 1501 502 1534 spectantur.
559 1495 608 1524 Ab
639 1494 690 1524 his
724 1496 864 1526 scabinis

132 1548 242 1577 operae
257 1539 444 1568 scabillares
469 1549 521 1578 ap.
544 1538 737 1569 fabrettum
755 1541 789 1570 in
807 1539 863 1570 In-

134 1582 306 1621 scription.
323 1592 355 1621 p.
375 1583 448 1612 603.
466 1583 540 1613 660.

179 1625 343 1662 ScaImus,
361 1633 411 1655 est
433 1627 564 1666 proprie
579 1625 723 1666 lignum,
741 1626 795 1656 cui
812 1636 863 1656 re-

135 1679 209 1699 mus
227 1669 407 1708 adfigatur,
424 1670 513 1699 unde
539 1670 659 1700 deinde
683 1680 742 1710 pro
768 1680 861 1700 remo

133 1714 282 1752 ponitur.
301 1717 352 1743 tot
367 1714 458 1743 enim
475 1719 555 1743 sunt
571 1715 668 1751 remi,
683 1722 764 1753 quot
779 1717 862 1745 scal-

134 1758 191 1786 mae'.
226 1756 298 1787 Att.
314 1758 378 1787 xvi.
396 1761 426 1788 3.
450 1758 556 1787 tribus
582 1758 789 1796 actuariolis,
805 1759 862 1789 de-

133 1810 206 1830 cem
218 1802 360 1831 scalmis.
377 1802 434 1831 Or.
446 1801 466 1831 i.
479 1804 532 1832 38.
551 1802 707 1832 navicula
717 1802 860 1834 duorum

134 1847 345 1875 scalmorum.
380 1845 476 1875 Brut.
500 1848 552 1876 53.
590 1850 630 1876 ut
659 1846 796 1876 Crassus
820 1847 860 1876 ab

132 1887 343 1918 adolescente
360 1888 515 1927 defleam,
533 1890 589 1928 qui
606 1890 641 1919 in
661 1889 774 1919 littore
790 1899 861 1920 am-

132 1932 251 1962 bulans
267 1935 424 1963 scalmum
444 1933 631 1972 reperisset,
655 1934 696 1963 ob
718 1943 860 1973 eamque

130 1985 200 2006 rem
219 1986 337 2006 navem
355 1977 522 2006 aedilicare
534 1978 792 2017 concupivisset,
804 1988 860 2007 ex-

131 2029 225 2050 orsus
251 2026 324 2050 est:
368 2021 523 2050 similiter
549 2020 696 2050 Scaevola
725 2030 765 2050 ex
791 2031 860 2051 uno

132 2065 252 2094 scalmo
268 2064 444 2103 captionis,
473 2064 717 2094 centumvirale
734 2065 861 2104 judici-

131 2117 190 2137 um
210 2107 404 2137 hereditatis
421 2108 541 2138 effecit.

177 2150 403 2181 Scammcmea.
427 2153 502 2182 Div.
519 2153 541 2181 i.
561 2154 612 2181 10.
638 2151 718 2190 quid
744 2150 860 2182 Scam-

130 2204 249 2225 monecp
265 2195 355 2225 radix
374 2195 415 2224 ad
429 2195 639 2234 purgandum
658 2196 772 2235 possit.

175 2238 365 2278 Scaplaeium.
390 2239 483 2269 Verr.
505 2240 547 2269 ἰν.
573 2242 622 2273 17.
647 2239 806 2279 poculum
824 2240 859 2270 in

128 2281 356 2323 hemisphaerii
378 2283 633 2313 similitudinem
652 2283 834 2314 rotundum
850 2294 856 2312 :

130 2329 169 2356 ut
200 2336 253 2366 ap.
269 2327 426 2356 Plautum
455 2327 488 2356 in
514 2326 627 2357 Sticho
644 2336 674 2356 v.
698 2330 730 2357 4.
753 2330 801 2358 11.
825 2332 861 2358 et

128 2369 286 2400 Bacchid.
305 2371 326 2401 i.
349 2373 375 2400 l.
399 2373 451 2404 37.
477 2381 542 2410 quo
559 2370 633 2400 loco
654 2373 769 2401 tamen
787 2372 860 2410 qui·

130 2412 206 2443 dam
223 2414 263 2443 dc
289 2414 417 2444 matula
434 2415 586 2454 capiunt,
603 2415 666 2444 etsi
689 2414 729 2444 de
747 2416 860 2445 convi-

127 2457 181 2486 vio
196 2467 305 2487 sermo
321 2462 382 2488 est.
404 2458 491 2488 Nam
503 2460 672 2498 scaphium
684 2463 735 2488 est
753 2459 859 2489 hemi-

126 2500 320 2540 sphaerium.
338 2502 390 2531 Sic
402 2502 503 2531 etiam
515 2501 652 2542 scaphia
661 2502 861 2533 dicebantur

130 2553 207 2574 vasa
223 2555 262 2574 ex
276 2554 340 2575 aere
354 2545 512 2583 rotunda,
522 2555 596 2585 quae
613 2545 793 2585 horologiis
808 2547 860 2577 in-

128 2588 331 2625 serviebant,
364 2593 403 2619 ut
433 2593 551 2619 auctor
576 2594 628 2619 est
666 2589 859 2621 Marcianus

131 2631 282 2672 Capella,
299 2632 339 2662 de
357 2642 422 2671 quo
446 2633 512 2664 vid.
535 2633 674 2663 Salmas.
692 2633 733 2662 ad
756 2633 860 2664 Solin.

130 2684 163 2715 p.
181 2678 257 2706 448.
281 2676 312 2704 b.
327 2676 462 2714 quidam
476 2683 592 2707 tamen
605 2686 621 2707 2
639 2676 860 2708 similitudine

127 2719 255 2758 cymbae
272 2719 402 2750 dictum
419 2721 550 2751 volunt.

171 2761 338 2800 Scutario,
371 2764 530 2801 meditor,
559 2762 689 2794 molior.
713 2764 756 2794 ad
785 2764 861 2794 Div.

127 2805 196 2837 viii.
213 2809 244 2837 4.
272 2810 380 2845 totus,
397 2812 435 2838 ut
464 2818 555 2838 nunc
583 2811 647 2844 est,
666 2807 728 2838 hoc
752 2812 862 2838 scata-

127 2849 186 2880 rit.

170 2891 288 2924 sema.
313 2893 428 2925 Plane.
459 2896 508 2925 12.
533 2903 607 2933 quae
631 2895 659 2924 si
687 2895 798 2925 minus
825 2896 859 2925 in

1566 87 1654 125 419

910 193 1005 213 scena
1020 188 1113 220 sunt,
1136 187 1170 213 at
1187 188 1277 214 certe
1303 193 1379 214 cum
1396 188 1476 215 sunt
1501 183 1644 224 prolata,

912 228 1110 256 lauumtur:
1136 227 1167 257 h.
1184 237 1212 257 e.
1237 229 1263 258 si
1290 229 1401 258 minus
1428 238 1486 268 per
1502 237 1536 258 se
1559 234 1641 259 sunt
1659 222 1675 244 ⁹

908 270 1062 306 illustria²
1093 274 1127 300 et
1154 272 1187 300 in
1209 271 1322 301 oculos
1352 272 1540 302 incurrunt.
1565 273 1638 303 *ad

908 312 1006 344 Brut.
1034 324 1085 354 ep.
1103 318 1134 348 9.
1158 325 1259 344 scente
1275 315 1396 345 servire
1415 328 1421 345 :
1457 315 1488 345 li.
1507 326 1534 345 e.
1553 319 1640 346 tem-

909 358 991 396 pori.
1016 359 1073 388 Or.
1092 359 1124 387 ii.
1142 362 1194 389 513.
1220 359 1366 388 maxima
1390 360 1513 389 oratori
1540 369 1635 390 scena

908 407 958 430 est
976 402 1103 431 concio.
1123 401 1142 430 i.
1160 412 1189 431 e.
1207 402 1262 432 ubi
1288 403 1432 432 maxime
1449 402 1637 441 eloquenti-

908 454 960 473 am
979 444 1153 474 ostendere
1178 450 1298 484 potest.
1325 446 1402 475 ibid.
1428 446 1474 475 iii.
1499 449 1552 477 45.
1579 457 1635 476 nc-

907 498 971 526 que
990 489 1088 518 verba
1103 498 1142 517 ex
1161 489 1225 518 alio
1242 499 1363 527 genere
1381 489 1422 519 ad
1439 499 1535 519 usum
1554 500 1636 529 quo-

905 531 1087 567 tidianum,
1100 542 1138 561 cx
1152 532 1216 562 alio
1226 533 1267 562 ad
1282 543 1412 563 scenam
1425 539 1459 563 et
1476 543 1634 574 pompam

907 582 1110 605 sumuntur:
1138 576 1157 604 i.
1173 586 1201 605 e.
1219 577 1259 606 ad
1276 580 1445 607 ornatum.

951 617 1086 649 Seem‘ci.
1127 619 1239 649 Plane.
1285 623 1333 650 1⁶2.
1376 620 1470 650 Verr.
1502 621 1549 651 iii.
1580 625 1634 655 79.

907 664 991 692 Sunt
1016 663 1207 700 histriones,
1227 664 1334 701 mimi,
1351 670 1385 694 et
1411 672 1538 694 actores
1562 675 1634 695 om-

907 716 976 736 nes.

950 750 1090 779 Sebeda.
1114 750 1183 780 Att.
1206 751 1226 780 i.
1256 753 1307 781 ⁶20.
1332 751 1475 788 enitere,
1499 761 1539 781 ne
1567 762 1634 791 qua

904 794 1020 823 scheda
1052 793 1219 834 depereat.
1259 795 1386 825 Sclzeda
1416 799 1467 824 est
1498 795 1634 835 plagula

906 837 1030 867 chartae
1051 848 1089 867 ex
1107 848 1205 878 scapo
1230 839 1373 875 revulsa,
1391 839 1512 877 quihus
1535 849 1626 869 com·

906 881 1088 910 mittebant
1100 887 1240 920 veteres,
1249 882 1407 921 quicquid
1419 883 1530 912 subito
1540 893 1632 912 com-

905 925 1158 961 mentabantur‚
1174 931 1212 955 ut
1235 926 1450 955 emendatum
1464 932 1580 966 postea
1594 927 1630 957 in

906 969 1115 998 mundiorem
1132 969 1283 999 chartam
1293 970 1506 1007 scriberetur,
1519 976 1556 1000 ut
1574 970 1632 1000 do·

905 1017 959 1041 cet
983 1012 1121 1042 Salmas.
1147 1013 1188 1043 ad
1211 1013 1342 1053 Vopisc.
1367 1013 1515 1044 Firmum
1543 1024 1571 1045 c.
1600 1017 1631 1045 3.

905 1061 930 1085 t.
948 1057 980 1085 ii.
998 1066 1030 1095 p.
1049 1059 1123 1089 701.

950 1099 1078 1130 Schola.
1104 1100 1299 1139 disputatio.
1325 1101 1388 1130 Pis.
1402 1103 1454 1131 525.
1470 1106 1580 1131 vertes
1596 1106 1631 1131 te

905 1144 945 1172 ad
963 1143 1103 1173 alteram
1129 1145 1281 1174 scholam.
1306 1143 1454 1178 immam.
1479 1146 1536 1175 ubi
1552 1152 1633 1176 sunt

906 1192 1022 1217 vestrae
1039 1188 1177 1217 sclmloe?
1199 1188 1425 1219 '1‘usc.iii.34.
1451 1190 1632 1229 separatim

905 1237 984 1260 sunt
1001 1237 1101 1261 eertae
1126 1233 1250 1268 schole,
1268 1232 1308 1261 de
1335 1232 1462 1262 exsilio.
1485 1234 1529 1263 ib.
1555 1234 1576 1263 i.
1599 1236 1632 1263 4.

903 1276 1026 1304 ,scholas
1038 1274 1230 1304 Graeeorum
1250 1286 1340 1305 more
1353 1276 1484 1307 habere.
1510 1277 1581 1307 Fin.
1599 1277 1634 1308 ii.

911 1322 934 1348 1.
953 1320 1090 1348 scholam
1109 1319 1286 1358 explicare.

950 1362 1095 1392 Scietzlia
1126 1373 1202 1392 cum
1235 1362 1286 1393 de.
1325 1363 1408 1393 Sull.
1452 1367 1500 1394 13.
1537 1365 1633 1405 cujus

903 1407 1069 1436 scientiam
1089 1406 1128 1436 de
1142 1407 1297 1436 omnibus
1315 1411 1447 1437 constat
1462 1408 1575 1438 fuisse.

950 1450 1092 1487 Scilicet,
1109 1450 1205 1487 scito,
1226 1450 1309 1480 scias
1336 1450 1426 1481 lieet.
1452 1451 1494 1491 Ω.
1516 1451 1566 1482 Fr.
1598 1452 1634 1483 ii.

905 1496 935 1524 8.
960 1493 1044 1524 illud
1060 1495 1198 1524 scilicet:
1223 1495 1382 1531 coenabis,
1399 1505 1477 1525 cum
1494 1496 1636 1527 veneris.

905 1537 946 1567 ad
962 1538 1039 1568 Div.
1056 1538 1099 1568 ix.
1126 1539 1157 1569 6.
1181 1542 1232 1568 est
1253 1539 1356 1577 igitur
1371 1538 1533 1569 adventus
1548 1541 1636 1570 scili·

903 1585 951 1611 cet
966 1581 1106 1612 Caesaris
1122 1582 1157 1611 in
1173 1583 1419 1622 expectatione.
1437 1583 1481 1613 ib.
1498 1584 1550 1614 21.
1567 1585 1635 1624 pri-

904 1630 996 1655 vatas
1014 1635 1129 1655 causas
1144 1631 1180 1655 et
1196 1635 1251 1656 eas
1261 1632 1393 1664 tenues,
1409 1626 1540 1666 agimus
1557 1628 1636 1658 sub·

903 1669 1018 1708 tilius;
1044 1670 1162 1709 capitis
1190 1675 1250 1699 aut
1275 1669 1375 1700 famae
1401 1672 1520 1701 scilicet
1536 1681 1635 1702 orna—

903 1713 981 1743 tius.
996 1724 1025 1743 v.
1043 1713 1188 1743 Gronov.
1205 1713 1284 1744 Obs.
1301 1714 1347 1744 iii.
1363 1718 1394 1749 9.

948 1757 1113 1787 Scindere.
1134 1757 1238 1788 Attic.
1266 1758 1312 1787 iii.
1344 1761 1394 1789 15.
1419 1767 1460 1788 ne
1485 1759 1634 1789 scindam

904 1801 973 1840 ipse
1001 1800 1149 1831 dolorem
1167 1811 1306 1832 meum:
1343 1801 1377 1831 h.
1406 1813 1436 1833 e.
1465 1811 1633 1834 renovem.

903 1845 961 1874 sed
976 1844 1125 1875 Graevius
1142 1849 1241 1885 putat
1268 1844 1464 1876 Ciceronem
1486 1847 1637 1886 scripsis-

902 1899 954 1918 se:
982 1888 1181 1919 rescindam.
1210 1889 1278 1919 xiii.
1295 1892 1348 1920 33.
1371 1899 1433 1928 ego
1450 1890 1498 1919 ita
1512 1891 1578 1929 egi,
1596 1893 1635 1920 ut

904 1942 971 1962 non
987 1932 1166 1962 scinderem
1183 1933 1342 1973 penulam
1357 1945 1362 1962 :
1391 1933 1423 1963 h.
1446 1943 1475 1962 e.
1493 1943 1561 1963 non
1578 1944 1633 1963 ve-

903 1975 1095 2007 hementius
1112 1976 1249 2006 invitavi
1266 1985 1301 2006 et
1324 1978 1449 2016 rogavi,
1465 1984 1504 2007 ut
1519 1987 1634 2008 mane-

903 2025 988 2050 rent.

948 2064 1030 2094 Scio.
1055 2064 1095 2094 de
1124 2063 1290 2094 formula:
1315 2064 1407 2095 haud
1429 2066 1492 2095 scio
1518 2075 1572 2096 an.
1600 2076 1631 2096 v.

902 2107 1003 2138 haud.
1027 2107 1182 2148 exempla
1204 2108 1271 2138 alia
1291 2114 1372 2138 sunt
1394 2110 1452 2139 Or.
1471 2109 1492 2139 i.
1510 2109 1563 2139 60.
1579 2110 1633 2141 62.

902 2152 937 2182 ii.
954 2155 1002 2185 17.
1026 2151 1121 2182 Verr.
1140 2152 1162 2182 i.
1183 2155 1232 2182 15.
1256 2152 1358 2182 Acad.
1374 2153 1415 2182 iv.
1433 2154 1486 2184 25.
1510 2151 1593 2192 Leg.
1611 2155 1633 2184 i.

902 2196 933 2226 6.
957 2196 976 2213 ²*
998 2205 1075 2225 cum
1107 2195 1159 2226 de.
1184 2196 1241 2226 Or.
1269 2197 1290 2226 i.
1323 2199 1371 2226 14.
1395 2201 1480 2226 extr.
1509 2196 1634 2227 diserte

902 2239 1021 2280 possit,
1038 2239 1078 2269 de
1095 2250 1160 2278 quo
1171 2241 1266 2277 sciat,
1284 2240 1407 2270 dicere.

947 2284 1099 2320 Sciscere,
1116 2288 1168 2313 est
1183 2285 1315 2323 proprie
1325 2285 1359 2314 in
1374 2283 1633 2323 legibusjuben-

902 2327 965 2365 dis,
983 2330 1017 2357 et
1031 2327 1167 2366 quidem
1189 2327 1339 2367 plebeiis.
1365 2327 1480 2357 Plane.
1500 2330 1549 2359 14.
1573 2329 1634 2358 sci-

901 2372 947 2401 vit
964 2371 1071 2410 legem
1087 2371 1227 2410 primus.
1245 2371 1287 2401 cf.
1305 2371 1405 2401 Dom.
1423 2374 1475 2402 30.
1492 2372 1552 2402 διο.
1568 2382 1632 2402 un-

902 2414 943 2445 de
961 2415 1186 2455 plebiscitum.
1203 2414 1283 2444 hinc
1310 2425 1370 2455 pro
1395 2415 1534 2455 probare
1551 2415 1633 2446 diei·

902 2462 972 2496 tur,
988 2458 1090 2498 quod,
1109 2459 1164 2497 qui
1187 2460 1342 2496 sciscunt,
1362 2459 1517 2498 probant.
1534 2459 1629 2489 Prov.

903 2502 940 2532 C.
968 2505 1017 2532 15.
1040 2501 1141 2532 simul
1165 2502 1326 2539 ostendit,
1352 2512 1387 2532 se
1419 2512 1494 2532 eam
1522 2502 1632 2542 legem

900 2547 1046 2582 sciscere,
1071 2554 1171 2584 quam
1194 2545 1304 2585 legem
1328 2555 1399 2575 esse
1432 2551 1544 2585 negat.
1569 2547 1634 2577 Sed

902 2594 955 2620 est
982 2595 1098 2620 tamen
1127 2590 1231 2620 etlam
1267 2589 1308 2619 de
1340 2590 1432 2619 omni
1463 2590 1634 2630 suffragio.

902 2632 983 2673 Leg.
996 2634 1042 2663 iii.
1059 2636 1090 2664 3.
1104 2643 1181 2663 cum
1201 2633 1381 2663 seiseeutur
1396 2633 1555 2673 suffragia
1571 2636 1632 2665 διο.

948 2677 1085 2707 Scissus.
1098 2677 1155 2706 Or.
1173 2677 1219 2706 iii.
1239 2680 1291 2710 57.
1316 2678 1450 2707 scissam
1472 2678 1559 2707 vocis
1576 2688 1633 2717 ge·

903 2730 977 2751 nus.
995 2720 1106 2750 dehoc
1123 2720 1186 2750 vid.
1201 2720 1345 2760 Quintil.
1365 2720 1449 2750 Inst.
1464 2719 1523 2751 Or.
1541 2722 1584 2751 xi.
1601 2725 1633 2753 3.

904 2773 935 2794 n.
952 2766 1005 2796 ιΖΟ.
1031 2766 1084 2794 21.
1108 2764 1269 2794 scinditur
1296 2774 1356 2794 vox
1384 2764 1635 2796 &rm—finditur

902 2809 1005 2837 etiam
1022 2808 1159 2848 spiritus
1175 2807 1310 2846 objectu
1327 2807 1451 2846 aliquo,
1469 2808 1557 2838 sicut
1586 2808 1635 2839 la-

903 2851 984 2891 pillo
999 2857 1119 2882 tenues
1145 2860 1241 2890 aquae
1266 2851 1325 2881 ἃς.
1373 2851 1432 2882 Est
1457 2851 1546 2891 quod
1573 2861 1632 2882 nos

905 2904 1062 2925 vocamus
1078 2895 1135 2925 das
1153 2893 1302 2935 Lispeln.

948 2945 971 2968 fl
987 2948 1004 2967 e
1021 2939 1041 2969 2
