1920 3196
730 128 880 158 monz
901 127 1198 158 ιΑΤῐΝῐτΑτῐε.
1225 124 1229 128 “

249 216 441 263 Dispersus,
471 226 523 250 uS.
557 217 629 250 Att.
658 216 704 248 ix.
733 219 766 252 9.
795 216 942 258 dispersu

205 265 340 298 illorum
363 264 452 296 actio
474 263 514 294 de
537 272 619 304 pace
636 261 767 293 sublata
783 267 845 292 est.
877 261 940 292 hoc

205 309 344 340 verbum
359 307 622 349 praetermissum
639 311 692 337 est
709 306 742 336 in
762 305 940 336 Nizoliano

202 352 386 384 Thesauro.

247 395 405 436 Dispieim
429 391 496 426 non
520 394 700 434 significat,
724 391 941 433 quemadmo-

204 439 286 471 dum
321 440 456 479 quidam
495 439 774 478 interpretantur,
806 437 938 475 vidci·e;

202 483 262 514 ned
279 483 451 514 intendere
468 483 573 514 aciem
586 482 759 512 oculorum
772 481 814 511 ad
826 481 939 511 viden-

203 527 297 558 dum.
343 526 459 567 Itaque
476 527 532 557 ubi
549 527 596 556 sic
612 526 748 562 dicitur,
764 529 801 555 ut
819 535 876 565 pro
892 524 940 554 vi-

203 571 282 602 dere
296 571 497 611 simpliciter
519 570 647 600 dictum
673 569 837 605 videatur,
853 578 940 598 scm-

202 624 263 655 per
278 615 432 654 quaedam
448 614 619 645 contentio
642 613 861 652 intelligenda
875 617 939 649 cst,

204 668 271 697 qua
287 660 444 695 efficitur,
459 665 497 688 ut
513 658 621 688 videre
639 657 802 697 possimus
819 660 875 686 aut
894 655 939 685 vi-

200 701 354 739 deamus,
379 702 467 732 unde
491 706 526 731 et
548 711 607 741 pro
635 700 842 731 considerare
867 699 941 730 dili-

202 754 324 786 genter
338 746 473 783 dieitur,
491 751 531 775 ut
545 744 699 784 exempla
714 744 865 783 subjecta
881 743 938 773 do-

204 790 339 820 cebunt.
386 790 439 819 Sic
471 790 510 819 de
543 789 661 819 catulis
695 789 832 826 dicitur,
859 797 936 818 cum

201 834 351 874 primum
367 833 479 864 oculos
504 834 672 873 aperiunt,
689 839 724 862 et
748 832 857 862 videre
883 842 936 861 co-

203 880 340 908 nantur.
370 888 399 907 v.
416 877 595 918 despicere.
626 876 697 907 Fin.
714 876 748 906 ii.
765 879 818 906 30.
850 876 937 916 Epa-

202 921 501 951 minondas—cum
513 921 643 951 vicisset
653 919 934 956 Lacedaemonios,

200 964 367 1004 simulque
398 965 489 1003 gravi
518 965 653 995 vulnere
685 974 719 994 se
750 964 933 993 exanimari

199 1007 347 1047 videret;
374 1015 410 1039 ut
433 1008 580 1048 primum
603 1009 752 1048 disperiet,
769 1008 933 1046 quaesivit,

199 1051 355 1082 salvusne
378 1059 465 1087 esset
489 1052 625 1092 clipeus.
653 1051 752 1082 Tusc.
770 1052 792 1081 i.
813 1055 861 1085 19.
893 1051 932 1081 de

200 1094 392 1126 bominibus
414 1097 447 1126 in
466 1097 609 1126 tenebris
634 1095 856 1126 densissimis:
882 1101 933 1125 ta-

201 1148 280 1169 men
306 1140 377 1170 acie
407 1140 527 1169 mentis
559 1140 713 1178 dispicere
741 1139 932 1178 cupiebant.

199 1181 271 1213 Fin.
288 1193 316 1213 v.
338 1187 385 1213 15.
416 1183 455 1213 de
481 1183 683 1214 infantibus:
716 1192 794 1212 cum
818 1187 932 1212 autem

199 1226 353 1266 dispicere
369 1227 580 1266 coeperimus,
594 1231 627 1257 et
643 1227 778 1264 sentire,
797 1226 876 1265 quid
891 1227 933 1256 si-

197 1279 284 1300 mus.
324 1270 529 1309 *cogitando
553 1272 759 1309 videndoque
783 1271 933 1300 animad-

196 1318 326 1344 vertere
350 1318 383 1343 et
407 1315 562 1354 reperire.
594 1315 664 1345 Att.
682 1314 717 1344 ii.
735 1315 787 1344 ίΖΟ.
819 1315 846 1343 si
869 1315 932 1344 dis-

190 1358 300 1398 picere
317 1357 397 1397 quid
413 1368 550 1397 coepero.
574 1358 653 1388 ibid.
672 1358 714 1388 xi.
737 1358 784 1388 16.
808 1358 835 1388 si
852 1358 932 1397 quid

196 1401 377 1441 dispiceres.
406 1402 446 1442 Ω.
480 1401 532 1432 Fr.
561 1403 583 1432 i.
613 1405 643 1433 3.
673 1401 752 1441 quid
786 1412 930 1442 sperem,

197 1453 266 1475 non
289 1446 428 1486 dispicio.
459 1446 535 1477 Div.
559 1446 593 1476 ii.
613 1449 666 1480 39.
695 1455 811 1475 verum
835 1446 932 1485 dispi-

194 1497 266 1519 cere
282 1498 348 1519 non
364 1494 513 1529 possunt.
543 1489 624 1519 Sull.
644 1492 693 1519 15.
717 1499 778 1518 nec
795 1500 930 1529 possum

194 1536 332 1562 tantum
357 1543 430 1563 meo
455 1534 590 1574 ingenio
614 1533 704 1570 dare,
729 1538 767 1563 ut
790 1537 842 1563 tot
865 1543 929 1571 res,

192 1582 429 1607 tantas—mea
451 1582 570 1616 sponte
586 1577 788 1616 dispeoeerim.
820 1577 928 1607 *con-

194 1619 349 1651 siderare.
382 1621 452 1650 Att.
473 1621 515 1650 vi.
533 1624 562 1651 8.
595 1630 685 1650 nunc
709 1620 808 1650 velim
832 1621 929 1661 clispi-

193 1664 260 1693 σίας
286 1673 336 1694 res
363 1664 549 1694 Romanae:
579 1664 704 1701 videas,
728 1664 808 1703 quid
832 1665 926 1695 nobis

193 1706 233 1737 de
249 1707 422 1747 triumpho
437 1708 654 1747 cogitandum
680 1713 788 1748 putes.
818 1708 926 1739 *Sem

191 1760 225 1790 p.
243 1750 324 1781 Red.
342 1754 371 1782 3.
404 1758 581 1792 postquam
607 1762 647 1782 ex
671 1752 848 1792 superioris
869 1762 927 1782 an-

192 1794 228 1824 ni
246 1794 389 1834 caligine
405 1798 439 1825 et
452 1796 598 1825 tenebris
620 1796 728 1825 lucem
748 1797 781 1825 in
798 1796 928 1835 republ.

193 1836 268 1868 Kal.
291 1838 368 1868 Jan.
394 1839 546 1879 dispicere
576 1840 733 1879 coepistis.
778 1839 927 1870 Graevius

192 1883 360 1922 reposuit:
385 1883 559 1923 respicere.
583 1893 614 1913 v.
631 1888 701 1913 not.

235 1925 417 1966 Displicet-e
440 1927 499 1956 sibi
525 1927 696 1964 dicuntur,
714 1926 770 1966 qui
790 1929 870 1956 sunt
884 1936 927 1956 ae—

191 1969 241 2008 gri
259 1971 382 2000 animo.
414 1971 498 2000 Phil.
517 1971 538 2001 i.
556 1974 586 2002 5.
619 1980 696 2000 cum
721 1971 760 2000 de
785 1972 838 2000 via
855 1970 927 2000 lan-

191 2022 342 2051 guerem,
367 2018 402 2044 et
433 2013 587 2044 mihimet
610 2014 823 2054 displicerem.
853 2014 925 2044 Att.

190 2057 225 2086 ii.
253 2060 300 2088 18.
336 2058 483 2097 displiceo
506 2058 589 2088 mihi
613 2068 674 2088 nec
698 2058 769 2087 sine
793 2067 926 2088 summo

190 2099 303 2130 dolore
319 2101 438 2131 scribo.
468 2101 546 2131 ibid.
563 2103 616 2132 21.
645 2108 684 2131 ut
700 2101 755 2131 ille
771 2106 845 2131 tum
863 2101 925 2131 hu-

191 2143 292 2180 milis,
309 2148 348 2174 ut
363 2144 525 2174 demissus
542 2146 636 2175 erat?
667 2148 706 2175 ut
729 2146 798 2185 ipse
821 2146 925 2176 etiam

193 2186 268 2224 sibi,
287 2197 354 2218 non
377 2188 416 2218 iis
434 2188 554 2227 solum,
572 2189 628 2229 qui
644 2188 797 2227 aderant,
816 2190 927 2229 displi-

189 2231 288 2261 cebat.

232 2274 430 2316 Dispolictre.
455 2275 549 2306 Verr.
567 2276 608 2306 iv.
625 2278 677 2308 20.
706 2280 747 2307 ut
760 2286 830 2306 una
846 2287 924 2307 cum

191 2319 310 2349 ceteris
340 2320 460 2350 Siculis
490 2321 728 2360 dispoliaretur.
777 2320 923 2360 Quidam

187 2360 263 2392 libri
278 2362 404 2393 habent
419 2363 544 2403 despol.
560 2374 634 2404 quae
658 2365 799 2394 varietas
817 2364 921 2395 etiam

187 2412 239 2436 est
263 2417 316 2447 ap.
334 2406 405 2438 Liv.
425 2407 490 2437 xlv.
514 2409 567 2438 36.
598 2408 656 2438 sed
679 2408 762 2438 illud
784 2418 921 2438 verum:

185 2453 221 2479 et
237 2449 285 2480 sic
299 2451 402 2481 etiam
427 2451 519 2482 Verr.
537 2452 583 2482 iii.
601 2454 654 2483 21.
684 2453 920 2491 corrigendum

185 2497 248 2523 est.

229 2536 404 2577 Dispositffi
420 2539 536 2570 ordine
560 2544 665 2578 certo,
683 2540 825 2570 redactis
849 2550 921 2570 om-

189 2579 288 2610 nibus
319 2581 360 2611 ad
389 2592 488 2613 suum
518 2583 642 2613 locum.
680 2583 775 2613 Verr.
803 2585 845 2614 iv.
869 2586 922 2614 40.

186 2632 254 2654 non
272 2634 405 2664 possum
422 2627 568 2666 disposite
584 2628 685 2657 istum
702 2637 869 2657 accusare.

229 2667 415 2708 Dispositio,
439 2671 520 2710 quid
549 2671 615 2701 sit?
650 2670 722 2701 lnv.
746 2672 768 2702 i.
792 2675 823 2705 7.
851 2671 919 2701 He-

185 2720 280 2741 renn.
298 2713 318 2742 i.
336 2714 366 2743 2.

229 2754 421 2795 Dispositus.
459 2756 516 2787 Or.
551 2757 597 2788 iii.
630 2760 683 2788 ⁶25.
725 2759 760 2788 in
798 2763 920 2790 ornatu

183 2797 335 2838 disposito
364 2801 511 2840 insignia
538 2805 572 2831 et
607 2801 746 2832 lumina.
784 2801 919 2834 Murcn.

184 2844 236 2873 14.
268 2852 358 2874 nunc
374 2844 414 2874 de
434 2844 552 2875 studiis
576 2845 618 2875 ad
641 2844 800 2876 honorem
818 2846 922 2887 dispo-

182 2886 252 2916 sitis
267 2887 419 2927 disputo:
446 2888 478 2918 h.
492 2899 520 2919 e.
539 2888 578 2918 de
603 2889 642 2919 iis
665 2899 739 2928 quae
756 2894 836 2920 sunt
859 2891 916 2921 ho-

182 2937 304 2962 norum
315 2932 628 2972 consequendorum
639 2933 804 2975 proesidia.
829 2934 919 2966 Nam

1642 118 1725 169 277

982 216 1138 258 praesidia
1159 216 1285 256 disponi
1308 215 1489 255 dicuntur3
1523 222 1624 258 atque
1642 220 1722 251 hine

981 262 1086 291 ducta
1108 265 1159 291 est
1183 259 1316 291 dicendi
1338 260 1434 291 ratio.
1467 261 1566 292 Petit.
1585 263 1723 294 Consul.

984 307 1015 335 5.
1039 311 1123 335 extr.
1147 304 1199 335 fac
1218 308 1256 334 ut
1271 304 1370 344 plane
1395 304 1433 334 iis
1451 306 1621 342 omnibus,
1638 317 1720 346 quon

983 347 1154 379 devinctos
1177 356 1286 385 tenes,
1304 348 1509 388 descriptum
1534 359 1572 379 ac
1588 350 1720 389 disposi-

984 397 1055 423 tum
1073 402 1171 422 suum
1188 392 1309 430 cuique
1327 401 1451 422 munus
1467 392 1520 423 sit.

1026 435 1220 477 Disputare.
1243 435 1344 466 Tusc.
1356 436 1378 466 i.
1393 438 1426 466 4.
1449 436 1491 466 ad
1508 435 1541 467 id
1559 436 1618 478 (sc.
1633 437 1722 477 quod

983 481 1193 520 propositum
1211 477 1296 515 erat)
1315 479 1494 518 disputare.

1026 523 1216 562 Disputatio
1239 528 1290 553 est
1313 522 1494 562 explicatio
1511 524 1557 554 rei
1575 523 1719 563 subtilis,

983 572 1020 597 ut
1039 567 1323 607 philosophorum.
1350 566 1406 596 Or.
1425 567 1472 597 iii.
1489 570 1541 598 55.
1567 571 1602 597 at
1619 579 1646 598 c.
1665 571 1717 599 54.

981 614 1033 640 est
1055 621 1160 650 genus
1185 611 1302 650 figur-ce
1325 611 1491 641 oratoriae.
1537 610 1600 642 Sed
1617 611 1718 642 lectio

981 658 1032 685 est
1050 655 1179 691 vitiosa,
1195 654 1316 685 saltem
1333 655 1474 685 incerta.

1023 698 1225 739 Disquisitio‚
1248 698 1430 737 judicium.
1473 697 1555 728 Sull.
1587 701 1639 729 28.
1680 699 1716 730 in

981 744 1110 782 magnis
1146 743 1429 782 disquisitionibus,
1466 743 1717 782 repentinisque

978 786 1134 826 periculis
1156 787 1259 816 vitam
1284 786 1548 825 uniuscujusque
1572 796 1642 816 esse
1666 790 1717 816 te·

977 834 1075 860 stem.
1100 830 1198 871 plura
1208 829 1336 870 colligit
1350 829 1495 860 Budaeus
1511 829 1553 860 ad
1566 829 1668 860 Pand.
1683 841 1715 871 p.

980 884 1025 904 m.
1043 877 1096 904 5οῑ

1021 917 1197 958 Disrumpi
1220 917 1392 955 dicuntur,
1409 917 1466 956 qui
1491 916 1633 947 aliorum
1656 916 1714 947 bo-

977 962 1028 992 nis
1052 962 1150 992 nimis
1175 961 1300 992 dolent.
1331 962 1431 992 Dom.
1457 963 1510 995 37,
1540 960 1655 991 vatin.
1680 964 1713 995 7.

976 1005 1018 1035 ad
1034 1005 1106 1036 Att.
1122 1007 1164 1036 iv.
1183 1007 1231 1036 16.
1248 1006 1308 1036 bis.
1326 1005 1381 1035 vii.
1402 1006 1451 1035 12.

1020 1049 1265 1080 Dissentmzeus.
1296 1049 1385 1079 Part.
1419 1051 1450 1080 2.

978 1098 1037 1124 aut
1054 1094 1267 1124 dissemanea.

1020 1137 1200 1175 Disserere,
1222 1137 1261 1167 de
1286 1141 1398 1167 actore
1423 1145 1542 1166 causae.
1574 1135 1653 1174 Agr.
1677 1135 1712 1166 ii.

979 1184 1028 1212 15.
1060 1191 1102 1211 an
1127 1192 1203 1211 cum
1228 1181 1317 1211 idom
1333 1181 1463 1211 disseret
1479 1183 1514 1209 et
1529 1179 1712 1218 judicabit,

976 1224 1102 1265 impelli
1122 1235 1188 1255 non
1204 1225 1342 1265 poterit,
1358 1230 1398 1254 ut
1414 1223 1535 1254 falsum
1554 1222 1709 1261 judicet?

975 1269 1234 1300 *demonstrare
1266 1268 1336 1299 Fin.
1368 1269 1411 1298 iv.
1448 1271 1474 1298 l.
1517 1277 1559 1297 an
1591 1277 1711 1308 parum

977 1313 1124 1343 disserui.

1017 1356 1155 1395 Dissieo,
1172 1367 1240 1393 ere,
1257 1355 1338 1386 Coel.
1368 1357 1416 1387 16.
1448 1354 1522 1385 dide
1547 1364 1584 1384 ac
1602 1355 1712 1385 dissice

977 1401 1053 1440 (int.
1070 1401 1170 1439 bona)
1189 1411 1248 1440 per
1264 1410 1316 1430 me
1339 1399 1465 1436 licebit,
1482 1409 1499 1428 e
1519 1398 1709 1429 Caeciliano.

975 1444 1039 1474 vid.
1063 1445 1103 1474 de
1127 1445 1190 1475 hoc
1213 1445 1312 1474 verbo
1343 1444 1487 1474 Puteani
1510 1442 1709 1481 disputatio-

973 1497 1050 1518 nem
1075 1498 1127 1528 ap.
1151 1487 1347 1518 Abramium
1372 1487 1414 1517 ad
1437 1487 1470 1517 h.
1496 1486 1518 1516 l.
1542 1486 1599 1525 qui
1630 1496 1709 1516 cum

972 1531 1043 1562 aliis
1078 1533 1206 1569 multu,
1238 1542 1319 1571 quos
1350 1531 1465 1561 laudat
1494 1530 1712 1560 Drakenbor-

972 1575 1064 1606 chius
1089 1576 1130 1606 ad
1152 1575 1271 1606 Silium
1293 1576 1336 1606 ix.
1355 1575 1429 1606 536.
1463 1574 1591 1604 dictum
1610 1577 1709 1613 putat

971 1621 1107 1658 antique
1124 1630 1183 1660 pro
1200 1620 1374 1650 dissecare.
1421 1618 1484 1648 Sed
1509 1618 1614 1657 magis
1635 1627 1709 1657 pro-

968 1663 1010 1693 bo
1042 1664 1200 1694 Gronovii
1231 1663 1271 1693 ad
1302 1663 1418 1693 Senec.
1448 1661 1609 1692 Phoeniss.
1634 1664 1708 1692 343.

969 1707 1167 1746 Heinsiique
1196 1707 1236 1737 ad
1262 1707 1421 1738 Ovidium
1448 1705 1530 1736 Met.
1554 1705 1610 1735 xii.
1638 1708 1709 1736 108.

969 1751 1029 1781 διο.
1045 1751 1263 1789 sententiam,
1279 1751 1334 1790 qui
1359 1750 1487 1780 dictum
1512 1752 1633 1790 putant
1649 1759 1709 1788 pro

969 1794 1130 1832 disjicere.
1176 1795 1265 1824 Nam
1288 1795 1323 1824 in
1355 1793 1549 1834 compositis
1573 1803 1591 1823 e
1616 1793 1707 1832 jacio

968 1839 1102 1877 ejicitur
1139 1838 1284 1868 alterum
1322 1838 1346 1875 i,
1385 1843 1424 1867 ut
1468 1838 1552 1866 bene
1591 1840 1707 1867 monet

968 1881 1159 1912 Broukhus.
1177 1882 1219 1912 ad
1234 1881 1308 1912 Tib.
1323 1882 1343 1911 i.
1360 1886 1390 1915 9.
1409 1883 1461 1912 54.
1491 1881 1549 1910 sed
1573 1879 1636 1910 vid.
1654 1881 1706 1910 in-

968 1927 1083 1965 primis
1097 1925 1393 1956 Drakenborc'uius
1412 1925 1433 1955 l.
1448 1935 1476 1955 c.
1494 1924 1569 1954 add.
1587 1924 1705 1955 Heius.

968 1973 1003 1999 et.
1016 1970 1132 2000 Burm.
1150 1970 1190 1999 ad
1206 1969 1300 2000 Ovid.
1318 1969 1401 1999 Met.
1418 1969 1461 1998 ix.
1479 1970 1554 1999 384.

1012 2012 1179 2044 Dissidere
1210 2023 1287 2043 cum
1313 2012 1435 2051 aliquo.
1464 2012 1566 2042 Acad.
1598 2011 1641 2042 iv.
1669 2015 1701 2043 4.

968 2067 1046 2087 cuin
1063 2057 1226 2087 Cleanthe
1245 2057 1448 2097 Chrysippus
1464 2056 1603 2085 dissidet.

1010 2101 1195 2132 Dissidium
1211 2111 1298 2140 saepe
1316 2099 1579 2130 confundituriu
1597 2098 1702 2130 Codd.

968 2144 1139 2175 Ciceronis
1157 2155 1234 2174 cum
1252 2144 1441 2174 discidium.
1466 2142 1504 2173 In
1523 2142 1702 2173 Nizoliano

966 2188 1090 2219 Lexico
1106 2188 1216 2219 multa
1231 2188 1304 2218 loca
1319 2189 1353 2218 in
1366 2188 1428 2218 hoc
1443 2187 1543 2217 verbo
1560 2186 1703 2216 laudan-

965 2237 1033 2263 tur.
1058 2233 1116 2263 ubi
1140 2232 1314 2263 dissidium
1338 2235 1402 2269 est,
1418 2241 1497 2261 cum
1513 2240 1584 2260 esse
1602 2230 1700 2260 debe-

964 2282 1017 2307 ret
1048 2276 1244 2306 discidium:
1281 2286 1363 2315 quos
1393 2275 1490 2305 facile
1518 2273 1699 2312 discernes,

965 2320 1100 2358 adjutus
1116 2320 1181 2356 his,
1194 2329 1268 2359 quae
1283 2320 1347 2350 dixi
1367 2319 1401 2349 in
1418 2317 1610 2348 discidium.

973 2385 977 2389 -
1007 2364 1199 2395 Dissimilis.
1231 2364 1288 2394 Or.
1311 2365 1359 2394 iii.
1377 2366 1407 2395 8.
1437 2362 1517 2402 quid
1540 2367 1611 2392 tam
1636 2361 1699 2392 dis-

962 2409 1066 2439 sz‘mz'le
1081 2409 1170 2438 inter
1185 2418 1230 2438 se.

1006 2452 1258 2482 Dissimilieudo.
1287 2451 1359 2481 Fin.
1391 2450 1438 2480 iii.
1469 2454 1500 2484 7.
1531 2449 1696 2479 dissimili-

960 2497 1037 2526 tudo
1054 2506 1130 2525 cum
1148 2495 1197 2525 his
1213 2495 1353 2525 artibus.
1370 2495 1412 2524 ef.
1429 2495 1471 2524 ἰν.
1488 2496 1520 2524 4.

1005 2540 1274 2571 Dissimulanter.
1294 2539 1453 2573 Brut.79.
1481 2537 1612 2567 numeri
1626 2546 1693 2566 non

961 2589 1075 2624 aperte
1099 2588 1134 2612 et
1156 2583 1274 2613 eodem
1299 2582 1410 2618 modo,
1434 2581 1493 2611 sed
1517 2581 1605 2610 varie
1629 2581 1694 2610 dis-

960 2629 1216 2666 simulanterque
1240 2626 1399 2656 conclusi.
1423 2624 1494 2655 scil.
1509 2624 1572 2654 hoc
1589 2624 1695 2654 efficit

960 2672 1033 2711 ipsa
1056 2671 1197 2701 varietas
1221 2669 1457 2706 conclusionis,
1483 2672 1519 2698 ut
1543 2678 1610 2697 non
1634 2678 1693 2708 ap-

962 2720 1078 2755 pareat
1101 2713 1324 2745 concludendi
1347 2713 1513 2749 studium,
1529 2711 1618 2751 quod
1641 2721 1694 2740 sc-

959 2770 1017 2790 cus
1042 2763 1106 2796 est,
1123 2768 1201 2788 cum
1225 2758 1342 2788 eodem
1367 2756 1466 2787 modo
1482 2756 1597 2785 omnia.
1613 2764 1693 2784 con-

955 2802 1150 2834 cluduntur.

1000 2846 1269 2877 Dissimnlcmtia.
1301 2845 1358 2875 Or.
1382 2844 1416 2874 ii.
1440 2843 1493 2877 67.
1523 2842 1630 2872 ironia
1657 2845 1693 2872 et

956 2891 1218 2922 dissimzclantia:
1253 2899 1298 2919 sc.
1326 2889 1397 2928 ipsa
1419 2887 1526 2917 ironia
1548 2889 1598 2915 est
1624 2886 1689 2916 dis-

956 2935 1164 2973 simulantia,
1183 2940 1222 2964 ut
1236 2943 1277 2964 ex
1292 2930 1516 2972 Theophrasti
1532 2929 1688 2960 Char-act.

1016 2981 1075 3009 '1¹2

1488 1050 1715 1079 consentanea
