1985 3206
210 66 262 104 88

216 167 285 197 xiii.
316 169 362 199 19.
395 173 485 204 seqq.
510 160 615 202 qualis
640 164 762 191 orator.
789 161 875 191 Caec.
893 164 945 191 323.

216 210 289 242 Λα.
307 210 363 239 xii.
381 210 433 239 20.

268 254 300 283 (ἶ.
323 252 425 287 Coela,
443 253 499 280 Or.
526 249 571 279 iii.
594 251 623 277 2.
652 248 730 277 trib.
746 247 865 288 plebis,
882 257 948 286 quo

219 307 309 328 anno
339 297 377 326 L.
411 297 546 325 (irasmi-3
578 295 731 321 mortuus
771 296 839 321 est:
880 300 948 321 non

220 341 327 372 multo
345 345 418 378 post
435 349 451 367 e
468 338 603 366 civitate
620 336 758 374 ejectus.

265 384 306 414 L.
331 384 431 419 (baa,
451 380 645 411 Prffiwrius.
666 378 764 408 Brut.
785 377 837 408 36.
869 387 950 416 qua-

218 428 259 458 lis
276 432 398 457 orator.

265 470 307 500 L.
337 470 439 505 (mla,
464 467 559 496 Brut.
583 467 634 495 ⁶21.
673 468 850 494 accusatur
873 473 892 493 a
915 463 950 492 P.

218 513 376 545 Africano
400 511 531 541 minori.
549 509 704 538 defensus
720 518 739 537 a
755 508 794 546 Q„
813 506 952 537 Metello

221 556 453 593 Macedonico,
465 553 657 584 absolvitur.
675 554 842 581 veterator
858 551 951 580 habi-

220 605 276 631 tus
294 605 358 636 est,
373 600 404 629 li.
421 609 450 629 e.
477 597 616 627 callidus
632 596 666 624 in
683 595 791 624 causis
805 595 949 633 agendis.

221 645 425 683 lii-emptum
445 641 634 671 calliditatis
653 640 686 667 in
706 639 877 668 tribunatu
894 639 952 667 hct-

220 690 270 719 bet
288 688 398 717 Γηὼν.
414 685 463 716 M.
481 685 522 714 vi.
544 687 574 715 5.
597 692 692 723 quem
715 683 761 711 ad
781 691 813 711 a.
838 690 950 711 uxeix.

219 731 321 772 νηὶ-νύ
348 730 501 769 pig-fiius.
525 726 567 768 cf.
592 727 680 757 Mur.
696 728 749 757 53¹3.
783 725 879 756 Font.
902 728 950 755 13.

223 777 257 806 in
273 776 314 815 Q.
331 772 443 804 Caecil.
461 774 513 803 21.

268 819 309 849 J..
331 818 432 853 (atta,
446 817 502 846 Or.
519 814 553 844 ii.
571 816 624 847 47.
647 813 704 843 Or.
717 813 763 842 iii.
780 815 834 846 47.
859 810 950 842 Tre'b.

216 864 266 903 pl.
292 872 323 892 ιι.
353 861 392 892 U.
417 868 526 890 Dcle.
562 867 646 887 cum.
673 857 712 887 T.
737 856 838 886 Didio
861 859 891 885 ec
917 855 949 885 C.

225 907 393 939 lVorIan
419 913 482 942 quo
513 901 721 940 rogationem
754 900 789 929 in
822 899 951 938 Caepio-

223 960 301 980 nem
326 949 467 982 serente,
485 955 561 975 cum
582 954 651 974 una
673 953 750 973 eum
775 943 876 973 Didio
900 943 950 972 in-

217 993 392 1022 tercedere
410 990 521 1025 vellet,
535 989 563 1017 vi
580 998 597 1017 e
614 987 741 1026 templo
756 986 872 1026 pulsus
886 990 948 1016 est.

221 1038 316 1067 Orat.
334 1036 379 1065 iii.
400 1038 448 1064 11.
478 1034 517 1072 Q.
540 1031 649 1061 Catuli
674 1030 808 1067 sodalis,
826 1029 949 1069 gaude-

221 1081 280 1110 bat
318 1079 482 1118 gravitate
521 1076 646 1115 linguae
676 1078 712 1105 et
748 1084 830 1104 sono
861 1073 950 1103 vocis

220 1124 357 1163 agresti.

266 1168 308 1198 L.
331 1167 431 1201 (bna,
449 1162 631 1203 infractor.
669 1162 772 1193 Amor
788 1162 866 1199 legis
881 1160 950 1190 Au-

219 1209 514 1251 relioejmlieiareoe.
547 1205 645 1236 Catil.
663 1205 708 1235 iii.
726 1208 756 1235 8.
783 1205 898 1244 Agrar.
917 1205 951 1234 ii.

225 1258 274 1288 17.
307 1254 344 1284 L.
367 1252 528 1290 Torquati
549 1249 677 1288 collega
699 1249 733 1279 in
759 1247 949 1285 consulatu,

219 1309 252 1329 α.
283 1298 322 1328 U.
346 1303 548 1327 Dctxxxvni.
578 1293 618 1323 de
643 1293 718 1323 Div.
739 1293 761 1322 i.
780 1294 829 1323 12.
860 1302 899 1321 eo
916 1296 951 1321 et

219 1342 391 1380 Torquato
422 1337 621 1369 Consulibus
649 1336 785 1376 Jupiter
815 1335 951 1374 Capito-

221 1385 304 1416 lium
330 1384 431 1425 *petiit
457 1387 492 1412 et
518 1382 612 1420 ignes
639 1380 765 1419 injecit.
804 1379 845 1408 ad
871 1379 948 1409 Div.

221 1430 280 1460 xii.
304 1431 333 1458 2.
375 1426 604 1466 desperatione
632 1424 666 1453 in
690 1424 853 1453 Senatum
880 1432 947 1452 non

220 1473 322 1502 venit.
341 1472 439 1501 Dom.
458 1470 510 1501 26.
540 1470 674 1507 negavit
697 1467 805 1506 legem
829 1466 869 1496 de
895 1466 949 1496 Ci-

220 1516 350 1546 ceronis
366 1514 476 1544 reditu
492 1512 663 1542 ferendam
683 1521 766 1547 esse,
784 1510 872 1549 quod
894 1509 947 1539 lex

221 1560 339 1591 Clodia
355 1559 432 1596 jure
453 1557 520 1587 lata
537 1565 603 1585 non
621 1560 717 1584 esset.
750 1554 825 1584 Div.
843 1554 876 1584 ii.
894 1555 947 1585 21.

219 1604 292 1635 Att.
310 1603 365 1633 xii.
381 1605 434 1632 ⁶2¹3.

264 1647 313 1677 M.
348 1647 449 1682 Gula,
475 1643 569 1673 Verr.
597 1652 625 1672 V.
656 1645 705 1672 13.
748 1641 787 1671 L.
814 1639 949 1671 Luculli

220 1690 348 1729 collega
363 1690 397 1719 in
414 1687 604 1722 consulatu,
621 1695 652 1716 a.
674 1685 715 1716 U.
731 1693 897 1714 Dchxlx.

265 1734 314 1764 M.
337 1734 438 1769 Cotta,
454 1732 525 1761 Att.
542 1741 572 1760 x.
593 1731 641 1759 16.
665 1729 721 1759 xii.
738 1730 789 1760 22.
823 1729 950 1758 Praetor

220 1777 407 1807 Sardiniam
435 1780 531 1804 tenet
557 1772 718 1804 Marcello
741 1777 775 1802 et
801 1770 948 1802 Lentulo

223 1821 313 1852 coss.
331 1831 370 1850 ex
387 1820 473 1850 &Cto
491 1819 525 1848 in
541 1817 628 1847 bello
645 1816 742 1846 civili.

271 1865 387 1900 Cottas,
416 1863 480 1892 Pis.
509 1864 562 1892 34.
601 1870 658 1891 rex
687 1859 880 1897 Bessorum,
907 1858 947 1889 L.

221 1908 376 1940 Pisonem
404 1905 609 1937 Macedonia·
634 1902 867 1944 proconsulem
892 1912 949 1942 pe-

221 1953 322 1982 cunia
346 1950 541 1990 corrumpit,
559 1954 597 1978 ut
621 1947 747 1987 legatos
770 1946 950 1976 Bessorum

220 1995 414 2029 interficiat.

267 2039 309 2069 L.
328 2039 447 2069 lf'caius
467 2036 587 2075 Cotyla,
605 2034 689 2064 Phil.
708 2044 737 2064 v.
755 2036 785 2065 2.
817 2033 858 2063 ad
881 2032 950 2063 An—

220 2083 353 2113 tonium
381 2081 551 2112 Mutinam
577 2078 786 2109 obsidentem
812 2086 846 2107 se
870 2086 950 2106 con-

220 2126 296 2157 fert.
315 2125 398 2156 Phil.
415 2125 482 2154 viii.
502 2125 550 2154 10.

271 2170 420 2206 Crantor,
454 2168 511 2198 Or.
549 2166 595 2196 iii.
637 2168 685 2196 18.
727 2163 829 2195 Acad.
868 2164 889 2193 i.
920 2168 952 2197 9.

222 2213 440 2245 Academicus
457 2222 475 2240 e
495 2215 607 2240 vetere
630 2208 823 2244 Academia,
840 2206 887 2236 nil
911 2207 951 2236 ab

224 2254 402 2288 Aristotele
419 2255 584 2285 dissentit.
601 2253 702 2283 Acad.
720 2253 761 2281 iv.
778 2254 831 2282 44.
847 2250 948 2281 Tusc.

222 2302 244 2331 i.
261 2304 314 2332 43.
345 2298 432 2340 Ejus
448 2297 640 2328 Consolatio
656 2301 702 2327 est
718 2297 796 2326 liber
818 2293 887 2335 ejus
910 2294 949 2324 de

223 2344 330 2381 luctu,
347 2345 401 2383 qui
417 2343 584 2373 laudatur.
603 2340 644 2370 cf.
661 2341 732 2370 Att.
749 2339 805 2369 xii.
822 2340 875 2369 ⁶21.

273 2388 440 2427 Gassipes,
465 2385 506 2415 ad
530 2385 604 2415 Div.
629 2385 650 2414 i.
683 2387 714 2417 7.
752 2382 823 2412 Att.
850 2383 892 2412 iv.
919 2385 949 2412 5.

224 2431 393 2461 Ciceronis
410 2430 513 2459 filiam
530 2428 634 2458 ducit.
658 2427 699 2457 cf.
715 2426 780 2466 Qu.
796 2426 848 2456 Fr.
866 2425 900 2455 ii.
920 2428 949 2456 5.

221 2475 253 2505 6.
289 2474 330 2504 ad
352 2475 427 2505 Div.
451 2473 520 2503 xiii.
543 2476 573 2506 9.
604 2471 772 2510 Bithyniae
796 2473 952 2509 quaestor.

220 2519 293 2549 Att.
317 2519 360 2548 ix.
386 2521 435 2548 11.
474 2515 694 2546 Caesarianus.
721 2514 890 2553 Crassipes
906 2517 952 2543 est

220 2572 392 2601 cognomen
401 2561 507 2599 gentis
520 2559 636 2589 Furiae.
661 2558 709 2588 M.
725 2557 841 2587 Furius
855 2557 952 2586 Cras-

220 2606 307 2646 sipes
332 2605 462 2635 Proetor
482 2607 527 2633 est
553 2612 605 2642 ap.
634 2601 707 2633 Liv.
735 2609 873 2630 xxxvm.
898 2602 951 2630 42.

219 2647 275 2689 ἔμ’,
307 2649 388 2688 quod
403 2649 500 2678 etiam
516 2647 601 2676 docet
617 2645 749 2675 Μαηιιῖ.
777 2644 823 2674 ad
837 2643 916 2674 Div.
930 2644 951 2674 i.

219 2696 252 2727 7.
284 2693 336 2722 ubi
352 2696 462 2730 negat,
477 2701 509 2720 se
525 2698 712 2730 proenomen
734 2685 832 2728 Ingjus
860 2687 953 2717 Gras-

217 2737 332 2775 sz'pezlis
347 2736 486 2776 reperire
495 2735 642 2774 potuisse.
683 2732 849 2771 Desponsa
864 2732 892 2760 ei
907 2735 953 2761 est

220 2780 332 2811 Tullia
363 2784 439 2810 ante
462 2777 689 2818 prqfectionem
720 2776 755 2805 in
793 2774 951 2812 Ciliciam,

219 2824 276 2854 ‚sed
288 2824 418 2854 dimissa
438 2832 520 2853 mar.
572 2820 675 2851 Cicero
698 2823 808 2849 tamen
829 2827 904 2848 eum
920 2829 953 2848 eo

212 2872 324 2909 postea
338 2868 518 2898 amicitiam
531 2865 659 2896 coluisse
669 2863 805 2894 videtur.
818 2871 847 2893 υ.
862 2862 955 2894 Tom-

735 70 882 99 INDEX
914 69 1196 98 Hisrourcns.

989 161 1079 192 stalli
1095 159 1242 201 Epistola
1255 159 1300 189 cul
1309 158 1496 189 Mzddleeon.
1506 168 1543 200 Ῑ).
1559 161 1717 194 187.188.

1042 206 1227 240 Crassicius,
1247 202 1330 232 Phil.
1346 203 1418 233 xiii.
1435 204 1466 233 2.

1037 246 1079 277 L.
1097 246 1243 277 Licinias
1264 246 1406 283 Crassus,
1424 245 1462 276 ad
1478 245 1562 276 Her.
1579 247 1621 277 iv.
1638 248 1669 278 2.
1687 249 1719 277 3.

993 291 1050 320 ()ι·.
1070 292 1090 321 i.
1107 293 1137 323 7.
1154 290 1236 321 Rab.
1254 293 1284 323 7.
1303 290 1434 320 Orator.
1449 289 1518 319 lnv.
1534 290 1566 320 ii.
1584 294 1636 324 37.
1654 290 1718 320 Pis.

994 334 1046 364 26.
1084 333 1247 373 triumphi
1271 343 1289 362 c
1314 333 1421 363 Gallia
1444 333 1543 363 nimis
1566 333 1718 373 cupidus.

993 377 1050 407 Or.
1075 377 1122 406 iii.
1149 378 1198 407 12.
1228 386 1339 406 socrus
1361 377 1432 415 ejus
1455 376 1570 407 Laelia.
1603 378 1660 407 Or.
1685 377 1720 407 ii.

997 423 1024 450 l.
1059 421 1243 459 putabatur
1265 430 1331 450 non
1348 424 1470 460 praeter
1485 420 1620 459 puerilis
1637 425 1719 450 ωα-

992 464 1036 493 tis
1062 464 1197 493 modum
1223 464 1352 493 doctus.
1383 463 1436 494 ΒΓ.
1461 466 1511 494 38.
1532 474 1579 503 sq.
1611 463 1717 502 qualis

993 511 1116 537 orator.
1148 507 1240 538 Vcrr.
1265 508 1309 537 iii.
1337 511 1362 537 l.
1395 517 1471 537 eum
1496 508 1655 547 poenituit
1679 507 1717 538 C.

997 550 1181 581 Carbonem
1203 551 1236 580 in
1254 551 1422 589 judicium
1446 560 1588 580 vocasse.
1620 551 1717 582 Font.

994 597 1025 627 7.
1058 595 1128 633 ejus
1143 595 1376 624 testimonium
1394 595 1428 624 in
1452 594 1498 623 M.
1518 593 1717 625 Marcellum

994 636 1042 667 nil
1057 638 1156 668 valet.
1177 638 1277 669 Doni.
1305 641 1352 671 19.
1382 637 1422 667 de
1446 637 1595 677 pluribus
1619 638 1717 667 rebus

993 681 1094 711 simul
1109 682 1194 711 ferre
1211 691 1309 711 ausus
1327 686 1375 711 est
1399 687 1518 711 contra
1533 681 1639 720 legem
1658 681 1718 711 Di-

993 724 1081 754 diam
1098 730 1132 755 et
1150 723 1330 755 Caeciliam.
1361 724 1401 754 ad
1418 725 1493 755 Div.
1511 725 1554 754 ix.
1576 726 1628 755 21.
1663 735 1717 754 ac·

991 773 1086 798 cusat
1104 769 1140 798 C.
1166 769 1352 798 Carbonem
1376 778 1466 805 eum,
1483 768 1538 806 qui
1562 768 1718 798 Africano

991 812 1057 841 vim
1085 812 1237 841 attulisse
1265 812 1477 841 existimatus
1505 816 1566 841 est.
1604 812 1668 842 Off.
1694 812 1716 842 i.

992 858 1044 886 30.
1084 856 1118 885 in
1150 865 1188 884 eo
1217 854 1344 884 multus
1370 854 1460 894 lepos
1487 859 1570 884 erat.
1610 855 1631 884 i.
1664 858 1716 889 37.

990 899 1123 929 uberior
1138 899 1208 937 ejus
1224 899 1330 928 oratio
1347 907 1407 927 nec
1424 898 1534 928 minus
1550 898 1669 928 faceta.
1682 899 1717 929 ii.

994 945 1043 973 13.
1065 945 1112 972 14.
1145 943 1324 972 maximam
1348 942 1408 971 sibi
1425 942 1555 980 peperit
1576 941 1717 980 gloriam

990 996 1030 1015 ex
1060 985 1118 1015 illa
1148 986 1359 1015 accusatione
1397 985 1568 1015 Carbonis.
1599 984 1632 1014 ii.
1667 987 1717 1015 18.

989 1030 1176 1059 orationem
1192 1030 1337 1069 scripsit,
1353 1029 1387 1058 in
1405 1038 1469 1067 qua
1493 1032 1544 1058 est
1567 1028 1606 1057 de
1631 1028 1718 1058 redi·

991 1073 1120 1102 mendis
1138 1074 1275 1113 captivis
1292 1077 1325 1102 et
1342 1072 1382 1102 de
1406 1071 1651 1111 locupletandis
1666 1076 1718 1101 te-

992 1117 1177 1147 nuioribus.
1201 1117 1245 1146 iii.
1266 1119 1314 1146 11.
1338 1115 1446 1155 legem
1464 1115 1557 1152 tulit,
1573 1125 1614 1145 ne
1631 1118 1720 1145 esset

993 1170 1051 1200 pro
1076 1161 1158 1197 cive,
1179 1161 1234 1199 qui
1259 1160 1337 1189 civis
1362 1169 1428 1188 non
1453 1160 1507 1189 sit.
1538 1160 1594 1189 Or.
1619 1159 1640 1189 i.
1666 1162 1718 1189 55.

985 1205 1042 1243 jus
1068 1203 1163 1233 civile
1187 1204 1360 1233 didicerat.
1384 1203 1418 1232 ii.
1435 1206 1485 1233 55.
1510 1204 1557 1233 M.
1573 1202 1720 1233 Brutum

994 1247 1178 1277 ulciscitur.
1195 1249 1246 1278 56.
1271 1247 1379 1277 oratio
1395 1252 1512 1276 contra
1529 1246 1717 1286 Cethegum

992 1292 1025 1320 in
1051 1291 1200 1321 Censura
1223 1291 1313 1320 dicta
1335 1290 1500 1320 laudatur.
1528 1290 1575 1320 iii.
1596 1293 1622 1320 1.
1646 1290 1717 1328 ejus

993 1344 1092 1364 mors.
1110 1335 1188 1364 ibid.
1209 1334 1382 1364 contentio
1405 1335 1475 1372 ejus
1500 1343 1576 1363 cum
1602 1333 1720 1363 Domi-

989 1378 1038 1408 tio
1063 1379 1097 1407 in
1131 1378 1296 1408 Censura:
1336 1377 1418 1407 item
1449 1387 1526 1406 cum
1556 1376 1720 1416 Philippo.

991 1422 1086 1452 Offie.
1118 1422 1151 1451 ii.
1188 1422 1235 1452 16.
1274 1420 1610 1459 magnificentissima
1640 1420 1720 1450 aedi-

988 1466 1086 1495 litate
1133 1475 1212 1495 cum
1249 1465 1289 1504 Ω.
1329 1464 1443 1494 Mucio
1479 1464 1618 1493 functus
1657 1468 1719 1494 est.

990 1509 1093 1539 Hunc
1107 1509 1254 1539 stIewz'zcm
1272 1511 1305 1538 in
1320 1509 1462 1538 omnibus
1473 1509 1627 1537 honorum
1637 1518 1719 1546 gra-

990 1553 1080 1583 dibus
1094 1555 1247 1591 colleg-am.
1266 1553 1377 1582 habuit
1393 1556 1515 1591 praeter
1536 1561 1719 1589 censuram,

988 1602 1117 1627 auctore
1139 1597 1284 1627 Cicerone
1300 1597 1333 1626 in
1349 1595 1466 1626 Bruto.

1034 1640 1076 1670 L.
1099 1640 1242 1677 Crassus,
1258 1640 1313 1670 ΒΓ.
1331 1641 1382 1670 58.
1413 1639 1448 1668 Ρ.
1464 1638 1596 1668 Nasicae
1613 1641 1647 1667 et
1663 1637 1719 1668 Li-

991 1684 1101 1721 einiae,
1134 1684 1170 1714 C.
1201 1683 1295 1714 Laelii
1335 1683 1458 1723 neptis,
1490 1681 1593 1718 filius,
1625 1691 1644 1711 a
1679 1680 1719 1712 L.

993 1727 1122 1764 Crasso,
1146 1737 1204 1757 avo
1235 1732 1400 1763 materno,
1426 1730 1631 1756 testamento
1663 1724 1720 1754 ad-

992 1776 1139 1811 optatus.
1155 1770 1197 1810 cf.
1215 1771 1306 1801 Ptin.
1324 1770 1430 1799 xxxiv.
1447 1773 1478 1800 3.

1037 1814 1078 1845 L.
1102 1815 1256 1854 Papirius
1283 1813 1426 1850 Crassus,
1442 1812 1484 1843 ad
1506 1812 1583 1842 Div.
1605 1812 1649 1842 ix.
1666 1813 1718 1842 21.

990 1858 1065 1888 vide
1083 1859 1117 1888 in
1137 1859 1300 1898 Papirius.

1034 1901 1084 1931 M.
1108 1902 1249 1939 Crassus,
1267 1901 1324 1931 Or.
1348 1901 1370 1930 i.
1394 1901 1446 1931 36.
1477 1903 1601 1938 praetor
1616 1909 1647 1929 a.
1679 1898 1721 1929 U.

993 1954 1156 1976 Dchvni.
1187 1945 1258 1975 Fin.
1289 1955 1318 1975 v.
1352 1947 1403 1975 30.
1444 1942 1610 1982 αἰγίλαςος,
1643 1943 1723 1981 quia.

993 1989 1097 2019 semel
1128 1991 1163 2020 in
1194 1989 1264 2018 vita
1292 1988 1378 2024 risit,
1410 1994 1545 2016 auftore
1577 1985 1720 2016 Lucilio.

994 2033 1086 2063 Prin.
1110 2033 1158 2064 H.
1183 2033 1230 2063 N.
1254 2032 1308 2062 vii.
1335 2035 1384 2065 19.
1414 2040 1583 2070 nunquam
1606 2031 1722 2068 risisse,

991 2078 1049 2107 ait.

1037 2120 1086 2150 M.
1136 2119 1277 2156 Crassus,
1311 2118 1355 2149 P.
1383 2117 1440 2157 fil.
1481 2117 1530 2147 M.
1563 2115 1723 2156 α’νγελαίςον

993 2173 1095 2204 nepos.
1129 2164 1306 2194 Triunzuir.
1338 2161 1380 2191 ad
1403 2162 1478 2191 Div.
1507 2161 1527 2190 i.
1560 2163 1587 2190 1.
1625 2161 1723 2190 Brut.

995 2208 1047 2238 64.
1075 2208 1127 2237 65.
1154 2217 1221 2245 seq.
1246 2205 1351 2245 qualis
1374 2213 1496 2235 orator.
1520 2204 1612 2234 Verr.
1635 2213 1666 2232 V.
1693 2205 1724 2234 Ξῖ.

993 2257 1112 2281 contra
1125 2251 1284 2290 fugitivos
1302 2250 1336 2279 in
1355 2248 1453 2278 Italia
1469 2248 1634 2277 mittitur:
1662 2247 1724 2276 ini-

993 2294 1112 2334 pediit,
1137 2304 1178 2324 ne
1209 2293 1343 2332 fugitivi
1366 2292 1557 2322 Messanam
1579 2290 1725 2319 transire

994 2342 1141 2378 possent.
1179 2337 1274 2367 Balb.
1311 2340 1342 2370 7.
1381 2335 1522 2365 Balbum
1562 2333 1724 2363 defendit.

994 2382 1128 2412 Muren.
1143 2383 1195 2412 ⁶23.
1210 2382 1246 2411 L.
1265 2380 1442 2410 Murenam
1464 2377 1623 2407 defendit.
1642 2376 1724 2408 Har.

995 2435 1081 2465 resp.
1106 2425 1135 2455 6.
1168 2425 1328 2463 pontifex.
1354 2423 1437 2453 Phil.
1462 2423 1496 2452 ii.
1521 2425 1550 2452 3.
1583 2430 1659 2450 cum
1685 2430 1725 2450 co

995 2468 1111 2499 multae
1146 2468 1314 2498 Ciceronis
1352 2466 1586 2496 contentiones
1620 2464 1725 2494 fuere.

994 2512 1067 2543 Att.
1082 2513 1103 2542 i.
1124 2515 1172 2542 14.
1204 2511 1320 2542 laudat
1343 2511 1377 2540 in
1402 2511 1528 2539 Senatu
1554 2508 1725 2538 Ciceronis

996 2556 1221 2586 consulatum.
1257 2559 1305 2589 17.
1345 2553 1490 2593 impellit
1529 2551 1724 2591 publicanos

995 2599 1148 2636 Asianos,
1163 2604 1201 2629 ut
1218 2598 1418 2629 locationem
1441 2596 1554 2626 induci
1578 2594 1728 2635 postula-

996 2650 1080 2673 rent.
1098 2643 1140 2673 iv.
1163 2646 1209 2673 153.
1242 2642 1336 2672 nulla'
1359 2641 1522 2680 dignitate
1547 2638 1727 2678 paludatus

996 2687 1066 2716 abit
1089 2687 1123 2716 in
1148 2687 1288 2726 Syriam.
1310 2685 1410 2715 Tusc.
1427 2695 1457 2714 v.
1473 2686 1524 2714 40.
1556 2682 1727 2712 surdaster

995 2730 1072 2760 fuit.
1106 2730 1180 2761 Div.
1198 2731 1218 2760 i.
1239 2730 1287 2760 16.
1321 2728 1401 2768 quid
1417 2730 1446 2757 ei
1464 2726 1623 2756 acciderit
1639 2725 1727 2754 dira-

995 2784 1070 2803 rum
1084 2773 1346 2803 obnunciatione
1359 2771 1525 2811 neglecta.
1540 2770 1573 2799 ii.
1588 2773 1618 2803 9.
1631 2776 1725 2798 trans

997 2817 1203 2857 Euphratem
1222 2827 1299 2847 cum
1315 2815 1501 2855 ignominia
1517 2817 1551 2843 et
1564 2812 1725 2842 dedecore

996 2862 1094 2902 perii.
1111 2861 1191 2893 ibid.
1205 2864 1261 2894 40.
1293 2869 1407 2899 omen,
1423 2857 1512 2899 quod
1534 2857 1565 2888 ei
1580 2855 1727 2887 Brundi—
