1985 3206
755 98 900 126 INDEX
933 96 1231 125 LATINITATIS.

240 201 295 222 sus
319 191 435 221 nostri.
460 190 541 221 Coel.
557 192 610 221 32.
633 199 765 220 censum
781 199 857 228 pop.
872 187 911 217 R.
924 187 975 216 in-

242 235 365 264 cendit.
376 243 406 265 v,
417 234 561 264 Gronov.
574 235 659 264 Sest.
674 235 715 264 iv.
734 236 758 263 1.
783 232 860 262 111110
871 232 974 260 etiam

245 279 332 308 bona
348 279 380 307 in
397 288 525 308 censum
545 278 664 307 deferri
687 277 857 307 dicuntur.
883 277 901 296 ¹*
916 285 974 314 pro

237 332 271 353 re
288 321 444 351 familiari
462 321 540 358 dici,
559 322 772 351 notissimum
791 325 852 349 est.

283 366 411 402 (emens,
426 376 457 401 a,
471 375 542 395 um.
557 365 636 394 civis
653 365 750 395 Rom.
768 363 862 392 Verr.
881 362 902 391 i.
917 364 970 392 41.

235 418 342 447 neque
359 419 471 439 census
486 414 584 438 esset.
603 418 632 437 v.
652 408 724 437 Iud.
743 407 810 438 LL.
829 407 861 436 in
882 406 970 443 Lege

234 451 393 482 Voconia.
418 453 506 483 Nam
520 462 559 481 ea
570 452 772 490 significatio
789 450 886 488 liujus
901 459 971 478 ver-

232 495 277 532 bi,
296 506 372 525 cum
390 497 416 525 is
432 506 542 525 census
557 495 680 525 dicitur
696 495 767 524 noer’
782 493 895 533 ἐξοχὴν,
914 492 970 531 qui

230 543 362 569 centum
380 539 487 569 millia
503 540 575 569 aeris
593 539 703 569 habet.
723 548 751 567 v.
769 540 869 567 (ii-on.
884 541 968 566 best.

232 583 278 612 iii.
300 583 347 613 16.
372 589 411 613 ut
428 583 606 618 Classicus,
619 583 675 621 qui
693 583 725 611 in
742 582 850 621 prima
866 580 968 610 classe

231 631 391 663 censetur,
410 637 486 656 cum
504 627 607 657 etiam
624 626 727 655 ceteri
744 627 826 655 censi
846 625 911 654 sint
934 630 969 653 et

232 670 374 706 classici,
387 670 452 700 huc
470 680 535 700 non
553 671 713 709 pertinet,
727 674 764 699 ut
781 669 893 698 docuit
910 668 968 697 Pe-

232 714 336 744 rizon.
353 713 392 743 de
409 714 497 753 Lege
514 714 673 744 Voconia.

281 758 466 788 Cbntesimoe
487 759 561 798 (int.
583 762 692 797 partes
713 753 838 797 s‹›rtis,)
858 764 967 784 usurae

231 806 324 838 sunt,
341 811 416 830 cum
436 800 559 841 singuli
577 811 663 830 asses
682 800 716 829 in
739 809 889 829 mensem
907 798 971 828 sol-

233 850 360 875 vuntur
374 855 432 885 pro
451 846 614 882 centenis,
636 844 725 874 unde
743 843 830 872 fiunt
846 842 970 872 duode-

232 889 266 918 ni
285 889 317 918 in
336 899 473 918 annum.
491 889 634 918 Gronov.
650 888 689 917 (le
704 887 838 917 Centes.
851 891 885 915 et
899 886 969 916 Un-

234 932 293 961 ciis
311 932 409 962 Usur.
426 943 458 972 p.
476 935 551 963 481.
568 933 641 963 631.
657 933 731 962 632.
750 930 836 970 inpr.
854 930 893 959 de
911 931 967 959 Se-

232 980 327 1005 stert.
344 976 390 1006 iii.
410 979 459 1006 13.
476 976 568 1006 Verr.
586 976 632 1005 iii.
651 978 702 1009 70.
725 975 904 1004 centesimis
920 974 968 1003 bi-

233 1020 283 1049 nis
307 1019 472 1049 foenerari.
491 1021 512 1049 i.
529 1030 557 1049 e.
575 1019 721 1058 acceptis
737 1018 864 1047 duobus
888 1018 967 1047 assi-

231 1062 291 1092 bus
307 1073 363 1102 pro
377 1064 527 1093 centenis
543 1064 575 1092 in
591 1062 737 1101 singulos
751 1071 892 1091 menses.
904 1072 966 1091 un-

232 1106 272 1135 de
288 1106 384 1136 facile
407 1106 550 1146 intelligi
571 1111 694 1146 potest,
713 1115 787 1144 quae
809 1105 878 1135 sint
898 1111 965 1135 ter-

232 1160 282 1179 nae
302 1155 335 1179 et
352 1156 522 1189 quaternae
539 1151 725 1180 centesimae.
754 1149 856 1178 Attio.
874 1149 914 1178 vi.
938 1152 963 1179 l.

230 1195 261 1224 52.
287 1193 365 1223 ibid.
394 1197 419 1223 1.
453 1194 526 1224 dico
551 1204 604 1223 me
632 1194 820 1223 centesimas
844 1192 964 1222 ductu-

229 1247 317 1266 rum.
349 1237 428 1267 ibid.
455 1248 485 1267 V.
515 1240 566 1268 (ΖΙ.
598 1239 776 1267 centesima?
803 1244 964 1276 perpetuo

228 1281 354 1310 foenore
368 1281 549 1311 ducuntur.
567 1281 726 1317 reclinem,
740 1281 888 1320 passiren
902 1281 964 1310 las-

228 1334 301 1361 sen,
318 1325 357 1354 de
375 1330 515 1365 praetore
533 1324 740 1365 provinciali,
758 1324 846 1364 apud
863 1334 962 1363 quem

230 1368 302 1407 quis
332 1369 535 1408 syngraphas
563 1369 784 1408 persequitur.
816 1368 894 1397 ibid.
922 1369 963 1398 vi.

231 1415 260 1444 9.
285 1414 462 1443 centesima?
486 1418 657 1452 perpetuae
680 1416 772 1449 sunt,
788 1422 864 1441 cum
882 1411 964 1449 adji-

231 1456 369 1485 ciuntur
392 1457 571 1495 quotannis
595 1456 689 1492 sorti,
707 1457 778 1485 sine
798 1457 964 1485 anatocis-

230 1509 295 1529 110.
315 1499 562 1539 Interpretatur
573 1500 641 1539 ipse
660 1500 776 1529 Cicero
793 1499 870 1529 ibid.
888 1501 965 1529 Sca-

228 1543 319 1582 ptius
336 1545 526 1581 centesimis,
540 1549 699 1573 renovato
708 1543 780 1573 NB.
797 1544 829 1572 in
848 1543 963 1582 singu-

227 1587 275 1616 los
300 1597 403 1617 annos
427 1587 565 1624 fcenore,
582 1593 760 1617 contentus
780 1596 846 1616 11011
864 1591 963 1617 esset.

228 1629 272 1660 Iis
299 1636 517 1670 opponuntur
543 1631 683 1661 ibidem:
713 1632 891 1661 centes-imm
914 1641 964 1660 re-

228 1679 359 1703 novatae
377 1674 448 1705 NB.
473 1676 673 1713 quotannis:
701 1674 764 1704 Sed
786 1676 962 1705 centesimis

227 1717 335 1748 ductis
362 1729 399 1748 ex
425 1719 577 1758 proxima
599 1718 733 1758 quidem
759 1718 960 1758 syngrapha,

227 1770 287 1791 nec
305 1762 487 1801 perpetuis,
504 1763 561 1792 sed
584 1762 751 1792 renovatis
769 1763 960 1801 quotannis.

225 1805 290 1834 vid.
308 1805 451 1836 Gronov.
469 1806 624 1836 Mantiss.
642 1806 716 1836 Pec.
739 1805 814 1836 Vet.
834 1816 865 1846 p.
884 1809 959 1837 414.

225 1850 244 1866 ²*
266 1848 461 1886 Centesimoe,
489 1850 528 1880 de
559 1850 678 1889 quibus
709 1849 852 1886 dictum,
880 1855 959 1880 sunt

224 1893 368 1932 vectigal
383 1894 552 1933 privatum
568 1905 573 1922 ε
600 1893 640 1923 ab
656 1893 707 1923 his
725 1893 835 1923 differt
857 1898 960 1923 ceme-

223 1937 320 1974 eima,
349 1947 421 1976 quae
453 1945 503 1967 est
534 1937 677 1976 vectigal
704 1936 887 1976 publicum.
917 1938 958 1967 ad

227 1980 320 2010 Brut.
357 1991 408 2020 ep.
449 1984 496 2011 18.
533 1980 769 2010 obdurescunt
808 1981 956 2019 quotidie

227 2024 332 2062 inagis
349 2024 427 2053 boni
443 2025 503 2054 viri
521 2025 562 2054 ad
578 2034 691 2053 vocem
708 2025 828 2054 tributi
844 2036 849 2053 :
868 2025 956 2063 quod

225 2076 265 2095 ex
281 2069 452 2097 centesima
473 2068 647 2104 collatum,
666 2068 854 2107 impudenti
879 2078 955 2097 cen-

227 2119 268 2138 su.
296 2110 516 2150 locupletum,
547 2112 582 2141 in
613 2112 754 2142 duarum
785 2112 955 2150 legionum

226 2154 370 2191 pra'niiis
394 2164 493 2184 omne
517 2156 736 2186 consumitur.
777 2155 859 2185 Haec
883 2165 955 2185 cev-

225 2198 338 2226 sesima
364 2198 504 2228 solvitur
530 2209 567 2227 ex
600 2199 696 2229 rebus
724 2198 894 2229 venalibus
921 2204 955 2229 et

225 2242 342 2270 oerario
362 2242 498 2271 militari
519 2242 673 2272 infertur.
692 2243 758 2272 vid.
774 2242 864 2282 Lips.
883 2243 956 2272 Ma-

224 2285 309 2322 gnit.
327 2285 424 2315 Rom.
442 2287 475 2316 ii.
492 2289 522 2316 4.
548 2286 691 2316 Gronov.
708 2288 792 2316 Sest.
809 2286 855 2316 iii.
877 2289 925 2316 13.

272 2329 483 2359 (cntzmwiri.
509 2330 632 2359 Caecin.
661 2333 713 2361 94.
746 2335 825 2359 sunt
854 2340 956 2359 asses-

221 2381 310 2401 sores
329 2373 450 2409 judicii
473 2375 728 2410 centumviralis,
746 2374 785 2404 de
801 2384 866 2412 quo
889 2381 956 2403 sta-

224 2415 298 2444 tim.
324 2416 374 2445 Ad
391 2419 618 2455 emananti-05,
632 2423 682 2448 est
700 2417 873 2457 injudicio
885 2428 956 2447 cen-

221 2460 403 2490 tumvirctli.

271 2503 532 2534 (amrumviralis.
559 2504 683 2534 Cret-in.
706 2507 753 2534 la.
778 2506 956 2534 centumvi-

222 2548 292 2575 ναῖε
301 2547 482 2584 judicium,
496 2548 669 2578 dicebatur
681 2559 699 2577 a
714 2558 854 2578 numero
872 2549 957 2587 judi-

223 2599 298 2619 cum
332 2591 472 2621 rotunde
504 2592 695 2621 enunciato.
724 2602 800 2621 nam
824 2593 955 2628 juclin-es

222 2639 316 2663 erant
336 2635 472 2664 omnino
490 2641 627 2665 centum
646 2640 679 2665 et
692 2636 837 2673 quinque
852 2648 858 2665 :
878 2645 954 2665 cum

224 2687 263 2706 ex
282 2677 423 2716 singulis
439 2678 591 2708 tribubus
608 2681 697 2708 terni
718 2678 955 2717 deligerentur.

221 2730 250 2749 v.
271 2720 385 2751 fastus
404 2722 435 2751 in
459 2721 869 2759 Cenmmcimliajudicia.
905 2723 955 2752 Ad

218 2764 416 2801 ejusjudicii
433 2767 604 2795 notionem
620 2766 833 2805 perum-bant
846 2776 954 2796 causae

218 2807 387 2846 plurima»,
405 2819 485 2848 quas
504 2814 680 2838 enumerat
698 2810 766 2839 ('ic.
791 2809 830 2839 de
856 2810 912 2839 Or.
935 2811 955 2840 i.

221 2854 274 2881 38.
299 2852 356 2881 sed
374 2852 526 2892 inprimis
543 2853 765 2883 hereditariae.
787 2853 826 2883 de
843 2864 882 2883 eo
900 2855 956 2893 ju-

221 2894 307 2925 dicio
336 2901 432 2927 extat
462 2895 597 2936 elegans
633 2896 764 2928 libellus
803 2897 957 2929 Sibrandi

1669 87 1749 123 215

1018 185 1156 216 Tetardi
1189 187 1349 217 Siccamae
1387 195 1523 216 recusus
1563 184 1658 216 Halae
1697 196 1753 217 an.

1025 233 1116 264 1725.
1142 240 1240 268 quem
1257 230 1322 260 vid.
1340 231 1425 270 inpr.
1448 230 1469 259 i.
1494 230 1524 259 6.
1550 229 1583 259 ii.
1610 233 1639 261 5.
1663 235 1697 259 et
1721 234 1753 261 8.

1019 283 1084 312 qno
1101 274 1210 313 capite
1229 274 1268 303 dc
1286 274 1324 303 iis
1341 274 1448 303 causis
1466 273 1506 302 ad
1524 274 1751 304 centumviros

1019 318 1102 347 actis
1127 318 1264 356 exponit
1298 317 1505 354 distinctius,
1530 327 1670 355 quarum
1700 327 1754 357 ap.

1016 362 1213 390 Ciceronem
1239 366 1289 390 est
1315 361 1456 396 mentio,
1474 360 1619 399 aliosque
1637 367 1754 390 aucto-

1016 414 1066 434 res
1098 403 1231 434 latinos.
1258 403 1336 433 hinc
1369 403 1549 443 intelliges,
1579 414 1653 443 quae
1684 405 1753 435 sint

1016 458 1124 477 causae
1141 449 1391 478 centumvir-ales
1407 447 1446 477 de
1463 450 1559 478 Orat.
1577 448 1598 477 i.
1617 451 1669 479 38.

1065 491 1238 521 Centurioe.
1255 491 1415 521 dicuntur
1431 498 1542 531 partes
1559 491 1674 531 populi
1691 496 1751 522 aut

1014 535 1191 564 exercitus.
1214 535 1303 565 Nam
1327 545 1404 564 cum
1430 535 1572 575 populus
1597 546 1616 565 a
1635 536 1749 565 Servio

1014 579 1047 608 111
1073 578 1191 608 classes
1215 588 1271 608 sex
1297 578 1481 618 descriptus
1506 584 1606 615 esset,
1628 580 1748 617 cuique

1013 622 1109 652 classi
1133 623 1235 652 etiam
1261 627 1372 652 certus
1397 631 1555 652 numerus
1582 624 1750 653 centuria-

1014 676 1088 695 rum
1102 665 1284 695 attributus
1297 670 1358 695 est.
1383 666 1500 705 Neque
1514 672 1650 696 centum
1666 677 1749 705 prat-

1014 710 1080 739 cisc
1111 709 1262 739 homines
1295 709 1445 739 continet
1466 721 1472 738 :
1512 719 1589 739 nam
1630 710 1749 739 ultima

1014 753 1140 791 classis,
1158 754 1190 782 in
1208 763 1274 792 qna
1290 753 1417 792 aliquot
1435 752 1539 783 millia
1556 753 1657 783 fuisse
1679 764 1748 784 cer-

1014 802 1087 826 tum
1112 802 1176 833 est,
1192 807 1262 827 una
1284 798 1432 827 centuria
1456 797 1660 827 continetur.
1685 798 1748 827 Sed

1013 842 1163 882 centgtria
1179 846 1229 870 est
1246 842 1406 879 cujusque
1427 841 1558 870 numeri
1580 845 1639 871 aut
1661 841 1748 871 mul-

1011 884 1167 914 titudinis
1190 894 1326 922 nomen,
1344 887 1382 914 ut
1397 884 1554 922 decuria;
1578 884 1671 915 Brut.
1695 885 1749 919 67.

1018 928 1176 958 (entem-ia>
1187 938 1302 968 paucae
1317 928 1358 957 ad
1371 927 1584 957 consulatum
1601 928 1749 959 defuere.

1013 975 1073 1001 ἀρ.
1098 982 1127 1001 ν.
1147 972 1293 1002 Comitia
1315 973 1513 1001 centuriata.
1540 972 1582 1001 ad
1604 972 1680 1002 Div.
1704 973 1748 1003 xi.

1018 1017 1065 1046 16.
1103 1026 1179 1045 cum
1204 1017 1357 1055 equitum
1385 1017 1550 1046 centurias
1574 1013 1684 1054 tenes,
1713 1017 1748 1047 in

1013 1059 1105 1098 queis
1121 1069 1251 1099 regnas,
1265 1060 1362 1089 mitte
1375 1059 1415 1088 ad
1429 1058 1564 1099 Lupum
1579 1065 1747 1098 nostrum,

1012 1107 1049 1132 ut
1082 1103 1108 1133 is
1147 1103 1240 1133 nobis
1279 1113 1333 1133 eas
1371 1105 1536 1133 centurius
1577 1104 1747 1133 conficiat.

1012 1146 1117 1177 Erant
1142 1147 1371 1186 duodeviginti
1395 1147 1548 1186 equitum
1577 1149 1745 1185 centurioe,

1011 1200 1124 1230 eaeque
1141 1190 1182 1220 ad
1199 1190 1336 1220 classem
1355 1191 1497 1230 primam
1519 1191 1746 1230 pertinebant.

1016 1234 1189 1264 (burm-ms
1212 1235 1364 1273 equitum
1390 1239 1499 1271 tenet,
1515 1236 1550 1264 in
1575 1235 1680 1273 iisque
1697 1245 1748 1265 re-

1011 1284 1106 1317 gnat,
1119 1279 1175 1317 qui
1192 1283 1242 1308 est
1260 1278 1347 1318 apud
1362 1288 1417 1308 eos
1435 1279 1612 1317 gratiosus,
1626 1279 1659 1308 in
1679 1289 1749 1308 ma-

1011 1332 1142 1361 gnaque
1171 1322 1373 1352 auctoritate
1398 1323 1617 1359 constitutus,
1637 1326 1675 1352 ut
1698 1322 1746 1352 fa-

1010 1366 1074 1395 cile
1116 1367 1187 1405 ejus
1232 1365 1507 1405 suffragationem
1553 1371 1748 1405 sequantur.

1011 1409 1184 1439 Conficere
1210 1414 1324 1439 autem
1351 1412 1516 1439 centurias
1544 1409 1657 1446 alicui,
1682 1415 1747 1447 est,

1009 1453 1131 1491 facere,
1150 1458 1187 1483 ut
1209 1463 1287 1483 eum
1311 1454 1523 1483 renuncient.
1547 1453 1694 1492 *Agma
1712 1454 1746 1483 ii.

1015 1500 1061 1528 13.
1087 1498 1120 1526 in
1146 1498 1309 1527 comitatu
1333 1502 1366 1527 et
1391 1497 1617 1527 instrumento
1639 1498 1746 1536 magi-

1008 1545 1132 1571 stratus
1146 1540 1356 1580 provincialis
1370 1545 1680 1570 commemorantur
1695 1546 1746 1570 ta-

1009 1585 1201 1621 bernacula,
1227 1586 1395 1621 eent'etrz‘oe,
1422 1584 1583 1624 supellex.
1615 1584 1748 1614 Turne-

1009 1629 1068 1658 bus
1086 1628 1304 1658 emendabat:
1323 1628 1488 1658 tentoriiS.
1509 1628 1657 1658 Graevius
1675 1638 1748 1658 sus-

1009 1672 1193 1711 picabatur,
1226 1671 1370 1711 intelligi
1401 1673 1566 1702 centurias
1596 1671 1744 1710 fabrum,

1012 1726 1119 1755 neque
1143 1722 1259 1745 tamen
1285 1715 1431 1745 multum
1449 1716 1527 1745 huic
1545 1716 1746 1755 interpreta-

1007 1760 1092 1789 tioni
1117 1760 1297 1789 tribuebat.
1322 1759 1400 1789 Non
1423 1759 1539 1798 liquet.
1566 1762 1584 1780 ¹*
1600 1759 1744 1797 Campa-

1008 1813 1066 1833 nos
1093 1805 1127 1833 in
1151 1805 1315 1833 centurias
1343 1803 1510 1833 describit.
1536 1812 1565 1833 v.
1596 1803 1746 1834 centuri-

1004 1858 1072 1877 are.

1054 1892 1258 1921 (enlm-iare.
1286 1895 1349 1927 est,
1368 1891 1402 1920 in
1428 1891 1594 1920 centurias
1618 1890 1741 1920 descri-

1005 1935 1094 1971 bere,
1123 1935 1161 1964 ad
1193 1936 1360 1965 centurius
1392 1934 1542 1973 redigere
1572 1934 1741 1972 homines,

1004 1979 1074 2009 scil.
1091 1984 1131 2009 ut
1149 1979 1308 2008 militent.
1332 1978 1402 2008 Att.
1422 1979 1486 2008 xvi.
1503 1982 1533 2011 9.
1570 1977 1743 2009 Centuriat

1005 2022 1142 2062 Capuae,
1161 2022 1354 2051 dinumerat
1370 2034 1375 2051 :
1395 2023 1468 2059 jam
1487 2022 1627 2061 jamque
1645 2021 1742 2051 video

1003 2066 1141 2096 bellum.
1167 2065 1240 2095 Liv.
1264 2066 1341 2095 xxii.
1366 2069 1418 2096 38.
1443 2066 1482 2095 de
1507 2064 1674 2104 peditibus
1692 2065 1741 2094 di-

1004 2110 1062 2147 cit,
1081 2110 1119 2139 de
1143 2110 1311 2148 equitibus
1337 2109 1519 2139 decuriare.
1539 2108 1578 2138 ad
1595 2108 1690 2147 Quir.
1707 2119 1740 2148 p.

1004 2153 1084 2183 Red.
1104 2157 1133 2184 5.
1160 2163 1237 2182 cum
1260 2154 1442 2183 eenturiarz‘
1462 2152 1614 2181 homines
1640 2152 1739 2182 vidis-

1000 2207 1070 2227 sem
1089 2197 1149 2228 &c.
1175 2196 1214 2226 de
1232 2196 1361 2233 Clodio,
1374 2197 1429 2235 qui
1446 2196 1597 2225 homines
1614 2196 1741 2235 plebei-

1001 2251 1050 2278 os,
1074 2250 1184 2270 servos
1215 2241 1432 2277 convocabat,
1457 2240 1490 2269 in
1522 2239 1654 2269 ordines
1683 2239 1740 2269 de-

1001 2285 1179 2320 scribebat,
1197 2288 1235 2313 ut
1251 2289 1442 2323 pugnarent
1465 2288 1583 2312 contra
1607 2283 1740 2313 Cicero-

1003 2338 1094 2366 nem,
1111 2329 1138 2358 si
1155 2328 1308 2358 resistere
1324 2328 1388 2367 legi
1411 2331 1444 2357 et
1466 2326 1580 2357 Romae
1602 2336 1739 2357 manere

1000 2372 1112 2402 vellet.

1051 2416 1273 2452 (enturintus,
1288 2425 1318 2451 a,
1328 2424 1400 2450 um,
1416 2414 1554 2443 comitia
1569 2416 1738 2445 centuria-

1001 2464 1036 2489 ta
1054 2464 1132 2489 sunt
1149 2470 1165 2488 c
1183 2459 1286 2488 Servii
1301 2457 1405 2487 Tullii
1422 2458 1592 2494 instituto,
1608 2459 1643 2487 in
1665 2459 1738 2496 qui-

1000 2503 1061 2532 bus
1075 2509 1133 2532 aut
1149 2503 1238 2542 leges
1256 2512 1275 2531 a
1290 2502 1542 2540 magistratibus
1555 2502 1737 2540 majoribus

1000 2547 1167 2583 feruntur,
1185 2552 1243 2576 aut
1267 2546 1483 2584 magistratus
1509 2546 1663 2584 maiores,
1681 2555 1738 2575 ex-

1002 2591 1106 2629 ceptis
1120 2591 1270 2620 :edilibus
1287 2589 1470 2625 curulibus,
1485 2592 1651 2619 creantur.
1676 2589 1738 2619 Di-

1002 2642 1125 2663 cuntur
1148 2635 1208 2670 ita,
1225 2634 1305 2672 quia
1328 2631 1469 2672 populus
1491 2643 1550 2672 per
1571 2633 1738 2662 centurias

1000 2677 1159 2715 suffragia
1171 2678 1235 2706 fert
1248 2688 1288 2706 nx
1301 2676 1415 2705 ordine
1433 2675 1602 2712 classium,
1616 2676 1736 2706 deinde

1001 2729 1074 2760 post
1092 2722 1360 2759 pra‘rogativam,
1377 2719 1416 2748 (10
1437 2730 1503 2757 qua
1518 2729 1577 2749 suo
1598 2720 1683 2756 loco,
1701 2721 1736 2750 111

1001 2764 1160 2794 classibus
1185 2775 1224 2794 ex
1248 2764 1362 2793 ordine
1389 2773 1407 2791 a
1431 2763 1543 2792 Servio
1564 2764 1737 2801 instituto,

1001 2808 1088 2838 unde
1108 2811 1184 2846 ¹iurc
1202 2811 1325 2837 vocatae.
1343 2807 1514 2836 dicuntur.
1532 2806 1601 2836 Cur
1615 2807 1649 2836 in
1667 2817 1739 2836 cen-

1000 2854 1133 2882 turiatis
1148 2853 1249 2881 etiam
1266 2851 1416 2880 tribuum
1435 2851 1576 2890 mentio,
1589 2850 1689 2890 iufra,
1702 2851 1738 2882 in.

998 2895 1142 2926 Tributa
1158 2895 1316 2933 Comitia,
1333 2893 1517 2925 docebitur.

1042 2948 1061 2970 P
1077 2942 1098 2971 4
