1985 3206
735 87 816 116 1ND
822 86 881 115 Ex
915 87 940 114 L
948 87 1214 116 ATlNl'rA'rls.

259 175 422 210 Balbueio.
447 175 488 206 de
504 176 556 214 iis,
574 176 630 216 qui
653 176 732 206 satis
757 175 857 212 clarc,
874 185 948 215 quae

216 222 381 257 nentiunt,
410 219 519 250 dicere
550 220 682 250 nolunt.
711 220 812 250 Tuse.
839 230 867 249 v.
895 221 947 250 ⁶26.

215 265 369 295 desinant
397 264 558 293 balbutire
587 263 792 300 Academici,
820 267 948 302 aperte-

214 318 278 347 que
293 311 327 337 et
339 306 428 337 clara
444 317 522 336 voce
539 307 685 336 audeant
700 307 819 336 dicere.
844 307 896 336 Sic
914 311 948 336 et

215 351 347 381 videtur
365 350 430 380 dici
454 350 554 380 Acad.
571 350 614 380 iv.
631 353 684 380 45.
719 351 737 367 ’ᾗ
751 350 836 379 male
854 351 947 389 inep-

212 399 313 433 teque
341 394 474 424 dissero.
521 394 633 423 Divin.
667 394 687 423 i.
713 397 744 424 3.
783 394 947 434 Epicurus

215 439 392 468 balbutiens
409 437 448 467 de
466 437 597 466 Natura
612 438 773 467 Deorum.

259 482 455 518 Balnearia,
467 482 596 511 baluece.
612 480 651 519 Ω.
666 480 717 510 Fr.
731 481 776 510 iii.
794 483 859 510 l.l.
874 479 946 509 Att.

215 526 284 555 xiii.
301 528 353 559 ⁶29.

257 569 439 600 Barbaria.
466 567 522 598 Or.
536 568 557 597 i.
572 568 624 597 ⁶26.
642 567 712 597 haec
728 568 880 598 har-haria
898 567 943 596 so-

213 613 318 642 rensis
335 612 391 641 dat
416 611 527 641 locuni
545 610 597 640 x-‹el
621 611 840 640 vitiosissimis
864 613 947 641 Ora-

213 656 352 686 toribus.
378 655 410 685 h.
428 665 456 684 e.
473 655 581 685 turbas
598 654 736 684 forensis
752 655 896 684 inscitia..

257 700 474 730 Barbalulus.
498 699 569 728 Att.
595 699 614 727 i.
642 701 688 728 14.
705 698 847 735 juvenes
873 699 946 728 bar-

214 743 318 773 batuli
344 743 601 772 concursabant.
637 752 682 771 se.
711 742 768 780 qui
795 741 945 771 nondum

212 786 411 823 tondentur,
430 787 485 825 qui
506 786 698 825 lanuginem
725 785 874 815 nondum
892 786 947 814 de-

215 840 366 871 posuere.
390 840 420 859 ν.
440 831 606 859 ὁηνῦαῐιιε.

261 874 442 905 Barbatus.
467 874 507 903 de
519 874 656 912 juvene,
675 872 731 911 qui
749 872 945 912 lanuginem

216 918 364 947 nondum
394 918 560 957 deposuit.
593 916 693 946 Catil.
719 917 752 946 ii.
785 919 832 947 lo.
865 926 945 954 quos

216 967 275 991 aut
292 962 454 991 imberbes
471 966 530 990 aut
555 961 637 990 bene
656 961 802 990 barbatos
816 959 944 989 vidctis.

216 1004 257 1034 cf.
277 1005 356 1035 Coel.
378 1007 425 1034 14.
455 1005 506 1033 Sic
524 1009 558 1033 et
576 1004 684 1033 Plaut.
703 1004 777 1033 Cas.
796 1004 828 1033 ii.
847 1008 876 1034 8.
893 1006 946 1033 ⁴25.

216 1051 234 1069 ’ἒ
249 1048 288 1077 de
313 1049 460 1086 antiquis
485 1048 656 1083 Romanis,
675 1049 730 1086 qui
755 1047 889 1076 barbani
912 1057 947 1076 a-

215 1090 329 1121 lebant
344 1104 353 1129 ,
380 1091 467 1130 quod
482 1092 610 1120 factum
629 1091 668 1120 ad
685 1101 713 1120 a.
727 1091 767 1120 U.
786 1098 946 1120 ccchlv.

215 1145 280 1174 quo
296 1141 447 1174 tempore
465 1135 592 1174 primus
610 1134 786 1163 Africanus
809 1134 945 1163 barbani

213 1179 337 1219 posuit.
384 1178 471 1208 Nam
495 1189 534 1207 eo
558 1187 646 1207 anno
670 1178 814 1217 primum
832 1182 946 1206 tonso-

214 1231 265 1253 res
289 1222 430 1252 Romam
459 1222 598 1251 adduxit
622 1232 639 1250 e
666 1221 779 1251 Sicilia
806 1221 840 1251 P.
856 1221 947 1250 Tici-

216 1266 290 1296 nius
319 1266 433 1301 Meno,
449 1271 489 1295 ut
517 1271 567 1294 est
592 1275 643 1304 ap.
667 1266 760 1296 Varr.
787 1265 824 1294 R.
848 1264 887 1294 R.
911 1265 945 1294 ii.

219 1313 267 1340 11.
305 1309 394 1339 Mur.
430 1311 477 1339 1⁶2.
513 1310 654 1339 barbatis
685 1308 749 1338 illis
779 1309 945 1338 Veteribus

215 1352 356 1383 ridicula
396 1353 605 1383 videbantur.
646 1352 686 1382 de
718 1353 788 1382 Fin.
819 1353 860 1381 iv,
894 1354 947 1382 23.

216 1396 304 1435 quod
327 1397 456 1435 antiqui
480 1397 541 1434 illi,
558 1397 651 1435 quasi
676 1397 816 1432 barbati,
831 1400 870 1425 ut
888 1406 946 1425 nos

216 1441 256 1470 de
284 1442 405 1470 nostris
429 1440 573 1470 solemus
599 1440 720 1476 dicere,
744 1439 947 1470 crediderint

214 1485 275 1514 dcc.
309 1486 326 1504 *Ψ
339 1484 379 1513 ad
396 1484 466 1514 Att.
484 1485 518 1514 ii.
539 1487 564 1513 l.
589 1483 684 1513 mulli
703 1484 840 1514 barbuti.

259 1528 364 1564 Baro,
393 1527 492 1557 honio
523 1527 688 1567 stupidus.
726 1527 795 1557 Fin.
827 1527 861 1556 ii.
893 1528 946 1558 93.

211 1581 275 1602 nos
304 1571 436 1601 barones
461 1576 647 1611 stupemus.
678 1571 719 1600 cf.
745 1571 819 1601 Div.
844 1571 877 1600 ii.
893 1574 946 1604 70.

215 1615 286 1645 Att.
303 1625 331 1645 V.
354 1618 402 1645 11.
426 1614 524 1655 Apud
549 1615 727 1644 Patronem
751 1619 785 1644 et
802 1614 945 1652 reliquos

216 1659 347 1689 barones
357 1662 391 1688 te
408 1659 443 1688 in
462 1659 608 1688 maxima
623 1659 730 1697 gratia
746 1658 838 1698 posui
852 1670 861 1696 3
880 1668 945 1696 qno

214 1701 287 1733 loco
304 1701 390 1732 male
406 1701 560 1732 Nizolius
577 1703 742 1742 principes
760 1712 805 1731 sc.
824 1701 947 1742 Epicu-

215 1754 279 1776 reae
302 1751 402 1776 sectae
425 1746 569 1786 intelligi
593 1745 736 1783 volebat,
753 1755 853 1784 quam
877 1746 945 1775 vim

216 1788 305 1829 apud
327 1795 453 1819 veteres
478 1790 540 1820 hoc
561 1790 696 1819 verbum
722 1799 789 1819 non
817 1789 946 1819 hahuit.

215 1832 356 1863 Jocandi
379 1843 479 1863 causa
505 1834 553 1863 ita
578 1833 758 1873 Epicureos
786 1833 827 1862 ad
857 1832 946 1862 Atti—

215 1886 292 1908 cum
319 1876 491 1917 Epicureis
517 1878 685 1907 faventem
712 1877 858 1906 scribens
889 1886 947 1916 ap-

215 1919 332 1960 pellat,
351 1925 387 1950 ut
406 1921 440 1950 in
454 1920 595 1961 epistola
610 1921 651 1950 ad
670 1921 797 1950 Paetum
813 1920 854 1950 ad
870 1921 946 1950 Div.

215 1964 260 1994 ix.
285 1965 338 1996 26.
383 1964 466 2003 Quae
498 1970 611 1994 autem
647 1964 701 1994 hic
733 1964 771 1993 de
804 1963 944 1993 muliere

216 2007 359 2046 quadam
374 2008 505 2038 Barone
526 2007 662 2047 qnidam
687 2008 947 2038 comminiscun-

214 2056 284 2087 tur,
301 2051 395 2081 nihili
412 2057 502 2081 sunt.

261 2095 423 2125 Basilieoe.
449 2095 599 2125 Porticus
620 2095 812 2134 grandiores
827 2100 861 2125 et
878 2105 950 2125 ma·

217 2137 361 2176 gnificae‚
379 2139 566 2176 cujusmodi
588 2146 684 2169 erant
706 2139 774 2168 fere
795 2139 883 2169 circa
898 2138 947 2168 fo-

217 2191 266 2217 ra,
290 2182 345 2211 ubi
369 2182 517 2221 posthaec
534 2184 636 2212 etiam
655 2183 784 2222 judicia
801 2184 946 2213 exerceri

216 2225 326 2262 Solita,
343 2225 489 2263 theatra,
508 2226 647 2266 templa.
693 2226 872 2256 Suetonius
896 2236 947 2256 re-

217 2269 287 2307 gias
309 2274 415 2306 vocat,
432 2269 518 2309 Aug.
534 2273 585 2301 31.
610 2271 691 2300 item
716 2271 842 2300 Statius
867 2271 945 2300 Silv.

215 2313 237 2341 i.
257 2315 283 2342 l.
299 2314 350 2343 22.
373 2313 528 2349 βασιλικὴν
543 2313 610 2346 eodm
634 2314 755 2344 diserte
774 2314 896 2344 Zosim.
915 2324 945 2344 V.

215 2358 247 2386 ΣΞ.
271 2355 341 2386 Jos.
356 2356 395 2386 A.
413 2367 464 2386 xV.
485 2360 534 2387 21.
553 2361 583 2388 5.
623 2358 667 2388 Et
682 2358 728 2387 sic
746 2359 839 2387 numi
862 2359 946 2387 Pau-

215 2398 237 2429 li
256 2400 460 2439 exprimunt.
491 2400 585 2431 Verr.
603 2402 644 2432 iv.
662 2405 692 2432 3.
709 2401 819 2431 forum
837 2412 874 2431 ac
893 2403 947 2432 ba-

213 2444 321 2474 silicas
346 2454 476 2474 ornare.
508 2444 549 2474 cf.
577 2455 606 2476 V.
635 2449 686 2476 58.
732 2444 806 2474 Alio
831 2451 945 2475 autem

215 2485 288 2516 loco
310 2487 344 2517 in
367 2487 514 2518 Verm'nis
541 2489 661 2518 statuis
685 2494 842 2518 ornatum
866 2489 948 2518 dici-

214 2534 272 2560 tur
288 2530 484 2561 Comitium.
516 2532 605 2562 Mur.
624 2535 675 2563 34.
699 2534 725 2562 si
751 2533 849 2563 unius
865 2534 947 2563 basi-

216 2575 285 2604 lica>
301 2575 409 2614 spatio
425 2575 654 2605 honestamur.
687 2575 728 2605 ad
748 2576 818 2606 Att.
835 2577 876 2606 iV.
898 2577 946 2607 16.

215 2618 380 2648 basilicam
400 2619 434 2648 in
457 2618 528 2649 foro
549 2627 674 2649 texere.
698 2619 739 2649 ad
756 2620 826 2649 Att.
844 2621 877 2650 ii.
899 2623 947 2650 14.

216 2661 400 2693 Basilicam
423 2662 541 2700 habeo,
559 2673 625 2693 non
649 2663 776 2700 villam,
794 2663 948 2703 frequen-

213 2705 264 2735 tia
281 2705 546 2736 Formianorum.

260 2748 380 2779 Rama.
405 2749 447 2779 ad
460 2750 537 2780 Div.
555 2750 598 2779 ix.
614 2751 668 2782 2⁶2.
692 2751 808 2788 batem,
825 2751 948 2790 inquit,

214 2791 441 2832 impudenter,
455 2793 564 2834 depsit
581 2793 688 2823 multo
705 2794 946 2833 impudentius.

215 2835 255 2865 de
273 2837 364 2866 coitu
381 2837 517 2875 dicitur,
533 2841 685 2867 sumtum
708 2848 726 2867 e
750 2837 948 2876 gladiatoria

215 2884 287 2910 arte
313 2880 464 2921 verbum,
481 2880 518 2911 in
541 2890 608 2920 qua
634 2880 713 2920 quid
739 2881 796 2919 sit,
811 2882 947 2913 rudibus

1648 77 1728 114 205

993 176 1137 211 batuere,
1154 175 1252 205 docet
1268 173 1397 214 Lipsius
1414 175 1549 204 Saturn.
1566 173 1587 202 i.
1611 176 1658 203 15.

1038 218 1151 248 Beate.
1177 219 1248 249 Fin.
1266 228 1296 248 V.
1313 221 1365 252 2³9.
1391 222 1428 248 ut
1444 217 1542 253 bene,
1560 217 1606 247 sie
1624 217 1728 247 etiam

994 263 1091 292 beate.

1034 306 1198 336 Benlitas.
1234 305 1404 335 bertlilmlo.
1445 311 1626 342 utrumque
1656 313 1729 334 ver-

990 349 1069 379 bum
1088 349 1210 379 durum
1220 349 1354 386 judicat
1370 348 1449 378 Nat.
1465 348 1508 377 D.
1527 348 1548 377 i.
1567 350 1618 377 34.

1035 393 1172 424 Beatus.
1196 393 1334 422 otiosus.
1369 392 1463 422 Orat.
1488 391 1522 420 ii.
1550 394 1603 421 33.
1638 390 1729 421 Mur.

994 438 1042 466 12.
1068 446 1109 465 ne
1135 446 1169 465 se
1194 437 1322 466 beatum
1352 440 1460 476 putet.
1495 434 1628 464 *dives
1654 434 1727 464 lnv.

992 480 1026 510 ii.
1054 483 1081 510 l.
1114 480 1319 509 Crotoniatae
1344 478 1619 518 cuni—inprimis
1644 479 1727 508 beuti

992 523 1261 553 nominarentur.
1292 522 1372 552 Nat.
1396 523 1438 552 D.
1463 523 1509 552 iii.
1533 524 1584 552 33.
1609 522 1727 551 civitas

991 568 1185 597 beatissima.

1035 611 1139 641 Belle.
1170 610 1242 640 Att.
1268 610 1309 639 vi.
1338 612 1365 640 1.
1391 610 1468 639 belle
1491 610 1652 639 curiosus.
1684 608 1727 639 ad

991 654 1066 684 Div.
1091 655 1154 683 xvi.
1175 657 1206 684 4.
1231 654 1399 683 bellissime
1423 653 1629 691 navigamus
1661 653 1727 683 xiv.

993 701 1043 728 14.
1069 698 1235 727 bellissime
1252 707 1385 727 mecum
1410 706 1480 726 esse
1501 697 1665 735 poteritis.
1691 696 1723 727 h.

990 751 1018 771 c.
1037 741 1316 771 commodissime.
1339 741 1411 770 Att.
1429 741 1469 769 iv.
1492 741 1539 770 lo'.
1555 740 1626 770 haec
1644 751 1726 779 quo-

992 785 1089 814 modo
1113 785 1202 814 fers?
1231 785 1307 816 belle
1334 784 1480 814 hercule.
1506 784 1526 814 i.
1544 794 1572 813 e.
1599 790 1636 813 ut
1658 788 1727 814 sta-

989 829 1052 858 tim
1071 829 1139 869 ipse
1158 829 1414 868 interpretatur,
1427 827 1535 857 facile.
1560 827 1640 857 ibid.
1656 829 1725 857 xiii.

991 876 1043 902 33.
1065 871 1186 901 cecidit
1203 873 1292 906 belle,
1309 873 1331 901 i.
1345 883 1373 901 e.
1390 871 1522 908 festivo,
1539 871 1658 911 lepide.
1683 871 1725 902 cf.

991 918 1046 945 Or.
1062 917 1108 945 iii.
1123 917 1175 945 2²6.
1189 916 1264 946 init.
1282 916 1365 946 bene
1382 920 1416 945 et
1434 915 1590 955 praeclare
1609 925 1726 954 quam-

991 960 1037 988 vis
1056 960 1149 988 nobis
1174 970 1260 999 saepe
1287 960 1431 995 dicatur,
1449 960 1526 989 belle
1550 964 1584 988 et
1607 960 1724 989 festive

991 1004 1132 1032 nimium
1149 1012 1236 1042 saepe
1255 1003 1340 1033 nolo.
1360 1003 1460 1033 Petit.
1476 1012 1564 1033 cons.
1585 1005 1630 1032 11.
1649 1004 1726 1033 belle

992 1046 1182 1085 neg-andum
1203 1054 1267 1083 est,
1285 1052 1325 1077 ut
1348 1047 1557 1076 demonstres
1582 1047 1726 1076 necessi-

990 1091 1157 1127 tudinem,
1187 1090 1342 1120 ostendas
1375 1100 1476 1129 quam
1508 1090 1647 1120 moleste
1677 1090 1725 1120 fe-

993 1144 1057 1169 ras,
1073 1133 1145 1163 aliis
1172 1139 1207 1163 te
1234 1134 1267 1164 id
1294 1134 1390 1164 rebus
1416 1138 1628 1164 exsarturum
1653 1144 1725 1164 esse

991 1178 1188 1218 persuadeas
1207 1190 1213 1206 ε
1255 1188 1294 1207 ex
1330 1178 1448 1216 quibus
1489 1178 1593 1207 Verbis
1632 1178 1725 1217 ipsis,

991 1221 1070 1261 quid
1085 1221 1128 1251 sit
1145 1221 1176 1250 h.
1194 1221 1215 1251 l.
1233 1222 1323 1259 belle,
1338 1222 1434 1251 facile
1451 1221 1664 1261 intelligitur.

1036 1265 1161 1296 Bellus.
1186 1265 1346 1304 urbanus,
1363 1265 1543 1303 humanm,
1561 1266 1617 1304 qui
1634 1265 1724 1295 dolo-

990 1319 1059 1338 rem
1089 1309 1297 1339 dissimulare
1322 1314 1432 1349 potest
1457 1309 1517 1339 &c.
1547 1309 1618 1339 Att.
1645 1310 1666 1340 i.
1697 1313 1724 1340 l.

992 1353 1106 1382 durius
1131 1353 1280 1392 accipere
1304 1354 1391 1383 Visus
1415 1357 1478 1390 est,
1495 1363 1595 1391 quam
1615 1352 1724 1383 homi-

992 1405 1050 1426 nes
1077 1397 1148 1426 bellz‘
1173 1396 1293 1426 solent.
1331 1397 1374 1427 ib.
1399 1407 1428 1427 v.
1457 1400 1504 1427 10.
1535 1396 1605 1426 fero
1631 1397 1723 1427 fron-

990 1445 1025 1469 te
1057 1450 1094 1470 ac
1117 1439 1215 1470 vultu
1246 1441 1427 1477 bellissime,
1451 1441 1508 1470 sed
1538 1450 1644 1480 angor
1672 1441 1723 1471 in-

990 1485 1083 1514 timis
1108 1484 1270 1514 sensibus.
1301 1484 1476 1524 *lepidum
1504 1483 1648 1524 elegans.
1681 1485 1723 1515 ad

991 1528 1067 1558 Div.
1086 1529 1148 1557 xiv.
1166 1532 1195 1562 7.
1224 1529 1340 1558 Cicero
1364 1529 1566 1560 bellissimus.
1599 1531 1617 1549 ⁷¹·
1632 1538 1724 1558 com·

993 1572 1123 1609 modim,
1142 1572 1331 1611 probabilis.
1363 1572 1404 1602 ad
1430 1572 1508 1603 Div.
1536 1572 1579 1602 ix.
1604 1574 1634 1602 2.
1661 1574 1724 1603 bel-

992 1616 1059 1645 lum
1077 1625 1160 1651 esse,
1180 1615 1289 1654 aliquo
1307 1616 1406 1645 exire.
1434 1615 1504 1646 Att.
1523 1626 1571 1645 XV.
1592 1619 1641 1646 11.
1660 1617 1723 1646 bel-

991 1661 1024 1689 la
1042 1659 1129 1698 juris
1153 1659 1299 1689 licentia.
1332 1659 1416 1690 Phil.
1433 1670 1463 1689 x.
1481 1663 1511 1694 7.
1535 1660 1615 1690 satis
1641 1661 1723 1690 bella

992 1703 1099 1732 affert.
1130 1703 1198 1732 *de
1222 1713 1273 1740 eo,
1290 1703 1347 1742 qui
1371 1714 1388 1733 e
1408 1703 1523 1734 morbo
1539 1703 1723 1742 convaluit,

991 1747 1031 1776 ad
1049 1747 1124 1777 Div.
1140 1747 1206 1776 xvi.
1228 1750 1275 1778 18.
1293 1748 1354 1777 ἅτ’.

1034 1790 1136 1821 Bene.
1160 1790 1265 1821 valde.
1295 1791 1367 1821 Att.
1384 1801 1415 1820 x.
1441 1791 1489 1821 16.
1515 1791 1588 1821 bene
1612 1801 1722 1823 mane.

990 1834 1084 1864 verr.
1101 1834 1133 1863 ii.
1151 1838 1202 1868 70.
1228 1836 1302 1864 bene
1317 1834 1467 1874 penituS.
1489 1838 1506 1856 *t
1520 1834 1620 1865 Tusc.
1632 1835 1653 1866 i.
1669 1839 1722 1866 35.

993 1878 1149 1918 Pompeio
1166 1880 1282 1908 mellus
1297 1884 1347 1909 est
1364 1878 1504 1909 factum.
1520 1879 1540 1909 i.
1557 1889 1586 1908 e.
1604 1888 1724 1909 conva-

990 1921 1065 1952 luit.
1098 1924 1117 1943 2*
1129 1922 1230 1953 laute.
1254 1922 1326 1953 Fin.
1342 1922 1375 1952 ii.
1392 1925 1422 1954 8.
1448 1923 1517 1953 Hos
1535 1932 1596 1961 ego
1613 1926 1721 1954 asotos

993 1966 1067 1995 bene
1093 1965 1228 2004 quidem
1254 1966 1363 1996 Vivere
1387 1966 1540 2004 dixerim,
1564 1971 1597 1996 at
1625 1967 1723 1997 beate

992 2019 1176 2048 numquam
1194 2010 1346 2040 dixerim.
1376 2010 1454 2040 ibid.
1479 2011 1552 2040 bene
1567 2019 1709 2041 coenare.

1036 2053 1239 2094 Beneficium
1262 2053 1435 2092 eleganter
1456 2053 1580 2083 dicitur
1602 2054 1642 2083 de
1665 2054 1725 2084 ho-

994 2097 1097 2134 mine,
1136 2098 1190 2135 qui
1230 2107 1250 2127 a
1288 2097 1482 2137 provinciali
1521 2098 1722 2137 magistratu

991 2141 1248 2170 commendatur
1273 2146 1308 2171 et
1335 2141 1505 2179 laudatur,
1534 2145 1573 2171 ut
1598 2146 1657 2171 aut
1683 2152 1723 2172 eo

990 2184 1121 2214 facilius
1146 2185 1287 2214 honores
1311 2185 1346 2215 in
1371 2185 1542 2225 republica
1557 2195 1576 2215 a
1598 2186 1723 2225 populo

991 2228 1087 2258 Rom.
1115 2234 1351 2267 consequatur,
1377 2234 1435 2259 aut
1462 2229 1497 2259 in
1515 2228 1722 2268 Judiciorum

991 2272 1146 2311 periculis
1170 2272 1373 2303 sublevetur.
1418 2273 1468 2302 Ea
1490 2278 1604 2302 autem
1632 2283 1723 2303 com-

992 2315 1164 2345 mendatio
1202 2316 1289 2357 apud
1330 2317 1485 2347 aerariuni
1530 2317 1722 2356 deponitur.

992 2358 1091 2389 Art-h.
1117 2362 1147 2390 5.
1183 2360 1217 2389 in
1244 2360 1400 2400 beneficiis
1425 2360 1466 2390 ad
1488 2360 1643 2390 aerarium
1667 2360 1724 2391 de-

991 2403 1081 2432 ferri.
1107 2403 1148 2433 cf.
1175 2403 1215 2433 ad
1239 2404 1315 2434 Div.
1341 2415 1370 2434 v,
1393 2406 1445 2435 ΞΟ.
1470 2403 1562 2434 Balb.
1580 2406 1632 2435 ⁶21.
1657 2405 1722 2435 vid.

992 2446 1094 2477 Gron.
1110 2447 1150 2476 de
1172 2448 1310 2477 Sestert.
1327 2449 1372 2478 iii.
1395 2451 1442 2482 17.
1473 2450 1491 2469 ²*
1506 2448 1587 2478 Lael.
1605 2451 1658 2480 25.
1682 2448 1724 2479 ad

991 2490 1105 2530 populi
1127 2491 1314 2530 beneficium
1337 2492 1522 2521 sacerdotia
1542 2492 1723 2523 transfere-

994 2534 1126 2564 bantur.
1160 2537 1178 2555 *
1196 2535 1444 2565 commendatio
1470 2536 1554 2576 ipsa,
1581 2537 1622 2567 ad
1647 2537 1725 2568 Div.

993 2578 1060 2607 xiii.
1078 2581 1130 2608 35.
1154 2579 1211 2608 ubi
1228 2579 1292 2609 vid.
1310 2586 1382 2609 not.

1036 2621 1112 2652 Bes.
1135 2627 1211 2652 octo
1227 2623 1346 2653 uneiae.
1377 2623 1418 2652 ad
1433 2621 1505 2652 Att.
1523 2623 1563 2653 iv.
1584 2627 1633 2654 15.
1655 2624 1726 2655 1⁷oe-

993 2674 1055 2695 nus
1083 2675 1124 2695 ex
1153 2666 1279 2696 triente
1309 2666 1438 2696 factum
1469 2671 1542 2696 erat
1579 2668 1724 2700 bessibus.

993 2708 1112 2738 Foenus
1137 2709 1274 2739 bessibus
1296 2714 1359 2747 est,
1378 2720 1455 2740 curn
1472 2711 1612 2750 sing-ulis
1630 2722 1725 2742 men-

993 2753 1082 2782 sibus
1100 2763 1158 2792 pro
1175 2759 1312 2783 centum
1332 2755 1471 2790 assibuS‚
1488 2753 1621 2784 foenoris
1639 2755 1724 2794 loco,

991 2795 1167 2826 solvuntur
1197 2797 1271 2827 duae
1302 2798 1412 2828 tertiae
1452 2798 1545 2835 assis,
1577 2798 1725 2838 adeoque

992 2840 1089 2870 annis
1105 2841 1246 2879 singulis
1263 2845 1338 2871 octo
1356 2850 1443 2871 asses
1461 2851 1519 2881 pro
1534 2843 1697 2873 centenis.

1036 2883 1233 2916 Bestiarius.
1267 2894 1374 2925 genus
1405 2884 1643 2925 gladiatorum,
1667 2888 1725 2927 qui
