1985 3206
228 125 255 163 (ὁ
785 118 1165 162 PRAEFATIO

232 243 294 276 set
316 249 580 284 concessum,
603 232 737 274 inulta
759 232 936 275 fort-asse
967 234 1206 276 accuratius
1236 233 1563 291 scripsissemus,
1584 235 1720 277 multa

231 302 345 334 certe
376 294 556 349 plenius,
588 291 863 347 pluribusque
893 292 1279 343 observationibus,
1306 301 1349 332 et
1379 306 1431 333 ex
1455 292 1718 333 eruditorum

231 350 455 391 hominum
478 349 595 389 libris
619 347 822 398 collectis,
845 358 888 388 ct
910 349 1064 389 nostris
1088 349 1309 389 illustrata.
1348 349 1460 390 Nam
1482 349 1557 389 etsi
1583 349 1718 389 multa

231 407 316 448 liuc
349 406 605 462 pertinentia
636 405 895 446 habebamus
919 415 1066 446 notata
1088 407 1130 446 in
1153 406 1353 446 liturariis
1383 406 1553 455 nostris,
1576 414 1718 445 tamen

230 464 421 504 nondum
446 476 581 516 neque
603 471 723 502 crant
753 462 854 502 satis
875 477 1068 512 excussa,
1091 472 1134 503 et
1156 463 1215 502 ita
1232 463 1357 517 ‘quasi
1386 471 1566 511 matura,
1590 470 1637 501 ut
1667 461 1718 502 iis

230 522 293 561 uti
318 533 550 576 possemus,
573 532 709 574 neque
732 528 899 574 teinpus
921 520 1166 560 excutiendi
1191 519 1369 559 liberum
1389 518 1717 559 concedebatur.

233 577 444 624 Quaedam
476 577 603 616 ctiam
636 585 710 616 aut
740 577 910 625 omissa,
941 586 1015 617 aut
1045 586 1195 627 errata,
1217 577 1318 617 dum
1341 576 1480 616 obiter
1511 575 1719 629 percurri-

231 650 325 675 mus
349 634 462 675 hunc
494 626 692 682 indicem,
717 633 794 687 ipsi
819 634 1152 683 observavimus,
1174 648 1270 689 quae
1303 633 1345 673 in
1375 630 1578 672 addendis
1601 644 1719 671 com-

229 701 466 732 memorata
488 700 585 729 sunt
607 699 649 730 et
670 690 907 730 emendata..

291 748 439 789 Paullo
477 746 569 802 plus
610 746 845 801 diligentiae
888 746 1160 788 adhibuimus
1202 746 1245 787 in
1278 743 1523 787 Latinitatis
1562 742 1717 785 Indice.

234 805 348 846 Nam
379 819 477 845 cum
508 804 568 844 ita
599 803 824 854 accideret,
852 813 914 854 ut,
945 804 1161 859 exscripto
1187 803 1301 858 typis
1334 801 1554 851 historico,
1581 815 1720 841 cessa-

231 872 327 902 rent
367 876 525 918 operae,
564 861 656 916 plus
697 860 826 900 etiam
863 861 1067 916 temporis
1101 861 1193 916 ejus
1226 857 1481 900 conficiendi
1523 857 1718 899 dabatur.

235 919 484 960 Elaborax'it
518 918 619 958 olim
657 918 698 957 in
734 917 943 958 latinitate
977 917 1260 959 Ciceroniana
1295 917 1337 955 in
1372 914 1565 955 Iudicem
1600 914 1720 956 colli-

234 975 373 1028 genda
404 975 614 1026 Nizolius,
639 973 762 1029 cujus
792 974 1033 1015 Thesaurus
1065 975 1220 1030 sfepius
1250 982 1328 1024 est,
1359 985 1494 1027 nuper
1515 971 1644 1012 etiam
1675 972 1719 1012 in

232 1020 373 1084 italia,
405 1046 549 1073 curam
581 1032 720 1086 operis
752 1032 1011 1087 suscipiente
1047 1031 1304 1080 Facciolato,
1336 1043 1521 1069 recusus
1583 1027 1720 1083 Cujus

231 1090 371 1146 operis
394 1089 446 1130 de
467 1089 652 1129 utilitate
676 1103 759 1128 non
783 1098 861 1138 est,
883 1098 930 1128 ut
952 1088 1021 1128 hie
1042 1088 1177 1129 multa
1197 1088 1402 1128 dicamus.
1455 1085 1615 1126 Verum
1637 1085 1720 1127 hoc

232 1162 340 1203 opus
371 1162 456 1187 non
489 1156 575 1186 tam
607 1145 659 1185 ad
692 1145 1017 1201 intelligendum
1047 1145 1315 1194 Ciceronem,
1345 1157 1472 1198 quam
1505 1142 1557 1183 ad
1589 1141 1720 1183 latine

233 1204 444 1246 scribendi
468 1202 716 1243 facultatem
738 1212 1030 1258 comparatum
1062 1203 1242 1243 scimus:
1275 1202 1318 1241 in
1340 1215 1424 1255 qua
1446 1214 1489 1240 re
1518 1214 1719 1255 magnam

233 1261 325 1316 ejus
349 1260 578 1301 utilitatem
600 1273 689 1300 esse
713 1274 851 1315 posse,
874 1260 986 1300 idem
1018 1258 1283 1300 Pacciolatus
1308 1258 1347 1298 in
1373 1256 1626 1313 praefatione
1647 1257 1720 1296 de-

232 1327 457 1363 monstrat.
520 1316 629 1357 Illud
661 1317 804 1366 etiam,
835 1316 937 1356 dum
969 1331 1076 1371 opus
1107 1315 1365 1364 excutimus,
1396 1323 1439 1354 et
1469 1314 1512 1354 in
1543 1313 1624 1353 hoc
1655 1313 1721 1353 in-

233 1376 328 1416 dice
350 1385 496 1415 nostro
519 1373 816 1414 concinnando
839 1388 1150 1429 comparamus,
1173 1372 1352 1412 infinitis
1384 1371 1427 1411 in
1451 1370 1554 1411 locis
1576 1371 1720 1411 obser—

232 1433 442 1482 vavimus,
479 1431 523 1471 in
563 1445 673 1471 nova
704 1431 782 1470 hac
815 1431 1002 1471 editione
1036 1439 1254 1486 corruptas
1294 1429 1497 1469 lectiones
1530 1435 1720 1468 veterum

233 1489 487 1538 editionum,
526 1488 604 1528 etsi
636 1488 860 1528 doctorum
901 1487 1125 1528 hominum
1166 1501 1296 1542 opera
1333 1485 1491 1526 dudum
1535 1483 1720 1525 sublatas

234 1556 377 1587 tamen
399 1560 489 1585 esse
520 1553 719 1594 servatas,
750 1558 887 1599 neque
918 1545 970 1585 ad
1002 1544 1103 1584 illud
1130 1559 1236 1600 opus
1258 1542 1570 1584 emendandum
1600 1541 1721 1582 adhi-

233 1604 326 1644 bita
347 1617 450 1653 esse,
473 1616 569 1657 quac
602 1612 699 1656 post
730 1601 889 1642 Nizolii
915 1610 1107 1656 tempora
1137 1601 1292 1642 rectius
1324 1599 1539 1640 intellecta
1560 1606 1657 1639 sunt
1678 1607 1722 1639 et

234 1659 464 1716 explicata.
525 1658 677 1698 Multis
717 1658 870 1709 verbis,
904 1658 1133 1714 multisque
1171 1657 1364 1698 formulis
1401 1657 1548 1697 alienae
1583 1656 1637 1696 ab
1670 1655 1722 1695 iis

234 1717 354 1767 locis,
393 1731 489 1771 quae
529 1715 767 1765 laudantur,
807 1724 1039 1772 potestates
1079 1716 1337 1765 tribuuntur,
1369 1713 1524 1755 diversi
1557 1712 1721 1768 signifi-

233 1784 355 1815 catus
377 1772 712 1823 confunduntur,
735 1773 931 1826 quaedam
952 1773 1097 1823 etiam,
1115 1773 1166 1813 ad
1186 1771 1528 1828 cognoscendam
1551 1784 1720 1811 omnem

233 1830 491 1871 latinitatem
507 1829 834 1870 Ciceronianam
850 1830 1100 1879 necessaria,
1115 1830 1515 1885 praetermittuntur.
1538 1826 1619 1868 Sed
1635 1826 1722 1867 for-

234 1896 345 1928 tasse
368 1888 498 1928 etiam
529 1887 653 1926 nobis
682 1886 896 1926 interdum
927 1887 1098 1937 accidit,
1121 1901 1205 1927 non
1229 1887 1357 1927 modo
1382 1886 1478 1936 hoc,
1499 1884 1570 1925 sed
1591 1884 1721 1924 etiarn

236 1944 355 1995 illud,
389 1954 436 1995 ut
472 1943 644 1993 leviora,
676 1957 814 1998 neque
844 1944 896 1983 de
917 1943 1095 1984 consilio
1119 1953 1265 1984 nostro
1285 1953 1328 1984 et
1359 1943 1555 1984 instituto
1576 1954 1722 1981 neces-

235 2002 358 2052 saria,
381 2000 716 2041 admitteremus.
753 2000 907 2041 Verum
927 2001 1020 2055 quis
1043 2010 1120 2051 est,
1142 2002 1244 2055 quin
1268 2000 1337 2042 hic
1360 1999 1539 2041 subinde
1559 1997 1723 2039 incuria

236 2059 393 2114 aliqua,
415 2072 511 2112 qua}
545 2057 666 2097 nobis
699 2071 812 2112 saepe
843 2058 1013 2113 obrepit
1042 2073 1120 2098 nec
1151 2058 1443 2113 opinantibus,
1466 2064 1626 2112 peccet,
1648 2062 1723 2094 aut

235 2116 309 2170 qui
332 2115 531 2154 omnibus
553 2113 795 2154 satisfacere
818 2115 980 2170 possit?
1015 2114 1112 2155 Hoc
1136 2130 1308 2170 possum
1333 2130 1429 2155 vere
1449 2113 1602 2163 dicere,
1623 2126 1722 2152 cuin

238 2172 493 2213 Ciceronem
517 2187 629 2226 sirpe
654 2171 940 2226 perlegissem,
965 2182 1105 2212 tamen
1127 2172 1254 2227 hujus
1280 2172 1399 2212 latini
1423 2169 1573 2211 indicis
1595 2183 1723 2209 causa

234 2238 376 2269 totum
408 2228 635 2282 diligenter
667 2228 818 2267 iterum
849 2229 1098 2279 excussisse,
1121 2243 1351 2284 curamque
1381 2226 1639 2276 adhibuisse,
1671 2239 1723 2265 ne

236 2286 340 2341 quid
363 2285 613 2335 elaberetur,
636 2284 746 2338 quod
772 2285 913 2325 locum
937 2286 978 2325 in
1004 2286 1141 2326 indice
1164 2297 1310 2327 nostro
1333 2284 1546 2342 postulare
1566 2290 1723 2339 posset.

237 2344 320 2383 Sed
353 2342 487 2382 nihilo
510 2342 647 2382 minus
679 2341 802 2381 facile
826 2341 964 2393 video,
986 2343 1175 2398 potuisse
1205 2343 1412 2394 accidere,
1434 2351 1483 2383 ut
1511 2340 1725 2381 interdum

237 2400 396 2454 aliquid
428 2398 533 2439 mihi
567 2398 816 2439 facillimum
841 2399 1065 2450 videretur,
1089 2401 1202 2455 quod
1226 2410 1336 2441 esset
1365 2399 1457 2441 aliis
1480 2399 1723 2447 obscurum,

237 2457 452 2497 interdum
492 2465 634 2496 autem
674 2464 824 2496 contra
856 2456 1081 2511 ejusmodi,
1115 2466 1162 2498 ut
1200 2458 1358 2498 tirones
1396 2457 1440 2497 in
1478 2471 1528 2496 eo
1564 2454 1725 2495 haerere

183 2514 185 2517 ’
236 2528 360 2569 posse
393 2522 600 2568 putarem,
634 2512 675 2552 in
707 2527 792 2566 quo
824 2528 949 2553 nemo
975 2513 1149 2554 baercat.
1210 2514 1346 2569 quue
1375 2514 1497 2564 adeo,
1519 2512 1621 2553 dum
1650 2524 1726 2551 ex-

235 2579 382 2625 cerpta
404 2570 497 2610 loca
518 2570 681 2624 digero,
705 2570 866 2610 factum
887 2585 977 2610 esse
1010 2571 1052 2610 in
1083 2572 1281 2612 notandis
1312 2571 1416 2612 locis
1449 2569 1549 2611 vidi.
1610 2566 1726 2608 Mihi

236 2628 296 2667 ita
318 2627 600 2667 constitutum
623 2636 727 2676 erat,
750 2637 798 2667 ut
828 2627 994 2667 mallem
1018 2629 1215 2681 quaedam
1246 2644 1332 2669 non
1363 2628 1469 2669 adeo
1491 2624 1729 2667 necessaria

236 2685 432 2739 irrepere,
464 2699 592 2738 quam
625 2685 862 2724 necessaria
894 2684 1080 2724 excludi.
1143 2685 1252 2726 Illud
1287 2686 1432 2735 etiam,
1463 2684 1565 2725 dum
1598 2682 1728 2723 inter-

235 2752 379 2796 pretor
413 2751 573 2781 veteres
609 2750 802 2781 auctores
838 2741 1098 2791 hominibus,
1142 2757 1227 2782 non
1269 2757 1369 2782 sane
1407 2742 1513 2782 adeo
1551 2739 1728 2780 rudibus

235 2798 473 2847 latinitatis,
505 2797 737 2853 saepissime
776 2798 882 2838 mihi
922 2813 999 2838 usu
1035 2799 1164 2849 venit,
1196 2808 1243 2839 ut
1275 2814 1371 2854 quae
1411 2798 1568 2847 facilia,
1601 2805 1644 2836 et
1676 2795 1728 2835 iis

234 2855 395 2901 dudum
418 2855 594 2910 cognita
624 2863 834 2911 putaram,
859 2856 900 2896 in
923 2855 974 2896 iis
1006 2856 1211 2908 haereant,
1234 2871 1371 2912 neque
1401 2855 1503 2900 satis
1525 2853 1729 2911 distincte
