<?xml version="1.0" encoding="UTF-8"?>
<!DOCTYPE html PUBLIC "-//W3C//DTD XHTML 1.0 Transitional//EN"
    "http://www.w3.org/TR/xhtml1/DTD/xhtml1-transitional.dtd">
<html xmlns="http://www.w3.org/1999/xhtml" xml:lang="en" lang="en">
 <head>
  <title>
</title>
<meta http-equiv="Content-Type" content="text/html;charset=utf-8" />
  <meta name='ocr-system' content='tesseract 3.04.00' />
  <meta name='ocr-capabilities' content='ocr_page ocr_carea ocr_par ocr_line ocrx_word'/>
</head>
<body>
  <div class='ocr_page' id='page_1' title='image "./clavisciceronian00erneuoft/clavisciceronian00erneuoft_0141.png"; bbox 0 0 1985 3206; ppageno 0'>
   <div class='ocr_carea' id='block_1_1' title="bbox 0 1708 17 2333">
    <p class='ocr_par' dir='ltr' id='par_1_1' title="bbox 0 1708 17 2333">
     <span class='ocr_line' id='line_1_1' title="bbox 0 1708 17 2333; baseline 0 0"><span class='ocrx_word' id='word_1_1' title='bbox 0 1708 17 2333; x_wconf 95' lang='lat' dir='ltr'> </span> 
     </span>
    </p>
   </div>
   <div class='ocr_carea' id='block_1_2' title="bbox 743 151 1204 183">
    <p class='ocr_par' dir='ltr' id='par_1_2' title="bbox 743 151 1204 183">
     <span class='ocr_line' id='line_1_2' title="bbox 743 151 1204 183; baseline 0 -1"><span class='ocrx_word' id='word_1_2' title='bbox 743 153 889 182; x_wconf 67' lang='lat' dir='ltr'>INDEX</span> <span class='ocrx_word' id='word_1_3' title='bbox 922 151 1204 183; x_wconf 63' lang='lat' dir='ltr'>HIS&#39;romctJS.</span> 
     </span>
    </p>
   </div>
   <div class='ocr_carea' id='block_1_3' title="bbox 186 241 938 2981">
    <p class='ocr_par' dir='ltr' id='par_1_3' title="bbox 255 241 842 285">
     <span class='ocr_line' id='line_1_3' title="bbox 255 241 842 285; baseline 0.002 -12"><span class='ocrx_word' id='word_1_4' title='bbox 255 241 442 285; x_wconf 77' lang='lat' dir='ltr'><em>Philippus,</em></span> <span class='ocrx_word' id='word_1_5' title='bbox 459 244 566 276; x_wconf 76' lang='lat' dir='ltr'>Place.</span> <span class='ocrx_word' id='word_1_6' title='bbox 586 247 635 276; x_wconf 85' lang='lat'>18.</span> <span class='ocrx_word' id='word_1_7' title='bbox 657 243 842 275; x_wconf 73' lang='lat' dir='ltr'>Temnites.</span> 
     </span>
    </p>

    <p class='ocr_par' dir='ltr' id='par_1_4' title="bbox 209 286 938 362">
     <span class='ocr_line' id='line_1_4' title="bbox 254 286 938 327; baseline -0.001 -11"><span class='ocrx_word' id='word_1_8' title='bbox 254 286 444 327; x_wconf 70' lang='lat' dir='ltr'><em>Philippus,</em></span> <span class='ocrx_word' id='word_1_9' title='bbox 477 289 517 319; x_wconf 74' lang='lat' dir='ltr'>ad</span> <span class='ocrx_word' id='word_1_10' title='bbox 553 290 630 320; x_wconf 81' lang='lat' dir='ltr'>Div.</span> <span class='ocrx_word' id='word_1_11' title='bbox 661 288 730 318; x_wconf 89' lang='lat' dir='ltr'>xiii.</span> <span class='ocrx_word' id='word_1_12' title='bbox 754 290 806 319; x_wconf 72' lang='lat'>28.</span> <span class='ocrx_word' id='word_1_13' title='bbox 835 288 938 318; x_wconf 76' lang='lat' dir='ltr'>Lacc-</span> 
     </span>
     <span class='ocr_line' id='line_1_5' title="bbox 209 329 406 362; baseline 0.01 -2"><span class='ocrx_word' id='word_1_14' title='bbox 209 329 406 362; x_wconf 78' lang='lat' dir='ltr'>daemonius.</span> 
     </span>
    </p>

    <p class='ocr_par' dir='ltr' id='par_1_5' title="bbox 193 374 938 1801">
     <span class='ocr_line' id='line_1_6' title="bbox 254 374 936 416; baseline 0 -12"><span class='ocrx_word' id='word_1_15' title='bbox 254 374 296 404; x_wconf 94' lang='lat' dir='ltr'>L.</span> <span class='ocrx_word' id='word_1_16' title='bbox 327 374 514 415; x_wconf 75' lang='lat' dir='ltr'><em>Philippus,</em></span> <span class='ocrx_word' id='word_1_17' title='bbox 539 375 582 416; x_wconf 71' lang='lat' dir='ltr'>Q.</span> <span class='ocrx_word' id='word_1_18' title='bbox 600 375 635 405; x_wconf 81' lang='lat' dir='ltr'>F.</span> <span class='ocrx_word' id='word_1_19' title='bbox 660 386 677 405; x_wconf 83' lang='lat' dir='ltr'>e</span> <span class='ocrx_word' id='word_1_20' title='bbox 698 374 848 406; x_wconf 77' lang='lat' dir='ltr'>Marciis.</span> <span class='ocrx_word' id='word_1_21' title='bbox 872 374 936 404; x_wconf 80' lang='lat' dir='ltr'>Off.</span> 
     </span>
     <span class='ocr_line' id='line_1_7' title="bbox 210 418 937 459; baseline -0.001 -11"><span class='ocrx_word' id='word_1_22' title='bbox 210 418 244 448; x_wconf 88' lang='lat' dir='ltr'>ii.</span> <span class='ocrx_word' id='word_1_23' title='bbox 283 421 331 451; x_wconf 80' lang='lat'>17.</span> <span class='ocrx_word' id='word_1_24' title='bbox 364 419 404 459; x_wconf 98' lang='grc' dir='ltr'>Ω.</span> <span class='ocrx_word' id='word_1_25' title='bbox 444 418 543 448; x_wconf 79' lang='lat' dir='ltr'>filius.</span> <span class='ocrx_word' id='word_1_26' title='bbox 582 420 673 449; x_wconf 78' lang='lat' dir='ltr'>Sext.</span> <span class='ocrx_word' id='word_1_27' title='bbox 712 422 763 448; x_wconf 82' lang='lat'>51.</span> <span class='ocrx_word' id='word_1_28' title='bbox 800 418 937 448; x_wconf 69' lang='lat' dir='ltr'>vitricus</span> 
     </span>
     <span class='ocr_line' id='line_1_8' title="bbox 209 461 938 497; baseline 0.001 -7"><span class='ocrx_word' id='word_1_29' title='bbox 209 461 322 497; x_wconf 87' lang='lat' dir='ltr'>Gellii,</span> <span class='ocrx_word' id='word_1_30' title='bbox 352 463 499 492; x_wconf 72' lang='lat' dir='ltr'>seditiosi</span> <span class='ocrx_word' id='word_1_31' title='bbox 533 461 690 497; x_wconf 68' lang='lat' dir='ltr'>hominis,</span> <span class='ocrx_word' id='word_1_32' title='bbox 714 462 826 491; x_wconf 85' lang='lat' dir='ltr'>fratris</span> <span class='ocrx_word' id='word_1_33' title='bbox 851 462 938 491; x_wconf 81' lang='lat' dir='ltr'>Con-</span> 
     </span>
     <span class='ocr_line' id='line_1_9' title="bbox 209 505 936 544; baseline 0.001 -10"><span class='ocrx_word' id='word_1_34' title='bbox 209 505 290 534; x_wconf 77' lang='lat' dir='ltr'>sulis</span> <span class='ocrx_word' id='word_1_35' title='bbox 308 505 345 535; x_wconf 91' lang='lat' dir='ltr'>L.</span> <span class='ocrx_word' id='word_1_36' title='bbox 363 505 472 535; x_wconf 71' lang='lat' dir='ltr'>Gcllii.</span> <span class='ocrx_word' id='word_1_37' title='bbox 498 505 611 535; x_wconf 83' lang='lat' dir='ltr'>Planc.</span> <span class='ocrx_word' id='word_1_38' title='bbox 638 507 689 535; x_wconf 82' lang='lat'>21.</span> <span class='ocrx_word' id='word_1_39' title='bbox 715 506 748 535; x_wconf 92' lang='lat' dir='ltr'>in</span> <span class='ocrx_word' id='word_1_40' title='bbox 772 505 936 544; x_wconf 84' lang='lat' dir='ltr'>petitione</span> 
     </span>
     <span class='ocr_line' id='line_1_10' title="bbox 207 548 937 588; baseline 0.001 -10"><span class='ocrx_word' id='word_1_41' title='bbox 207 549 399 579; x_wconf 77' lang='lat' dir='ltr'><strong>tribunatus</strong></span> <span class='ocrx_word' id='word_1_42' title='bbox 435 549 504 579; x_wconf 89' lang='lat' dir='ltr'>mil.</span> <span class='ocrx_word' id='word_1_43' title='bbox 529 548 695 588; x_wconf 78' lang='lat' dir='ltr'>repulsam</span> <span class='ocrx_word' id='word_1_44' title='bbox 726 549 818 578; x_wconf 81' lang='lat' dir='ltr'>tulit.</span> <span class='ocrx_word' id='word_1_45' title='bbox 841 549 937 579; x_wconf 80' lang='lat' dir='ltr'>Offic.</span> 
     </span>
     <span class='ocr_line' id='line_1_11' title="bbox 209 591 936 633; baseline 0.001 -11"><span class='ocrx_word' id='word_1_46' title='bbox 209 592 243 622; x_wconf 87' lang='lat' dir='ltr'>ii.</span> <span class='ocrx_word' id='word_1_47' title='bbox 274 594 327 622; x_wconf 62' lang='lat'>(21.</span> <span class='ocrx_word' id='word_1_48' title='bbox 358 593 513 623; x_wconf 87' lang='lat' dir='ltr'>tribunus</span> <span class='ocrx_word' id='word_1_49' title='bbox 540 592 644 633; x_wconf 79' lang='lat' dir='ltr'>plebis</span> <span class='ocrx_word' id='word_1_50' title='bbox 673 592 737 621; x_wconf 76' lang='lat' dir='ltr'>fert</span> <span class='ocrx_word' id='word_1_51' title='bbox 761 592 870 631; x_wconf 86' lang='lat' dir='ltr'>legem</span> <span class='ocrx_word' id='word_1_52' title='bbox 892 591 936 623; x_wconf 84' lang='lat' dir='ltr'>A·</span> 
     </span>
     <span class='ocr_line' id='line_1_12' title="bbox 207 635 936 676; baseline 0 -11"><span class='ocrx_word' id='word_1_53' title='bbox 207 637 364 674; x_wconf 73' lang='lat' dir='ltr'>grariam,</span> <span class='ocrx_word' id='word_1_54' title='bbox 397 636 454 667; x_wconf 83' lang='lat' dir='ltr'>sed</span> <span class='ocrx_word' id='word_1_55' title='bbox 476 646 549 666; x_wconf 85' lang='lat' dir='ltr'>eam</span> <span class='ocrx_word' id='word_1_56' title='bbox 574 635 670 665; x_wconf 74' lang='lat' dir='ltr'>facile</span> <span class='ocrx_word' id='word_1_57' title='bbox 695 636 861 674; x_wconf 77' lang='lat' dir='ltr'>antiquari</span> <span class='ocrx_word' id='word_1_58' title='bbox 879 645 936 676; x_wconf 89' lang='lat' dir='ltr'>pa-</span> 
     </span>
     <span class='ocr_line' id='line_1_13' title="bbox 207 679 936 718; baseline 0.003 -10"><span class='ocrx_word' id='word_1_59' title='bbox 207 679 304 709; x_wconf 81' lang='lat' dir='ltr'>titur.</span> <span class='ocrx_word' id='word_1_60' title='bbox 330 680 362 709; x_wconf 89' lang='lat' dir='ltr'>in</span> <span class='ocrx_word' id='word_1_61' title='bbox 387 680 458 717; x_wconf 55' lang='lat' dir='ltr'>ejus</span> <span class='ocrx_word' id='word_1_62' title='bbox 482 679 634 710; x_wconf 79' lang='lat' dir='ltr'>suasione</span> <span class='ocrx_word' id='word_1_63' title='bbox 659 679 810 718; x_wconf 79' lang='lat' dir='ltr'>quaedani</span> <span class='ocrx_word' id='word_1_64' title='bbox 836 680 936 710; x_wconf 83' lang='lat' dir='ltr'>nimis</span> 
     </span>
     <span class='ocr_line' id='line_1_14' title="bbox 210 722 936 763; baseline 0 -11"><span class='ocrx_word' id='word_1_65' title='bbox 210 723 417 763; x_wconf 75' lang='lat' dir='ltr'>populariter</span> <span class='ocrx_word' id='word_1_66' title='bbox 440 728 475 753; x_wconf 77' lang='lat' dir='ltr'>et</span> <span class='ocrx_word' id='word_1_67' title='bbox 508 723 692 763; x_wconf 77' lang='lat' dir='ltr'>perniciose</span> <span class='ocrx_word' id='word_1_68' title='bbox 730 723 824 752; x_wconf 76' lang='lat' dir='ltr'>dixit.</span> <span class='ocrx_word' id='word_1_69' title='bbox 859 722 936 752; x_wconf 89' lang='lat' dir='ltr'>Mu—</span> 
     </span>
     <span class='ocr_line' id='line_1_15' title="bbox 207 766 935 806; baseline -0.001 -10"><span class='ocrx_word' id='word_1_70' title='bbox 207 776 276 796; x_wconf 82' lang='lat' dir='ltr'>ren.</span> <span class='ocrx_word' id='word_1_71' title='bbox 310 770 358 801; x_wconf 76' lang='lat'>17.</span> <span class='ocrx_word' id='word_1_72' title='bbox 392 767 489 797; x_wconf 85' lang='lat' dir='ltr'>Brut.</span> <span class='ocrx_word' id='word_1_73' title='bbox 516 769 568 797; x_wconf 85' lang='lat'>45.</span> <span class='ocrx_word' id='word_1_74' title='bbox 595 766 630 796; x_wconf 89' lang='lat' dir='ltr'>in</span> <span class='ocrx_word' id='word_1_75' title='bbox 654 767 816 806; x_wconf 80' lang='lat' dir='ltr'>petitione</span> <span class='ocrx_word' id='word_1_76' title='bbox 849 766 935 796; x_wconf 84' lang='lat' dir='ltr'>Con-</span> 
     </span>
     <span class='ocr_line' id='line_1_16' title="bbox 209 809 935 840; baseline -0.001 0"><span class='ocrx_word' id='word_1_77' title='bbox 209 810 338 840; x_wconf 80' lang='lat' dir='ltr'>sulatus</span> <span class='ocrx_word' id='word_1_78' title='bbox 363 821 382 839; x_wconf 81' lang='lat' dir='ltr'>a</span> <span class='ocrx_word' id='word_1_79' title='bbox 405 811 451 840; x_wconf 82' lang='lat' dir='ltr'>M.</span> <span class='ocrx_word' id='word_1_80' title='bbox 487 810 657 840; x_wconf 80' lang='lat' dir='ltr'>Herennio</span> <span class='ocrx_word' id='word_1_81' title='bbox 688 810 845 840; x_wconf 87' lang='lat' dir='ltr'>vincitur.</span> <span class='ocrx_word' id='word_1_82' title='bbox 869 809 935 840; x_wconf 81' lang='lat' dir='ltr'>Ra-</span> 
     </span>
     <span class='ocr_line' id='line_1_17' title="bbox 204 853 935 888; baseline -0.001 -4"><span class='ocrx_word' id='word_1_83' title='bbox 204 854 268 884; x_wconf 92' lang='lat' dir='ltr'>bir.</span> <span class='ocrx_word' id='word_1_84' title='bbox 292 859 322 888; x_wconf 80' lang='lat'>7.</span> <span class='ocrx_word' id='word_1_85' title='bbox 347 855 473 885; x_wconf 82' lang='lat' dir='ltr'>Consul</span> <span class='ocrx_word' id='word_1_86' title='bbox 496 865 573 884; x_wconf 84' lang='lat' dir='ltr'>cum</span> <span class='ocrx_word' id='word_1_87' title='bbox 598 856 688 883; x_wconf 65' lang='lat' dir='ltr'>Sext.</span> <span class='ocrx_word' id='word_1_88' title='bbox 709 853 803 883; x_wconf 65' lang='lat' dir='ltr'>«Iulio</span> <span class='ocrx_word' id='word_1_89' title='bbox 826 853 935 883; x_wconf 82' lang='lat' dir='ltr'>Caesa·</span> 
     </span>
     <span class='ocr_line' id='line_1_18' title="bbox 207 897 933 932; baseline -0.001 -5"><span class='ocrx_word' id='word_1_90' title='bbox 207 908 252 928; x_wconf 87' lang='lat' dir='ltr'>re.</span> <span class='ocrx_word' id='word_1_91' title='bbox 277 898 333 928; x_wconf 95' lang='lat' dir='ltr'>Or.</span> <span class='ocrx_word' id='word_1_92' title='bbox 359 898 379 928; x_wconf 89' lang='lat' dir='ltr'>i.</span> <span class='ocrx_word' id='word_1_93' title='bbox 403 902 434 932; x_wconf 88' lang='lat'>7.</span> <span class='ocrx_word' id='word_1_94' title='bbox 459 898 584 928; x_wconf 88' lang='lat' dir='ltr'>Consul</span> <span class='ocrx_word' id='word_1_95' title='bbox 607 898 743 927; x_wconf 82' lang='lat' dir='ltr'>tribuno</span> <span class='ocrx_word' id='word_1_96' title='bbox 772 897 819 927; x_wconf 91' lang='lat' dir='ltr'>M.</span> <span class='ocrx_word' id='word_1_97' title='bbox 844 897 933 927; x_wconf 89' lang='lat' dir='ltr'>Dru-</span> 
     </span>
     <span class='ocr_line' id='line_1_19' title="bbox 193 941 932 980; baseline -0.001 -9"><span class='ocrx_word' id='word_1_98' title='bbox 193 942 242 971; x_wconf 60' lang='lat' dir='ltr'>so</span> <span class='ocrx_word' id='word_1_99' title='bbox 266 942 471 979; x_wconf 77' lang='lat' dir='ltr'>adversatur,</span> <span class='ocrx_word' id='word_1_100' title='bbox 495 946 529 971; x_wconf 87' lang='lat' dir='ltr'><strong>ct</strong></span> <span class='ocrx_word' id='word_1_101' title='bbox 552 942 592 971; x_wconf 86' lang='lat' dir='ltr'>ab</span> <span class='ocrx_word' id='word_1_102' title='bbox 615 941 766 980; x_wconf 85' lang='lat' dir='ltr'>equitum</span> <span class='ocrx_word' id='word_1_103' title='bbox 783 941 932 980; x_wconf 83' lang='lat' dir='ltr'>partibus</span> 
     </span>
     <span class='ocr_line' id='line_1_20' title="bbox 207 984 932 1024; baseline 0 -10"><span class='ocrx_word' id='word_1_104' title='bbox 207 990 286 1015; x_wconf 72' lang='lat' dir='ltr'>stat.</span> <span class='ocrx_word' id='word_1_105' title='bbox 325 986 381 1015; x_wconf 91' lang='lat' dir='ltr'>Or.</span> <span class='ocrx_word' id='word_1_106' title='bbox 408 986 453 1015; x_wconf 90' lang='lat' dir='ltr'>iii.</span> <span class='ocrx_word' id='word_1_107' title='bbox 482 989 508 1015; x_wconf 94' lang='lat'>1.</span> <span class='ocrx_word' id='word_1_108' title='bbox 534 985 679 1024; x_wconf 73' lang='lat' dir='ltr'>graviter</span> <span class='ocrx_word' id='word_1_109' title='bbox 705 985 738 1014; x_wconf 89' lang='lat' dir='ltr'>in</span> <span class='ocrx_word' id='word_1_110' title='bbox 770 984 932 1014; x_wconf 84' lang='lat' dir='ltr'>Senatum</span> 
     </span>
     <span class='ocr_line' id='line_1_21' title="bbox 208 1028 932 1068; baseline -0.001 -10"><span class='ocrx_word' id='word_1_111' title='bbox 208 1029 335 1059; x_wconf 68' lang='lat' dir='ltr'>(Jonsul</span> <span class='ocrx_word' id='word_1_112' title='bbox 358 1030 392 1059; x_wconf 90' lang='lat' dir='ltr'>in</span> <span class='ocrx_word' id='word_1_113' title='bbox 421 1030 579 1059; x_wconf 77' lang='lat' dir='ltr'>concione</span> <span class='ocrx_word' id='word_1_114' title='bbox 604 1028 784 1066; x_wconf 78' lang='lat' dir='ltr'>invehitur,</span> <span class='ocrx_word' id='word_1_115' title='bbox 806 1033 841 1057; x_wconf 87' lang='lat' dir='ltr'>et</span> <span class='ocrx_word' id='word_1_116' title='bbox 857 1038 932 1068; x_wconf 87' lang='lat' dir='ltr'>pro—</span> 
     </span>
     <span class='ocr_line' id='line_1_22' title="bbox 206 1071 931 1112; baseline -0.001 -10"><span class='ocrx_word' id='word_1_117' title='bbox 206 1078 322 1112; x_wconf 76' lang='lat' dir='ltr'>pterea</span> <span class='ocrx_word' id='word_1_118' title='bbox 336 1084 355 1103; x_wconf 85' lang='lat' dir='ltr'>a</span> <span class='ocrx_word' id='word_1_119' title='bbox 370 1074 407 1103; x_wconf 94' lang='lat' dir='ltr'>L.</span> <span class='ocrx_word' id='word_1_120' title='bbox 419 1072 535 1102; x_wconf 77' lang='lat' dir='ltr'>Crasso</span> <span class='ocrx_word' id='word_1_121' title='bbox 544 1073 751 1111; x_wconf 75' lang='lat' dir='ltr'>objurgatur,</span> <span class='ocrx_word' id='word_1_122' title='bbox 765 1071 931 1102; x_wconf 75' lang='lat' dir='ltr'><strong>referente</strong></span> 
     </span>
     <span class='ocr_line' id='line_1_23' title="bbox 205 1116 931 1146; baseline -0.003 0"><span class='ocrx_word' id='word_1_123' title='bbox 205 1116 248 1146; x_wconf 70' lang='lat' dir='ltr'>ad</span> <span class='ocrx_word' id='word_1_124' title='bbox 264 1122 417 1146; x_wconf 87' lang='lat' dir='ltr'>senatum</span> <span class='ocrx_word' id='word_1_125' title='bbox 432 1117 552 1146; x_wconf 82' lang='lat' dir='ltr'>Druso.</span> <span class='ocrx_word' id='word_1_126' title='bbox 586 1116 685 1146; x_wconf 87' lang='lat' dir='ltr'>Dom.</span> <span class='ocrx_word' id='word_1_127' title='bbox 701 1117 754 1146; x_wconf 68' lang='lat'>3⁶2.</span> <span class='ocrx_word' id='word_1_128' title='bbox 784 1125 931 1145; x_wconf 78' lang='lat' dir='ltr'>avuncu-</span> 
     </span>
     <span class='ocr_line' id='line_1_24' title="bbox 205 1159 929 1190; baseline 0 -2"><span class='ocrx_word' id='word_1_129' title='bbox 205 1159 275 1189; x_wconf 84' lang='lat' dir='ltr'>lum</span> <span class='ocrx_word' id='word_1_130' title='bbox 293 1170 391 1190; x_wconf 89' lang='lat' dir='ltr'>suum</span> <span class='ocrx_word' id='word_1_131' title='bbox 416 1160 542 1190; x_wconf 75' lang='lat' dir='ltr'>Censor</span> <span class='ocrx_word' id='word_1_132' title='bbox 556 1159 590 1189; x_wconf 88' lang='lat' dir='ltr'>in</span> <span class='ocrx_word' id='word_1_133' title='bbox 614 1159 784 1189; x_wconf 82' lang='lat' dir='ltr'>recitando</span> <span class='ocrx_word' id='word_1_134' title='bbox 810 1164 929 1189; x_wconf 87' lang='lat' dir='ltr'>senatu</span> 
     </span>
     <span class='ocr_line' id='line_1_25' title="bbox 205 1203 929 1242; baseline 0 -10"><span class='ocrx_word' id='word_1_135' title='bbox 205 1205 355 1242; x_wconf 81' lang='lat' dir='ltr'>praeterit</span> <span class='ocrx_word' id='word_1_136' title='bbox 372 1204 466 1234; x_wconf 82' lang='lat' dir='ltr'>Brut.</span> <span class='ocrx_word' id='word_1_137' title='bbox 488 1204 539 1234; x_wconf 81' lang='lat'>64.</span> <span class='ocrx_word' id='word_1_138' title='bbox 555 1213 614 1242; x_wconf 88' lang='lat' dir='ltr'>pro</span> <span class='ocrx_word' id='word_1_139' title='bbox 631 1203 691 1233; x_wconf 88' lang='lat' dir='ltr'>Cn.</span> <span class='ocrx_word' id='word_1_140' title='bbox 709 1203 856 1242; x_wconf 65' lang='lat' dir='ltr'>Pompeii</span> <span class='ocrx_word' id='word_1_141' title='bbox 873 1203 929 1232; x_wconf 88' lang='lat' dir='ltr'>bo-</span> 
     </span>
     <span class='ocr_line' id='line_1_26' title="bbox 205 1246 928 1277; baseline -0.001 -1"><span class='ocrx_word' id='word_1_142' title='bbox 205 1247 256 1276; x_wconf 88' lang='lat' dir='ltr'>nis</span> <span class='ocrx_word' id='word_1_143' title='bbox 274 1247 355 1276; x_wconf 84' lang='lat' dir='ltr'>dicit</span> <span class='ocrx_word' id='word_1_144' title='bbox 371 1257 482 1276; x_wconf 83' lang='lat' dir='ltr'>senex.</span> <span class='ocrx_word' id='word_1_145' title='bbox 514 1247 585 1277; x_wconf 68' lang='lat' dir='ltr'>Att.</span> <span class='ocrx_word' id='word_1_146' title='bbox 610 1247 676 1276; x_wconf 73' lang='lat' dir='ltr'>viii.</span> <span class='ocrx_word' id='word_1_147' title='bbox 703 1250 733 1276; x_wconf 83' lang='grc'>3.</span> <span class='ocrx_word' id='word_1_148' title='bbox 751 1247 785 1276; x_wconf 86' lang='lat' dir='ltr'>in</span> <span class='ocrx_word' id='word_1_149' title='bbox 812 1246 928 1276; x_wconf 71' lang='lat' dir='ltr'>Cinnae</span> 
     </span>
     <span class='ocr_line' id='line_1_27' title="bbox 204 1289 928 1330; baseline 0.001 -12"><span class='ocrx_word' id='word_1_150' title='bbox 204 1290 434 1320; x_wconf 81' lang='lat' dir='ltr'><strong>dominatione</strong></span> <span class='ocrx_word' id='word_1_151' title='bbox 452 1301 545 1320; x_wconf 83' lang='lat' dir='ltr'>arma</span> <span class='ocrx_word' id='word_1_152' title='bbox 561 1300 678 1330; x_wconf 81' lang='lat' dir='ltr'>capere</span> <span class='ocrx_word' id='word_1_153' title='bbox 704 1289 822 1319; x_wconf 89' lang='lat' dir='ltr'>noluit.</span> <span class='ocrx_word' id='word_1_154' title='bbox 857 1290 928 1319; x_wconf 81' lang='lat' dir='ltr'>Ma-</span> 
     </span>
     <span class='ocr_line' id='line_1_28' title="bbox 204 1333 929 1374; baseline 0 -11"><span class='ocrx_word' id='word_1_155' title='bbox 204 1333 263 1363; x_wconf 87' lang='lat' dir='ltr'>nil.</span> <span class='ocrx_word' id='word_1_156' title='bbox 280 1336 332 1365; x_wconf 85' lang='lat'>21.</span> <span class='ocrx_word' id='word_1_157' title='bbox 347 1334 386 1364; x_wconf 85' lang='lat' dir='ltr'>de</span> <span class='ocrx_word' id='word_1_158' title='bbox 398 1334 460 1365; x_wconf 91' lang='lat' dir='ltr'>Cn.</span> <span class='ocrx_word' id='word_1_159' title='bbox 476 1335 633 1374; x_wconf 86' lang='lat' dir='ltr'>Pompeio</span> <span class='ocrx_word' id='word_1_160' title='bbox 650 1334 778 1363; x_wconf 81' lang='lat' dir='ltr'>dictum</span> <span class='ocrx_word' id='word_1_161' title='bbox 795 1333 929 1363; x_wconf 79' lang='lat' dir='ltr'>honori-</span> 
     </span>
     <span class='ocr_line' id='line_1_29' title="bbox 202 1377 927 1417; baseline 0.001 -11"><span class='ocrx_word' id='word_1_162' title='bbox 202 1377 317 1408; x_wconf 81' lang='lat' dir='ltr'>ficum.</span> <span class='ocrx_word' id='word_1_163' title='bbox 347 1378 442 1408; x_wconf 87' lang='lat' dir='ltr'>Brut.</span> <span class='ocrx_word' id='word_1_164' title='bbox 468 1381 520 1412; x_wconf 85' lang='lat'>47.</span> <span class='ocrx_word' id='word_1_165' title='bbox 544 1378 693 1417; x_wconf 86' lang='lat' dir='ltr'>optimus</span> <span class='ocrx_word' id='word_1_166' title='bbox 721 1387 788 1407; x_wconf 81' lang='lat' dir='ltr'>suae</span> <span class='ocrx_word' id='word_1_167' title='bbox 818 1378 927 1407; x_wconf 66' lang='lat' dir='ltr'>:etatis</span> 
     </span>
     <span class='ocr_line' id='line_1_30' title="bbox 202 1421 927 1461; baseline 0 -11"><span class='ocrx_word' id='word_1_168' title='bbox 202 1421 324 1451; x_wconf 85' lang='lat' dir='ltr'>Orator</span> <span class='ocrx_word' id='word_1_169' title='bbox 350 1427 424 1461; x_wconf 84' lang='lat' dir='ltr'>post</span> <span class='ocrx_word' id='word_1_170' title='bbox 450 1422 488 1452; x_wconf 94' lang='lat' dir='ltr'>L.</span> <span class='ocrx_word' id='word_1_171' title='bbox 514 1422 669 1451; x_wconf 78' lang='lat' dir='ltr'>Crassum</span> <span class='ocrx_word' id='word_1_172' title='bbox 694 1428 729 1450; x_wconf 83' lang='lat' dir='ltr'>et</span> <span class='ocrx_word' id='word_1_173' title='bbox 752 1421 798 1450; x_wconf 83' lang='lat' dir='ltr'>M.</span> <span class='ocrx_word' id='word_1_174' title='bbox 822 1421 927 1450; x_wconf 79' lang='lat' dir='ltr'>Anto-</span> 
     </span>
     <span class='ocr_line' id='line_1_31' title="bbox 201 1465 928 1496; baseline 0.001 -2"><span class='ocrx_word' id='word_1_175' title='bbox 201 1465 308 1495; x_wconf 87' lang='lat' dir='ltr'>nium.</span> <span class='ocrx_word' id='word_1_176' title='bbox 333 1465 389 1495; x_wconf 91' lang='lat' dir='ltr'>Or.</span> <span class='ocrx_word' id='word_1_177' title='bbox 413 1466 446 1496; x_wconf 88' lang='lat' dir='ltr'>ii.</span> <span class='ocrx_word' id='word_1_178' title='bbox 473 1466 525 1496; x_wconf 90' lang='lat'>61.</span> <span class='ocrx_word' id='word_1_179' title='bbox 549 1466 643 1496; x_wconf 84' lang='lat' dir='ltr'>Offic.</span> <span class='ocrx_word' id='word_1_180' title='bbox 667 1466 686 1495; x_wconf 93' lang='lat' dir='ltr'>i.</span> <span class='ocrx_word' id='word_1_181' title='bbox 713 1468 764 1495; x_wconf 86' lang='grc'>30.</span> <span class='ocrx_word' id='word_1_182' title='bbox 788 1465 928 1495; x_wconf 68' lang='lat' dir='ltr'>facetus.</span> 
     </span>
     <span class='ocr_line' id='line_1_32' title="bbox 201 1508 926 1548; baseline 0.001 -11"><span class='ocrx_word' id='word_1_183' title='bbox 201 1509 278 1540; x_wconf 80' lang='lat' dir='ltr'>ibid.</span> <span class='ocrx_word' id='word_1_184' title='bbox 302 1510 336 1539; x_wconf 89' lang='lat' dir='ltr'>ii.</span> <span class='ocrx_word' id='word_1_185' title='bbox 363 1512 412 1543; x_wconf 82' lang='lat'>17.</span> <span class='ocrx_word' id='word_1_186' title='bbox 436 1509 563 1539; x_wconf 80' lang='lat' dir='ltr'>solebat</span> <span class='ocrx_word' id='word_1_187' title='bbox 602 1508 750 1548; x_wconf 83' lang='lat' dir='ltr'>gloriari,</span> <span class='ocrx_word' id='word_1_188' title='bbox 786 1519 820 1537; x_wconf 80' lang='lat' dir='ltr'>se</span> <span class='ocrx_word' id='word_1_189' title='bbox 856 1509 926 1538; x_wconf 84' lang='lat' dir='ltr'>sine</span> 
     </span>
     <span class='ocr_line' id='line_1_33' title="bbox 201 1551 926 1593; baseline 0.003 -12"><span class='ocrx_word' id='word_1_190' title='bbox 201 1551 270 1581; x_wconf 85' lang='lat' dir='ltr'>ullo</span> <span class='ocrx_word' id='word_1_191' title='bbox 286 1563 424 1582; x_wconf 88' lang='lat' dir='ltr'>munere</span> <span class='ocrx_word' id='word_1_192' title='bbox 441 1553 598 1593; x_wconf 80' lang='lat' dir='ltr'>adeptum</span> <span class='ocrx_word' id='word_1_193' title='bbox 616 1562 686 1582; x_wconf 81' lang='lat' dir='ltr'>esse</span> <span class='ocrx_word' id='word_1_194' title='bbox 703 1552 828 1589; x_wconf 85' lang='lat' dir='ltr'>omnia,</span> <span class='ocrx_word' id='word_1_195' title='bbox 853 1562 926 1591; x_wconf 83' lang='lat' dir='ltr'>quae</span> 
     </span>
     <span class='ocr_line' id='line_1_34' title="bbox 200 1595 927 1636; baseline 0 -11"><span class='ocrx_word' id='word_1_196' title='bbox 200 1595 407 1635; x_wconf 83' lang='lat' dir='ltr'>amplissima</span> <span class='ocrx_word' id='word_1_197' title='bbox 453 1601 666 1636; x_wconf 81' lang='lat' dir='ltr'>putarentur.</span> <span class='ocrx_word' id='word_1_198' title='bbox 705 1596 743 1625; x_wconf 70' lang='lat' dir='ltr'>de</span> <span class='ocrx_word' id='word_1_199' title='bbox 780 1606 813 1625; x_wconf 77' lang='lat' dir='ltr'>eo</span> <span class='ocrx_word' id='word_1_200' title='bbox 849 1606 927 1635; x_wconf 78' lang='lat' dir='ltr'>cape</span> 
     </span>
     <span class='ocr_line' id='line_1_35' title="bbox 198 1639 928 1679; baseline 0 -10"><span class='ocrx_word' id='word_1_201' title='bbox 198 1639 277 1678; x_wconf 88' lang='lat' dir='ltr'>Agr.</span> <span class='ocrx_word' id='word_1_202' title='bbox 295 1641 328 1669; x_wconf 87' lang='lat' dir='ltr'>ii.</span> <span class='ocrx_word' id='word_1_203' title='bbox 349 1641 398 1671; x_wconf 87' lang='lat'>16.</span> <span class='ocrx_word' id='word_1_204' title='bbox 415 1650 511 1679; x_wconf 68' lang='lat' dir='ltr'>quem</span> <span class='ocrx_word' id='word_1_205' title='bbox 531 1642 632 1670; x_wconf 79' lang='lat' dir='ltr'>locum</span> <span class='ocrx_word' id='word_1_206' title='bbox 651 1641 736 1670; x_wconf 80' lang='lat' dir='ltr'>male</span> <span class='ocrx_word' id='word_1_207' title='bbox 753 1639 928 1670; x_wconf 75' lang='lat' dir='ltr'>Laureda-</span> 
     </span>
     <span class='ocr_line' id='line_1_36' title="bbox 199 1684 925 1722; baseline 0.001 -10"><span class='ocrx_word' id='word_1_208' title='bbox 199 1693 261 1712; x_wconf 64' lang='grc' dir='ltr'>ηας</span> <span class='ocrx_word' id='word_1_209' title='bbox 275 1684 314 1713; x_wconf 79' lang='lat' dir='ltr'>cle</span> <span class='ocrx_word' id='word_1_210' title='bbox 334 1684 391 1714; x_wconf 79' lang='lat' dir='ltr'>Cn.</span> <span class='ocrx_word' id='word_1_211' title='bbox 410 1684 546 1714; x_wconf 75' lang='lat' dir='ltr'>Lentuli</span> <span class='ocrx_word' id='word_1_212' title='bbox 573 1685 701 1721; x_wconf 74' lang='lat' dir='ltr'>Collega</span> <span class='ocrx_word' id='word_1_213' title='bbox 728 1684 925 1722; x_wconf 57' lang='lat' dir='ltr'>interpreta-</span> 
     </span>
     <span class='ocr_line' id='line_1_37' title="bbox 198 1727 926 1768; baseline 0 -11"><span class='ocrx_word' id='word_1_214' title='bbox 198 1727 318 1757; x_wconf 75' lang='lat' dir='ltr'>batur.-</span> <span class='ocrx_word' id='word_1_215' title='bbox 344 1727 384 1757; x_wconf 87' lang='lat' dir='ltr'>de</span> <span class='ocrx_word' id='word_1_216' title='bbox 408 1728 464 1758; x_wconf 88' lang='lat' dir='ltr'>Or.</span> <span class='ocrx_word' id='word_1_217' title='bbox 488 1729 520 1757; x_wconf 87' lang='lat' dir='ltr'>ii.</span> <span class='ocrx_word' id='word_1_218' title='bbox 546 1731 598 1759; x_wconf 73' lang='lat'>54.</span> <span class='ocrx_word' id='word_1_219' title='bbox 621 1728 740 1768; x_wconf 71' lang='lat' dir='ltr'>Quint.</span> <span class='ocrx_word' id='word_1_220' title='bbox 774 1729 827 1757; x_wconf 74' lang='lat'>22.</span> <span class='ocrx_word' id='word_1_221' title='bbox 854 1728 926 1757; x_wconf 62' lang='lat' dir='ltr'>ride</span> 
     </span>
     <span class='ocr_line' id='line_1_38' title="bbox 196 1771 525 1801; baseline 0.003 -1"><span class='ocrx_word' id='word_1_222' title='bbox 196 1773 297 1801; x_wconf 80' lang='lat' dir='ltr'>etiam</span> <span class='ocrx_word' id='word_1_223' title='bbox 312 1771 349 1801; x_wconf 90' lang='lat' dir='ltr'>L.</span> <span class='ocrx_word' id='word_1_224' title='bbox 367 1771 525 1801; x_wconf 78' lang='lat' dir='ltr'>Marcius.</span> 
     </span>
    </p>

    <p class='ocr_par' dir='ltr' id='par_1_6' title="bbox 195 1814 926 1976">
     <span class='ocr_line' id='line_1_39' title="bbox 243 1814 926 1855; baseline 0.001 -10"><span class='ocrx_word' id='word_1_225' title='bbox 243 1815 284 1845; x_wconf 87' lang='lat' dir='ltr'>L.</span> <span class='ocrx_word' id='word_1_226' title='bbox 309 1815 500 1854; x_wconf 71' lang='lat' dir='ltr'>Philippus,</span> <span class='ocrx_word' id='word_1_227' title='bbox 520 1815 559 1845; x_wconf 79' lang='lat' dir='ltr'>I..</span> <span class='ocrx_word' id='word_1_228' title='bbox 583 1815 621 1846; x_wconf 88' lang='lat' dir='ltr'>F.</span> <span class='ocrx_word' id='word_1_229' title='bbox 640 1814 683 1855; x_wconf 73' lang='lat' dir='ltr'>Q.</span> <span class='ocrx_word' id='word_1_230' title='bbox 701 1814 750 1845; x_wconf 95' lang='lat' dir='ltr'>N.</span> <span class='ocrx_word' id='word_1_231' title='bbox 772 1814 856 1845; x_wconf 85' lang='lat' dir='ltr'>Phil.</span> <span class='ocrx_word' id='word_1_232' title='bbox 879 1815 926 1846; x_wconf 92' lang='lat' dir='ltr'>iii.</span> 
     </span>
     <span class='ocr_line' id='line_1_40' title="bbox 200 1858 925 1898; baseline 0 -9"><span class='ocrx_word' id='word_1_233' title='bbox 200 1862 251 1889; x_wconf 89' lang='grc'>10.</span> <span class='ocrx_word' id='word_1_234' title='bbox 268 1859 405 1889; x_wconf 80' lang='lat' dir='ltr'>vitricus</span> <span class='ocrx_word' id='word_1_235' title='bbox 428 1859 569 1889; x_wconf 80' lang='lat' dir='ltr'>Octavii.</span> <span class='ocrx_word' id='word_1_236' title='bbox 588 1858 670 1889; x_wconf 83' lang='lat' dir='ltr'>Har.</span> <span class='ocrx_word' id='word_1_237' title='bbox 698 1858 796 1898; x_wconf 69' lang='lat' dir='ltr'>Rcsp.</span> <span class='ocrx_word' id='word_1_238' title='bbox 824 1861 853 1888; x_wconf 70' lang='lat'>6.</span> <span class='ocrx_word' id='word_1_239' title='bbox 884 1859 925 1889; x_wconf 82' lang='lat' dir='ltr'>ad</span> 
     </span>
     <span class='ocr_line' id='line_1_41' title="bbox 197 1902 924 1937; baseline -0.001 -4"><span class='ocrx_word' id='word_1_240' title='bbox 197 1902 274 1933; x_wconf 86' lang='lat' dir='ltr'>Div.</span> <span class='ocrx_word' id='word_1_241' title='bbox 309 1903 330 1932; x_wconf 90' lang='lat' dir='ltr'>i.</span> <span class='ocrx_word' id='word_1_242' title='bbox 362 1907 392 1937; x_wconf 86' lang='lat'>9.</span> <span class='ocrx_word' id='word_1_243' title='bbox 418 1903 543 1932; x_wconf 64' lang='lat' dir='ltr'>Consul</span> <span class='ocrx_word' id='word_1_244' title='bbox 574 1913 650 1932; x_wconf 85' lang='lat' dir='ltr'>cum</span> <span class='ocrx_word' id='word_1_245' title='bbox 684 1902 746 1932; x_wconf 85' lang='lat' dir='ltr'>Cn.</span> <span class='ocrx_word' id='word_1_246' title='bbox 776 1902 924 1932; x_wconf 81' lang='lat' dir='ltr'>Lentulo</span> 
     </span>
     <span class='ocr_line' id='line_1_42' title="bbox 195 1945 404 1976; baseline -0.005 0"><span class='ocrx_word' id='word_1_247' title='bbox 195 1945 404 1976; x_wconf 75' lang='lat' dir='ltr'>Marcellino.</span> 
     </span>
    </p>

    <p class='ocr_par' dir='ltr' id='par_1_7' title="bbox 193 1987 924 2326">
     <span class='ocr_line' id='line_1_43' title="bbox 241 1987 923 2030; baseline 0 -10"><span class='ocrx_word' id='word_1_248' title='bbox 241 1990 283 2021; x_wconf 93' lang='lat' dir='ltr'>L.</span> <span class='ocrx_word' id='word_1_249' title='bbox 322 1989 509 2030; x_wconf 74' lang='lat' dir='ltr'>Philippus,</span> <span class='ocrx_word' id='word_1_250' title='bbox 534 1989 577 2020; x_wconf 90' lang='lat' dir='ltr'>L.</span> <span class='ocrx_word' id='word_1_251' title='bbox 601 1987 639 2019; x_wconf 90' lang='lat' dir='ltr'>F.</span> <span class='ocrx_word' id='word_1_252' title='bbox 671 1988 713 2020; x_wconf 92' lang='lat' dir='ltr'>L.</span> <span class='ocrx_word' id='word_1_253' title='bbox 749 1990 797 2020; x_wconf 94' lang='lat' dir='ltr'>N.</span> <span class='ocrx_word' id='word_1_254' title='bbox 836 1989 923 2020; x_wconf 81' lang='lat' dir='ltr'>Phil.</span> 
     </span>
     <span class='ocr_line' id='line_1_44' title="bbox 193 2033 924 2073; baseline -0.001 -9"><span class='ocrx_word' id='word_1_255' title='bbox 193 2034 242 2064; x_wconf 84' lang='lat' dir='ltr'>iii.</span> <span class='ocrx_word' id='word_1_256' title='bbox 282 2037 330 2064; x_wconf 89' lang='lat'>10.</span> <span class='ocrx_word' id='word_1_257' title='bbox 365 2034 570 2073; x_wconf 82' lang='lat' dir='ltr'>provinciam</span> <span class='ocrx_word' id='word_1_258' title='bbox 601 2034 661 2062; x_wconf 81' lang='lat' dir='ltr'>sibi</span> <span class='ocrx_word' id='word_1_259' title='bbox 699 2033 739 2063; x_wconf 83' lang='lat' dir='ltr'>ab</span> <span class='ocrx_word' id='word_1_260' title='bbox 777 2033 924 2063; x_wconf 81' lang='lat' dir='ltr'>Antonio</span> 
     </span>
     <span class='ocr_line' id='line_1_45' title="bbox 196 2077 923 2107; baseline 0 0"><span class='ocrx_word' id='word_1_261' title='bbox 196 2077 309 2107; x_wconf 82' lang='lat' dir='ltr'>datam</span> <span class='ocrx_word' id='word_1_262' title='bbox 328 2078 504 2107; x_wconf 84' lang='lat' dir='ltr'>recusavit.</span> <span class='ocrx_word' id='word_1_263' title='bbox 528 2077 611 2106; x_wconf 77' lang='lat' dir='ltr'>Phil.</span> <span class='ocrx_word' id='word_1_264' title='bbox 630 2077 695 2106; x_wconf 73' lang='lat' dir='ltr'>viii.</span> <span class='ocrx_word' id='word_1_265' title='bbox 717 2079 765 2106; x_wconf 86' lang='lat'>10.</span> <span class='ocrx_word' id='word_1_266' title='bbox 789 2077 831 2107; x_wconf 80' lang='lat' dir='ltr'>ad</span> <span class='ocrx_word' id='word_1_267' title='bbox 847 2078 923 2107; x_wconf 86' lang='lat' dir='ltr'>Div.</span> 
     </span>
     <span class='ocr_line' id='line_1_46' title="bbox 195 2119 923 2159; baseline 0.001 -9"><span class='ocrx_word' id='word_1_268' title='bbox 195 2121 253 2150; x_wconf 85' lang='lat' dir='ltr'>xii.</span> <span class='ocrx_word' id='word_1_269' title='bbox 276 2124 307 2151; x_wconf 88' lang='lat'>4.</span> <span class='ocrx_word' id='word_1_270' title='bbox 331 2120 461 2159; x_wconf 83' lang='lat' dir='ltr'>legatus</span> <span class='ocrx_word' id='word_1_271' title='bbox 486 2131 505 2150; x_wconf 84' lang='lat' dir='ltr'>a</span> <span class='ocrx_word' id='word_1_272' title='bbox 528 2125 645 2150; x_wconf 73' lang='lat' dir='ltr'>senatu</span> <span class='ocrx_word' id='word_1_273' title='bbox 677 2119 850 2150; x_wconf 77' lang='lat' dir='ltr'><strong>Mutinam</strong></span> <span class='ocrx_word' id='word_1_274' title='bbox 882 2122 923 2151; x_wconf 87' lang='lat' dir='ltr'>ad</span> 
     </span>
     <span class='ocr_line' id='line_1_47' title="bbox 193 2163 922 2203; baseline 0.001 -9"><span class='ocrx_word' id='word_1_275' title='bbox 193 2164 244 2194; x_wconf 88' lang='lat' dir='ltr'>M.</span> <span class='ocrx_word' id='word_1_276' title='bbox 262 2163 446 2194; x_wconf 85' lang='lat' dir='ltr'>Antonium</span> <span class='ocrx_word' id='word_1_277' title='bbox 464 2164 625 2203; x_wconf 76' lang='lat' dir='ltr'>flagitiose</span> <span class='ocrx_word' id='word_1_278' title='bbox 637 2163 728 2194; x_wconf 77' lang='lat' dir='ltr'>facit.</span> <span class='ocrx_word' id='word_1_279' title='bbox 746 2164 787 2193; x_wconf 86' lang='lat' dir='ltr'>ad</span> <span class='ocrx_word' id='word_1_280' title='bbox 801 2165 873 2194; x_wconf 87' lang='lat' dir='ltr'>Att.</span> <span class='ocrx_word' id='word_1_281' title='bbox 892 2176 922 2196; x_wconf 90' lang='lat' dir='ltr'>x.</span> 
     </span>
     <span class='ocr_line' id='line_1_48' title="bbox 193 2206 921 2239; baseline 0 -1"><span class='ocrx_word' id='word_1_282' title='bbox 193 2209 227 2238; x_wconf 82' lang='lat'>4.</span> <span class='ocrx_word' id='word_1_283' title='bbox 260 2218 288 2237; x_wconf 90' lang='grc' dir='ltr'>ν.</span> <span class='ocrx_word' id='word_1_284' title='bbox 320 2210 365 2239; x_wconf 85' lang='lat'>12.</span> <span class='ocrx_word' id='word_1_285' title='bbox 400 2208 454 2237; x_wconf 80' lang='lat' dir='ltr'>xii.</span> <span class='ocrx_word' id='word_1_286' title='bbox 484 2209 530 2238; x_wconf 86' lang='lat'>16.</span> <span class='ocrx_word' id='word_1_287' title='bbox 560 2211 607 2238; x_wconf 80' lang='grc'>18.</span> <span class='ocrx_word' id='word_1_288' title='bbox 637 2206 723 2236; x_wconf 78' lang='lat' dir='ltr'>male</span> <span class='ocrx_word' id='word_1_289' title='bbox 747 2207 921 2238; x_wconf 83' lang='lat' dir='ltr'><strong>Manutius</strong></span> 
     </span>
     <span class='ocr_line' id='line_1_49' title="bbox 193 2251 922 2291; baseline 0.001 -10"><span class='ocrx_word' id='word_1_290' title='bbox 193 2251 284 2281; x_wconf 88' lang='lat' dir='ltr'>hunc</span> <span class='ocrx_word' id='word_1_291' title='bbox 327 2261 404 2281; x_wconf 87' lang='lat' dir='ltr'>cum</span> <span class='ocrx_word' id='word_1_292' title='bbox 446 2256 541 2291; x_wconf 87' lang='lat' dir='ltr'>patre</span> <span class='ocrx_word' id='word_1_293' title='bbox 581 2251 770 2288; x_wconf 83' lang='lat' dir='ltr'>confundit,</span> <span class='ocrx_word' id='word_1_294' title='bbox 802 2256 842 2282; x_wconf 87' lang='lat' dir='ltr'>ut</span> <span class='ocrx_word' id='word_1_295' title='bbox 880 2252 922 2282; x_wconf 86' lang='lat' dir='ltr'>ad</span> 
     </span>
     <span class='ocr_line' id='line_1_50' title="bbox 193 2294 423 2326; baseline 0 -2"><span class='ocrx_word' id='word_1_296' title='bbox 193 2294 277 2326; x_wconf 90' lang='lat' dir='ltr'>Phil.</span> <span class='ocrx_word' id='word_1_297' title='bbox 301 2296 347 2325; x_wconf 91' lang='lat' dir='ltr'>iii.</span> <span class='ocrx_word' id='word_1_298' title='bbox 374 2299 423 2326; x_wconf 91' lang='lat'>10.</span> 
     </span>
    </p>

    <p class='ocr_par' dir='ltr' id='par_1_8' title="bbox 189 2338 921 2457">
     <span class='ocr_line' id='line_1_51' title="bbox 236 2338 921 2380; baseline 0.001 -12"><span class='ocrx_word' id='word_1_299' title='bbox 236 2339 281 2380; x_wconf 68' lang='lat' dir='ltr'>Q.</span> <span class='ocrx_word' id='word_1_300' title='bbox 305 2339 493 2378; x_wconf 80' lang='lat' dir='ltr'>Philippus,</span> <span class='ocrx_word' id='word_1_301' title='bbox 521 2338 614 2369; x_wconf 80' lang='lat' dir='ltr'>Balb.</span> <span class='ocrx_word' id='word_1_302' title='bbox 642 2342 690 2369; x_wconf 89' lang='lat'>11.</span> <span class='ocrx_word' id='word_1_303' title='bbox 714 2338 789 2368; x_wconf 73' lang='lat' dir='ltr'>exul</span> <span class='ocrx_word' id='word_1_304' title='bbox 810 2339 921 2369; x_wconf 85' lang='lat' dir='ltr'>Nuce-</span> 
     </span>
     <span class='ocr_line' id='line_1_52' title="bbox 191 2382 920 2422; baseline 0.001 -10"><span class='ocrx_word' id='word_1_305' title='bbox 191 2382 250 2413; x_wconf 88' lang='lat' dir='ltr'>riae</span> <span class='ocrx_word' id='word_1_306' title='bbox 264 2383 358 2412; x_wconf 83' lang='lat' dir='ltr'>vixit.</span> <span class='ocrx_word' id='word_1_307' title='bbox 402 2383 455 2413; x_wconf 81' lang='lat' dir='ltr'>An</span> <span class='ocrx_word' id='word_1_308' title='bbox 478 2384 516 2419; x_wconf 59' lang='grc' dir='ltr'>ἐς,</span> <span class='ocrx_word' id='word_1_309' title='bbox 533 2384 590 2422; x_wconf 75' lang='lat' dir='ltr'>qui</span> <span class='ocrx_word' id='word_1_310' title='bbox 612 2383 658 2412; x_wconf 78' lang='lat' dir='ltr'>his</span> <span class='ocrx_word' id='word_1_311' title='bbox 686 2382 887 2422; x_wconf 65' lang='lat' dir='ltr'>Chusalj&#39;ait</span> <span class='ocrx_word' id='word_1_312' title='bbox 903 2385 920 2412; x_wconf 66' lang='lat'>‚5¹</span> 
     </span>
     <span class='ocr_line' id='line_1_53' title="bbox 189 2434 553 2457; baseline 0 -1"><span class='ocrx_word' id='word_1_313' title='bbox 189 2437 222 2457; x_wconf 82' lang='grc' dir='ltr'>η.</span> <span class='ocrx_word' id='word_1_314' title='bbox 246 2434 372 2456; x_wconf 78' lang='lat' dir='ltr'>Dvau.</span> <span class='ocrx_word' id='word_1_315' title='bbox 396 2434 553 2456; x_wconf 75' lang='lat' dir='ltr'>DLxxxiv.</span> 
     </span>
    </p>

    <p class='ocr_par' dir='ltr' id='par_1_9' title="bbox 188 2469 920 2597">
     <span class='ocr_line' id='line_1_54' title="bbox 235 2469 920 2510; baseline 0 -10"><span class='ocrx_word' id='word_1_316' title='bbox 235 2470 278 2510; x_wconf 72' lang='lat' dir='ltr'>Q.</span> <span class='ocrx_word' id='word_1_317' title='bbox 303 2469 490 2510; x_wconf 76' lang='lat' dir='ltr'>Philippus,</span> <span class='ocrx_word' id='word_1_318' title='bbox 515 2469 557 2500; x_wconf 70' lang='grc' dir='ltr'>αδ.</span> <span class='ocrx_word' id='word_1_319' title='bbox 586 2469 663 2500; x_wconf 79' lang='lat' dir='ltr'>Div.</span> <span class='ocrx_word' id='word_1_320' title='bbox 697 2469 766 2499; x_wconf 84' lang='lat' dir='ltr'>xiii.</span> <span class='ocrx_word' id='word_1_321' title='bbox 791 2473 843 2503; x_wconf 80' lang='grc'>73.</span> <span class='ocrx_word' id='word_1_322' title='bbox 867 2473 920 2504; x_wconf 79' lang='lat'>74.</span> 
     </span>
     <span class='ocr_line' id='line_1_55' title="bbox 190 2513 920 2544; baseline 0 0"><span class='ocrx_word' id='word_1_323' title='bbox 190 2513 374 2544; x_wconf 81' lang='lat' dir='ltr'>Proconsul</span> <span class='ocrx_word' id='word_1_324' title='bbox 407 2518 552 2543; x_wconf 71' lang='lat' dir='ltr'>vocatur.</span> <span class='ocrx_word' id='word_1_325' title='bbox 586 2513 762 2543; x_wconf 72' lang='grc' dir='ltr'>Μιιηιιῖίιιε</span> <span class='ocrx_word' id='word_1_326' title='bbox 800 2515 920 2544; x_wconf 60' lang='lat' dir='ltr'>‘inlelli-</span> 
     </span>
     <span class='ocr_line' id='line_1_56' title="bbox 188 2557 775 2597; baseline -0.002 -9"><span class='ocrx_word' id='word_1_327' title='bbox 188 2559 241 2597; x_wconf 81' lang='lat' dir='ltr'>git</span> <span class='ocrx_word' id='word_1_328' title='bbox 255 2558 339 2587; x_wconf 83' lang='lat' dir='ltr'>Asiae</span> <span class='ocrx_word' id='word_1_329' title='bbox 354 2569 360 2586; x_wconf 71' lang='grc' dir='ltr'><strong>ε</strong></span> <span class='ocrx_word' id='word_1_330' title='bbox 386 2558 593 2596; x_wconf 74' lang='lat' dir='ltr'>quodprobat</span> <span class='ocrx_word' id='word_1_331' title='bbox 616 2557 775 2587; x_wconf 69' lang='lat' dir='ltr'>Groevc&#39;us.</span> 
     </span>
    </p>

    <p class='ocr_par' dir='ltr' id='par_1_10' title="bbox 187 2600 920 2902">
     <span class='ocr_line' id='line_1_57' title="bbox 236 2600 919 2640; baseline 0 -9"><span class='ocrx_word' id='word_1_332' title='bbox 236 2601 411 2638; x_wconf 72' lang='lat' dir='ltr'>Philistus,</span> <span class='ocrx_word' id='word_1_333' title='bbox 448 2600 660 2640; x_wconf 52' lang='grc' dir='ltr'>ιδζιρτιειιεὲιιε,</span> <span class='ocrx_word' id='word_1_334' title='bbox 693 2601 771 2630; x_wconf 85' lang='lat' dir='ltr'>Div.</span> <span class='ocrx_word' id='word_1_335' title='bbox 805 2601 826 2630; x_wconf 87' lang='lat' dir='ltr'>i.</span> <span class='ocrx_word' id='word_1_336' title='bbox 866 2602 919 2632; x_wconf 88' lang='lat'>20.</span> 
     </span>
     <span class='ocr_line' id='line_1_58' title="bbox 191 2643 920 2683; baseline -0.003 -7"><span class='ocrx_word' id='word_1_337' title='bbox 191 2648 243 2676; x_wconf 87' lang='lat'>33.</span> <span class='ocrx_word' id='word_1_338' title='bbox 267 2644 444 2675; x_wconf 83' lang='lat' dir='ltr'>historicus</span> <span class='ocrx_word' id='word_1_339' title='bbox 477 2644 594 2674; x_wconf 87' lang='lat' dir='ltr'>doctus</span> <span class='ocrx_word' id='word_1_340' title='bbox 625 2649 657 2674; x_wconf 89' lang='lat' dir='ltr'><strong>ct</strong></span> <span class='ocrx_word' id='word_1_341' title='bbox 693 2643 846 2683; x_wconf 73' lang='lat' dir='ltr'>diligens,</span> <span class='ocrx_word' id='word_1_342' title='bbox 877 2655 920 2674; x_wconf 67' lang='grc' dir='ltr'>εε-</span> 
     </span>
     <span class='ocr_line' id='line_1_59' title="bbox 190 2687 919 2728; baseline 0 -10"><span class='ocrx_word' id='word_1_343' title='bbox 190 2687 295 2728; x_wconf 80' lang='lat' dir='ltr'>qualis</span> <span class='ocrx_word' id='word_1_344' title='bbox 330 2688 483 2728; x_wconf 70' lang='lat' dir='ltr'>Dionysii</span> <span class='ocrx_word' id='word_1_345' title='bbox 517 2689 663 2728; x_wconf 80' lang='lat' dir='ltr'>tyranni.</span> <span class='ocrx_word' id='word_1_346' title='bbox 708 2688 765 2717; x_wconf 88' lang='lat' dir='ltr'>Or.</span> <span class='ocrx_word' id='word_1_347' title='bbox 798 2689 831 2718; x_wconf 89' lang='lat' dir='ltr'>ii.</span> <span class='ocrx_word' id='word_1_348' title='bbox 870 2691 919 2718; x_wconf 84' lang='grc'>13.</span> 
     </span>
     <span class='ocr_line' id='line_1_60' title="bbox 190 2731 919 2771; baseline -0.001 -9"><span class='ocrx_word' id='word_1_349' title='bbox 190 2734 243 2763; x_wconf 74' lang='grc'>23.</span> <span class='ocrx_word' id='word_1_350' title='bbox 266 2731 439 2761; x_wconf 80' lang='lat' dir='ltr'>familiaris</span> <span class='ocrx_word' id='word_1_351' title='bbox 463 2732 628 2771; x_wconf 71' lang='lat' dir='ltr'>Dionysii,</span> <span class='ocrx_word' id='word_1_352' title='bbox 651 2731 806 2761; x_wconf 77' lang='lat' dir='ltr'><strong>imitatur</strong></span> <span class='ocrx_word' id='word_1_353' title='bbox 826 2731 919 2761; x_wconf 82' lang='lat' dir='ltr'>Thu-</span> 
     </span>
     <span class='ocr_line' id='line_1_61' title="bbox 189 2774 920 2816; baseline 0 -11"><span class='ocrx_word' id='word_1_354' title='bbox 189 2775 354 2816; x_wconf 84' lang='lat' dir='ltr'>cydidem.</span> <span class='ocrx_word' id='word_1_355' title='bbox 390 2775 486 2806; x_wconf 84' lang='lat' dir='ltr'>Brut.</span> <span class='ocrx_word' id='word_1_356' title='bbox 520 2779 568 2810; x_wconf 85' lang='lat'>17.</span> <span class='ocrx_word' id='word_1_357' title='bbox 614 2774 806 2804; x_wconf 77' lang='lat' dir='ltr'>nonhabet</span> <span class='ocrx_word' id='word_1_358' title='bbox 829 2785 920 2805; x_wconf 87' lang='lat' dir='ltr'>ama-</span> 
     </span>
     <span class='ocr_line' id='line_1_62' title="bbox 187 2818 918 2857; baseline 0.001 -8"><span class='ocrx_word' id='word_1_359' title='bbox 187 2823 289 2850; x_wconf 82' lang='lat' dir='ltr'>tores.</span> <span class='ocrx_word' id='word_1_360' title='bbox 311 2819 367 2849; x_wconf 88' lang='lat' dir='ltr'>Br.</span> <span class='ocrx_word' id='word_1_361' title='bbox 392 2822 444 2849; x_wconf 71' lang='lat'>85.</span> <span class='ocrx_word' id='word_1_362' title='bbox 490 2818 531 2857; x_wconf 80' lang='grc' dir='ltr'>Ω.</span> <span class='ocrx_word' id='word_1_363' title='bbox 556 2819 606 2849; x_wconf 77' lang='lat' dir='ltr'>Fr.</span> <span class='ocrx_word' id='word_1_364' title='bbox 631 2819 665 2848; x_wconf 90' lang='lat' dir='ltr'>ii.</span> <span class='ocrx_word' id='word_1_365' title='bbox 692 2821 742 2849; x_wconf 80' lang='lat'>13.</span> <span class='ocrx_word' id='word_1_366' title='bbox 780 2829 811 2849; x_wconf 86' lang='lat' dir='ltr'>v.</span> <span class='ocrx_word' id='word_1_367' title='bbox 836 2818 918 2850; x_wconf 86' lang='lat' dir='ltr'>Dio-</span> 
     </span>
     <span class='ocr_line' id='line_1_63' title="bbox 187 2863 560 2902; baseline -0.005 -9"><span class='ocrx_word' id='word_1_368' title='bbox 187 2864 257 2893; x_wconf 78' lang='lat' dir='ltr'>dor.</span> <span class='ocrx_word' id='word_1_369' title='bbox 275 2863 340 2893; x_wconf 65' lang='lat' dir='ltr'>Sic.</span> <span class='ocrx_word' id='word_1_370' title='bbox 359 2863 473 2902; x_wconf 76' lang='lat' dir='ltr'>xiii.p.</span> <span class='ocrx_word' id='word_1_371' title='bbox 487 2864 560 2893; x_wconf 79' lang='lat'>222.</span> 
     </span>
    </p>

    <p class='ocr_par' dir='ltr' id='par_1_11' title="bbox 186 2904 918 2981">
     <span class='ocr_line' id='line_1_64' title="bbox 232 2904 918 2943; baseline 0 -7"><span class='ocrx_word' id='word_1_372' title='bbox 232 2906 344 2943; x_wconf 82' lang='lat' dir='ltr'>Philo,</span> <span class='ocrx_word' id='word_1_373' title='bbox 368 2906 469 2936; x_wconf 78' lang='lat' dir='ltr'>Acad.</span> <span class='ocrx_word' id='word_1_374' title='bbox 495 2907 538 2936; x_wconf 83' lang='lat' dir='ltr'>iv.</span> <span class='ocrx_word' id='word_1_375' title='bbox 563 2906 593 2936; x_wconf 86' lang='lat'>6.</span> <span class='ocrx_word' id='word_1_376' title='bbox 627 2904 827 2935; x_wconf 73' lang='lat' dir='ltr'><strong>Clitomachi</strong></span> <span class='ocrx_word' id='word_1_377' title='bbox 858 2916 918 2936; x_wconf 87' lang='lat' dir='ltr'>au—</span> 
     </span>
     <span class='ocr_line' id='line_1_65' title="bbox 186 2949 917 2981; baseline -0.001 -2"><span class='ocrx_word' id='word_1_378' title='bbox 186 2950 286 2980; x_wconf 72' lang='lat' dir='ltr'>ditor.</span> <span class='ocrx_word' id='word_1_379' title='bbox 343 2950 400 2981; x_wconf 86' lang='lat' dir='ltr'>Or.</span> <span class='ocrx_word' id='word_1_380' title='bbox 425 2950 470 2980; x_wconf 89' lang='lat' dir='ltr'>iii.</span> <span class='ocrx_word' id='word_1_381' title='bbox 494 2952 546 2981; x_wconf 70' lang='lat'>98.</span> <span class='ocrx_word' id='word_1_382' title='bbox 580 2950 613 2979; x_wconf 85' lang='lat' dir='ltr'>iu</span> <span class='ocrx_word' id='word_1_383' title='bbox 637 2949 818 2980; x_wconf 69' lang='lat' dir='ltr'>Academia</span> <span class='ocrx_word' id='word_1_384' title='bbox 846 2959 917 2979; x_wconf 78' lang='lat' dir='ltr'>ma-</span> 
     </span>
    </p>
   </div>
   <div class='ocr_carea' id='block_1_4' title="bbox 1639 141 1715 177">
    <p class='ocr_par' dir='ltr' id='par_1_12' title="bbox 1639 141 1715 177">
     <span class='ocr_line' id='line_1_66' title="bbox 1639 141 1715 177; baseline 0 -1"><span class='ocrx_word' id='word_1_385' title='bbox 1639 141 1715 177; x_wconf 76' lang='lat'>135</span> 
     </span>
    </p>
   </div>
   <div class='ocr_carea' id='block_1_5' title="bbox 978 238 1714 673">
    <p class='ocr_par' dir='ltr' id='par_1_13' title="bbox 978 238 1714 673">
     <span class='ocr_line' id='line_1_67' title="bbox 983 238 1714 282; baseline -0.004 -11"><span class='ocrx_word' id='word_1_386' title='bbox 983 242 1071 273; x_wconf 81' lang='lat' dir='ltr'>xime</span> <span class='ocrx_word' id='word_1_387' title='bbox 1090 243 1195 274; x_wconf 77' lang='lat' dir='ltr'>floret.</span> <span class='ocrx_word' id='word_1_388' title='bbox 1218 243 1315 274; x_wconf 86' lang='lat' dir='ltr'>Brut.</span> <span class='ocrx_word' id='word_1_389' title='bbox 1339 245 1390 277; x_wconf 73' lang='lat'>39.</span> <span class='ocrx_word' id='word_1_390' title='bbox 1416 242 1569 282; x_wconf 84' lang='lat' dir='ltr'>princeps</span> <span class='ocrx_word' id='word_1_391' title='bbox 1587 238 1714 270; x_wconf 80' lang='lat' dir='ltr'>Acadc-</span> 
     </span>
     <span class='ocr_line' id='line_1_68' title="bbox 982 284 1711 327; baseline -0.004 -12"><span class='ocrx_word' id='word_1_392' title='bbox 982 286 1059 316; x_wconf 77' lang='lat' dir='ltr'>miae</span> <span class='ocrx_word' id='word_1_393' title='bbox 1083 290 1224 327; x_wconf 57' lang='lat' dir='ltr'>Quarta·</span> <span class='ocrx_word' id='word_1_394' title='bbox 1247 286 1477 317; x_wconf 74' lang='lat' dir='ltr'><strong>Mithridatico</strong></span> <span class='ocrx_word' id='word_1_395' title='bbox 1511 284 1598 314; x_wconf 90' lang='lat' dir='ltr'>bello</span> <span class='ocrx_word' id='word_1_396' title='bbox 1632 294 1711 313; x_wconf 89' lang='lat' dir='ltr'>cum</span> 
     </span>
     <span class='ocr_line' id='line_1_69' title="bbox 981 327 1712 368; baseline -0.004 -10"><span class='ocrx_word' id='word_1_397' title='bbox 981 330 1200 368; x_wconf 70' lang='lat' dir='ltr'><strong>optimatibus</strong></span> <span class='ocrx_word' id='word_1_398' title='bbox 1237 330 1492 360; x_wconf 70' lang='lat' dir='ltr'>Atheniensium</span> <span class='ocrx_word' id='word_1_399' title='bbox 1527 328 1625 357; x_wconf 75' lang='lat' dir='ltr'>(lomo</span> <span class='ocrx_word' id='word_1_400' title='bbox 1660 327 1712 356; x_wconf 82' lang='lat' dir='ltr'>fn-</span> 
     </span>
     <span class='ocr_line' id='line_1_70' title="bbox 980 373 1713 411; baseline -0.004 -9"><span class='ocrx_word' id='word_1_401' title='bbox 980 373 1044 411; x_wconf 75' lang='lat' dir='ltr'>g&#39;it,</span> <span class='ocrx_word' id='word_1_402' title='bbox 1066 379 1100 403; x_wconf 85' lang='lat' dir='ltr'><strong>ct</strong></span> <span class='ocrx_word' id='word_1_403' title='bbox 1125 374 1264 404; x_wconf 84' lang='lat' dir='ltr'><strong>Romam</strong></span> <span class='ocrx_word' id='word_1_404' title='bbox 1289 374 1391 403; x_wconf 85' lang='lat' dir='ltr'>venit.</span> <span class='ocrx_word' id='word_1_405' title='bbox 1431 373 1626 403; x_wconf 77' lang='lat' dir='ltr'>Ciceronem</span> <span class='ocrx_word' id='word_1_406' title='bbox 1653 381 1713 400; x_wconf 87' lang='lat' dir='ltr'>au-</span> 
     </span>
     <span class='ocr_line' id='line_1_71' title="bbox 980 415 1708 447; baseline -0.003 -2"><span class='ocrx_word' id='word_1_407' title='bbox 980 416 1124 446; x_wconf 76' lang='lat' dir='ltr'>ditorem</span> <span class='ocrx_word' id='word_1_408' title='bbox 1162 417 1289 447; x_wconf 86' lang='lat' dir='ltr'>habuit.</span> <span class='ocrx_word' id='word_1_409' title='bbox 1328 417 1369 446; x_wconf 89' lang='lat' dir='ltr'>ad</span> <span class='ocrx_word' id='word_1_410' title='bbox 1402 416 1478 446; x_wconf 82' lang='lat' dir='ltr'>Div.</span> <span class='ocrx_word' id='word_1_411' title='bbox 1517 415 1586 445; x_wconf 79' lang='lat' dir='ltr'>xiii.</span> <span class='ocrx_word' id='word_1_412' title='bbox 1630 417 1655 444; x_wconf 94' lang='lat' dir='ltr'>l.</span> <span class='ocrx_word' id='word_1_413' title='bbox 1680 415 1708 443; x_wconf 84' lang='lat' dir='ltr'>ci</span> 
     </span>
     <span class='ocr_line' id='line_1_72' title="bbox 980 457 1709 500; baseline -0.001 -12"><span class='ocrx_word' id='word_1_414' title='bbox 980 459 1075 489; x_wconf 71' lang='lat' dir='ltr'>valde</span> <span class='ocrx_word' id='word_1_415' title='bbox 1099 461 1269 500; x_wconf 86' lang='lat' dir='ltr'>probatur.</span> <span class='ocrx_word' id='word_1_416' title='bbox 1294 460 1396 490; x_wconf 75' lang='lat' dir='ltr'>Acad.</span> <span class='ocrx_word' id='word_1_417' title='bbox 1419 460 1462 489; x_wconf 82' lang='lat' dir='ltr'>iv.</span> <span class='ocrx_word' id='word_1_418' title='bbox 1485 462 1517 489; x_wconf 86' lang='lat'>4.</span> <span class='ocrx_word' id='word_1_419' title='bbox 1542 459 1612 496; x_wconf 72' lang='lat' dir='ltr'>ejus</span> <span class='ocrx_word' id='word_1_420' title='bbox 1637 457 1709 487; x_wconf 72' lang='lat' dir='ltr'>libri</span> 
     </span>
     <span class='ocr_line' id='line_1_73' title="bbox 981 502 1708 534; baseline -0.004 -2"><span class='ocrx_word' id='word_1_421' title='bbox 981 502 1056 533; x_wconf 85' lang='lat' dir='ltr'>duo.</span> <span class='ocrx_word' id='word_1_422' title='bbox 1081 504 1101 533; x_wconf 93' lang='lat' dir='ltr'>i.</span> <span class='ocrx_word' id='word_1_423' title='bbox 1126 506 1157 534; x_wconf 85' lang='grc'>4.</span> <span class='ocrx_word' id='word_1_424' title='bbox 1181 509 1300 534; x_wconf 83' lang='lat' dir='ltr'>contra</span> <span class='ocrx_word' id='word_1_425' title='bbox 1332 513 1409 533; x_wconf 87' lang='lat' dir='ltr'>cum</span> <span class='ocrx_word' id='word_1_426' title='bbox 1444 502 1559 533; x_wconf 64' lang='lat' dir='ltr'>scribit</span> <span class='ocrx_word' id='word_1_427' title='bbox 1592 502 1708 530; x_wconf 73' lang='lat' dir='ltr'>Antio-</span> 
     </span>
     <span class='ocr_line' id='line_1_74' title="bbox 980 545 1709 578; baseline -0.003 -1"><span class='ocrx_word' id='word_1_428' title='bbox 980 546 1074 577; x_wconf 84' lang='lat' dir='ltr'>chus.</span> <span class='ocrx_word' id='word_1_429' title='bbox 1107 546 1206 577; x_wconf 78' lang='lat' dir='ltr'>Tusc.</span> <span class='ocrx_word' id='word_1_430' title='bbox 1230 548 1264 578; x_wconf 92' lang='lat' dir='ltr'>ii.</span> <span class='ocrx_word' id='word_1_431' title='bbox 1291 551 1340 578; x_wconf 90' lang='lat'>10.</span> <span class='ocrx_word' id='word_1_432' title='bbox 1364 546 1510 576; x_wconf 83' lang='lat' dir='ltr'>versibus</span> <span class='ocrx_word' id='word_1_433' title='bbox 1534 545 1607 575; x_wconf 79' lang='lat' dir='ltr'>loco</span> <span class='ocrx_word' id='word_1_434' title='bbox 1642 546 1709 575; x_wconf 85' lang='lat' dir='ltr'>uti-</span> 
     </span>
     <span class='ocr_line' id='line_1_75' title="bbox 978 588 1707 629; baseline -0.004 -9"><span class='ocrx_word' id='word_1_435' title='bbox 978 594 1046 620; x_wconf 76' lang='lat' dir='ltr'>tur.</span> <span class='ocrx_word' id='word_1_436' title='bbox 1084 590 1162 620; x_wconf 86' lang='lat' dir='ltr'>ibid.</span> <span class='ocrx_word' id='word_1_437' title='bbox 1199 594 1230 621; x_wconf 88' lang='grc'>3.</span> <span class='ocrx_word' id='word_1_438' title='bbox 1271 590 1336 620; x_wconf 87' lang='lat' dir='ltr'>alio</span> <span class='ocrx_word' id='word_1_439' title='bbox 1373 596 1525 629; x_wconf 75' lang='lat' dir='ltr'>tempore</span> <span class='ocrx_word' id='word_1_440' title='bbox 1564 588 1707 628; x_wconf 78' lang='lat' dir='ltr'>philoso-</span> 
     </span>
     <span class='ocr_line' id='line_1_76' title="bbox 978 631 1708 673; baseline -0.003 -10"><span class='ocrx_word' id='word_1_441' title='bbox 978 633 1106 673; x_wconf 87' lang='lat' dir='ltr'>phiam,</span> <span class='ocrx_word' id='word_1_442' title='bbox 1127 633 1191 663; x_wconf 88' lang='lat' dir='ltr'>alio</span> <span class='ocrx_word' id='word_1_443' title='bbox 1209 634 1410 664; x_wconf 79' lang='lat' dir='ltr'><strong>rhetoricam</strong></span> <span class='ocrx_word' id='word_1_444' title='bbox 1438 633 1588 663; x_wconf 87' lang='lat' dir='ltr'>docebat.</span> <span class='ocrx_word' id='word_1_445' title='bbox 1606 631 1708 661; x_wconf 70' lang='lat' dir='ltr'>Acaul.</span> 
     </span>
    </p>
   </div>
   <div class='ocr_carea' id='block_1_6' title="bbox 1657 679 1710 709">
    <p class='ocr_par' dir='ltr' id='par_1_14' title="bbox 1657 679 1710 709">
     <span class='ocr_line' id='line_1_77' title="bbox 1657 679 1710 709; baseline -0.019 -2"><span class='ocrx_word' id='word_1_446' title='bbox 1657 679 1710 709; x_wconf 80' lang='grc'>37.</span> 
     </span>
    </p>
   </div>
   <div class='ocr_carea' id='block_1_7' title="bbox 958 676 1707 3023">
    <p class='ocr_par' dir='ltr' id='par_1_15' title="bbox 978 676 1633 760">
     <span class='ocr_line' id='line_1_78' title="bbox 979 676 1633 716; baseline 0 -10"><span class='ocrx_word' id='word_1_447' title='bbox 979 677 1000 706; x_wconf 92' lang='lat' dir='ltr'>i.</span> <span class='ocrx_word' id='word_1_448' title='bbox 1024 680 1056 708; x_wconf 74' lang='lat'>4.</span> <span class='ocrx_word' id='word_1_449' title='bbox 1104 678 1265 716; x_wconf 51' lang='lat' dir='ltr'>magizter</span> <span class='ocrx_word' id='word_1_450' title='bbox 1286 676 1456 709; x_wconf 90' lang='lat' dir='ltr'>Antiochi.</span> <span class='ocrx_word' id='word_1_451' title='bbox 1477 676 1578 706; x_wconf 85' lang='lat' dir='ltr'>Tusc.</span> <span class='ocrx_word' id='word_1_452' title='bbox 1603 687 1633 706; x_wconf 77' lang='lat' dir='ltr'>v.</span> 
     </span>
     <span class='ocr_line' id='line_1_79' title="bbox 978 721 1224 760; baseline 0.008 -11"><span class='ocrx_word' id='word_1_453' title='bbox 978 721 1224 760; x_wconf 69' lang='lat' dir='ltr'>peregrinatur.</span> 
     </span>
    </p>

    <p class='ocr_par' dir='ltr' id='par_1_16' title="bbox 976 762 1707 979">
     <span class='ocr_line' id='line_1_80' title="bbox 1021 762 1707 801; baseline -0.003 -7"><span class='ocrx_word' id='word_1_454' title='bbox 1021 763 1134 800; x_wconf 82' lang='lat' dir='ltr'>Philo,</span> <span class='ocrx_word' id='word_1_455' title='bbox 1151 765 1369 801; x_wconf 74' lang='lat' dir='ltr'>Ar-elzitectus‚</span> <span class='ocrx_word' id='word_1_456' title='bbox 1396 764 1454 794; x_wconf 88' lang='lat' dir='ltr'>Or.</span> <span class='ocrx_word' id='word_1_457' title='bbox 1478 764 1499 793; x_wconf 83' lang='lat' dir='ltr'>i.</span> <span class='ocrx_word' id='word_1_458' title='bbox 1527 765 1576 794; x_wconf 77' lang='lat'>14.</span> <span class='ocrx_word' id='word_1_459' title='bbox 1601 762 1707 793; x_wconf 80' lang='lat' dir='ltr'><strong>Athe-</strong></span> 
     </span>
     <span class='ocr_line' id='line_1_81' title="bbox 978 805 1707 845; baseline -0.001 -8"><span class='ocrx_word' id='word_1_460' title='bbox 978 808 1146 838; x_wconf 74' lang='lat' dir='ltr'>niensibus</span> <span class='ocrx_word' id='word_1_461' title='bbox 1172 808 1470 838; x_wconf 73' lang='lat' dir='ltr'>armamentarium</span> <span class='ocrx_word' id='word_1_462' title='bbox 1495 807 1588 843; x_wconf 80' lang='lat' dir='ltr'>fecit,</span> <span class='ocrx_word' id='word_1_463' title='bbox 1613 805 1707 845; x_wconf 72' lang='lat' dir='ltr'>eujus</span> 
     </span>
     <span class='ocr_line' id='line_1_82' title="bbox 976 850 1707 892; baseline -0.003 -11"><span class='ocrx_word' id='word_1_464' title='bbox 976 852 1261 892; x_wconf 74' lang='lat' dir='ltr'>nzentiofi·equens</span> <span class='ocrx_word' id='word_1_465' title='bbox 1275 853 1430 891; x_wconf 75' lang='lat' dir='ltr'>antiquis.</span> <span class='ocrx_word' id='word_1_466' title='bbox 1456 850 1543 880; x_wconf 81' lang='lat' dir='ltr'>Loca</span> <span class='ocrx_word' id='word_1_467' title='bbox 1562 854 1707 880; x_wconf 71' lang='lat' dir='ltr'>veterum</span> 
     </span>
     <span class='ocr_line' id='line_1_83' title="bbox 977 894 1706 936; baseline -0.001 -11"><span class='ocrx_word' id='word_1_468' title='bbox 977 896 1108 925; x_wconf 61' lang='lat' dir='ltr'>collecta</span> <span class='ocrx_word' id='word_1_469' title='bbox 1130 895 1194 925; x_wconf 79' lang='lat' dir='ltr'>vid.</span> <span class='ocrx_word' id='word_1_470' title='bbox 1212 905 1265 936; x_wconf 82' lang='lat' dir='ltr'>ap.</span> <span class='ocrx_word' id='word_1_471' title='bbox 1281 895 1426 926; x_wconf 59' lang='lat' dir='ltr'>«lunium</span> <span class='ocrx_word' id='word_1_472' title='bbox 1451 896 1490 924; x_wconf 84' lang='lat' dir='ltr'>de</span> <span class='ocrx_word' id='word_1_473' title='bbox 1506 894 1648 924; x_wconf 75' lang='lat' dir='ltr'>Pictura</span> <span class='ocrx_word' id='word_1_474' title='bbox 1672 896 1706 924; x_wconf 74' lang='lat' dir='ltr'>in</span> 
     </span>
     <span class='ocr_line' id='line_1_84' title="bbox 981 936 1204 979; baseline -0.004 -10"><span class='ocrx_word' id='word_1_475' title='bbox 981 939 1086 969; x_wconf 78' lang='lat' dir='ltr'>Catac.</span> <span class='ocrx_word' id='word_1_476' title='bbox 1102 936 1204 979; x_wconf 65' lang='lat' dir='ltr'>Artgt&#39;.</span> 
     </span>
    </p>

    <p class='ocr_par' dir='ltr' id='par_1_17' title="bbox 975 980 1705 1056">
     <span class='ocr_line' id='line_1_85' title="bbox 1019 980 1705 1019; baseline 0 -8"><span class='ocrx_word' id='word_1_477' title='bbox 1019 983 1128 1019; x_wconf 73' lang='lat' dir='ltr'>Philo,</span> <span class='ocrx_word' id='word_1_478' title='bbox 1146 983 1187 1012; x_wconf 84' lang='lat' dir='ltr'>ad</span> <span class='ocrx_word' id='word_1_479' title='bbox 1203 983 1279 1013; x_wconf 86' lang='lat' dir='ltr'>Div.</span> <span class='ocrx_word' id='word_1_480' title='bbox 1297 983 1330 1012; x_wconf 93' lang='lat' dir='ltr'>ii.</span> <span class='ocrx_word' id='word_1_481' title='bbox 1352 983 1402 1013; x_wconf 90' lang='lat'>12.</span> <span class='ocrx_word' id='word_1_482' title='bbox 1424 981 1493 1011; x_wconf 79' lang='lat' dir='ltr'>viii.</span> <span class='ocrx_word' id='word_1_483' title='bbox 1511 983 1540 1011; x_wconf 82' lang='grc'>8.</span> <span class='ocrx_word' id='word_1_484' title='bbox 1565 980 1705 1011; x_wconf 80' lang='lat' dir='ltr'>libertus</span> 
     </span>
     <span class='ocr_line' id='line_1_86' title="bbox 975 1026 1243 1056; baseline -0.004 0"><span class='ocrx_word' id='word_1_485' title='bbox 975 1026 1022 1056; x_wconf 88' lang='grc' dir='ltr'>Μ.</span> <span class='ocrx_word' id='word_1_486' title='bbox 1043 1026 1136 1056; x_wconf 78' lang='lat' dir='ltr'>Coelii</span> <span class='ocrx_word' id='word_1_487' title='bbox 1153 1026 1243 1056; x_wconf 82' lang='lat' dir='ltr'>Rufi.</span> 
     </span>
    </p>

    <p class='ocr_par' dir='ltr' id='par_1_18' title="bbox 972 1067 1705 1197">
     <span class='ocr_line' id='line_1_87' title="bbox 1017 1067 1704 1105; baseline -0.003 -5"><span class='ocrx_word' id='word_1_488' title='bbox 1017 1070 1061 1100; x_wconf 89' lang='lat' dir='ltr'>L.</span> <span class='ocrx_word' id='word_1_489' title='bbox 1089 1070 1199 1105; x_wconf 80' lang='lat' dir='ltr'>Philo,</span> <span class='ocrx_word' id='word_1_490' title='bbox 1223 1080 1240 1099; x_wconf 82' lang='lat' dir='ltr'>e</span> <span class='ocrx_word' id='word_1_491' title='bbox 1269 1069 1424 1100; x_wconf 67' lang='lat' dir='ltr'>r&#39;eturiis.</span> <span class='ocrx_word' id='word_1_492' title='bbox 1450 1069 1485 1099; x_wconf 91' lang='lat' dir='ltr'>in</span> <span class='ocrx_word' id='word_1_493' title='bbox 1512 1067 1624 1098; x_wconf 73' lang='lat' dir='ltr'>Caecil.</span> <span class='ocrx_word' id='word_1_494' title='bbox 1654 1073 1704 1103; x_wconf 82' lang='lat'>19.</span> 
     </span>
     <span class='ocr_line' id='line_1_88' title="bbox 974 1113 1705 1152; baseline 0.001 -10"><span class='ocrx_word' id='word_1_495' title='bbox 974 1117 1119 1152; x_wconf 85' lang='lat' dir='ltr'>quaestor</span> <span class='ocrx_word' id='word_1_496' title='bbox 1133 1114 1170 1144; x_wconf 90' lang='lat' dir='ltr'>C.</span> <span class='ocrx_word' id='word_1_497' title='bbox 1187 1113 1327 1144; x_wconf 86' lang='lat' dir='ltr'>Servilii.</span> <span class='ocrx_word' id='word_1_498' title='bbox 1344 1113 1384 1143; x_wconf 89' lang='lat' dir='ltr'>Ei</span> <span class='ocrx_word' id='word_1_499' title='bbox 1401 1117 1524 1152; x_wconf 85' lang='lat' dir='ltr'>negata</span> <span class='ocrx_word' id='word_1_500' title='bbox 1540 1118 1590 1142; x_wconf 89' lang='lat' dir='ltr'>est</span> <span class='ocrx_word' id='word_1_501' title='bbox 1607 1123 1705 1143; x_wconf 85' lang='lat' dir='ltr'>accu-</span> 
     </span>
     <span class='ocr_line' id='line_1_89' title="bbox 972 1156 1387 1197; baseline 0 -11"><span class='ocrx_word' id='word_1_502' title='bbox 972 1157 1065 1186; x_wconf 83' lang='lat' dir='ltr'>sandi</span> <span class='ocrx_word' id='word_1_503' title='bbox 1083 1156 1210 1187; x_wconf 68' lang='lat' dir='ltr'>Servilii</span> <span class='ocrx_word' id='word_1_504' title='bbox 1227 1163 1387 1197; x_wconf 85' lang='lat' dir='ltr'>potestas.</span> 
     </span>
    </p>

    <p class='ocr_par' dir='ltr' id='par_1_19' title="bbox 958 1199 1707 1546">
     <span class='ocr_line' id='line_1_90' title="bbox 1018 1199 1706 1236; baseline 0.001 -6"><span class='ocrx_word' id='word_1_505' title='bbox 1018 1200 1223 1236; x_wconf 56' lang='lat' dir='ltr'>Philoctetes,</span> <span class='ocrx_word' id='word_1_506' title='bbox 1241 1201 1281 1230; x_wconf 82' lang='lat' dir='ltr'>ad</span> <span class='ocrx_word' id='word_1_507' title='bbox 1299 1200 1379 1230; x_wconf 77' lang='lat' dir='ltr'>Her.</span> <span class='ocrx_word' id='word_1_508' title='bbox 1405 1200 1447 1230; x_wconf 86' lang='lat' dir='ltr'>iv.</span> <span class='ocrx_word' id='word_1_509' title='bbox 1466 1203 1519 1231; x_wconf 90' lang='grc'>30.</span> <span class='ocrx_word' id='word_1_510' title='bbox 1546 1199 1646 1230; x_wconf 86' lang='lat' dir='ltr'>Tusc.</span> <span class='ocrx_word' id='word_1_511' title='bbox 1662 1201 1706 1231; x_wconf 77' lang='lat' dir='ltr'>iv,</span> 
     </span>
     <span class='ocr_line' id='line_1_91' title="bbox 972 1244 1707 1284; baseline 0.003 -11"><span class='ocrx_word' id='word_1_512' title='bbox 972 1247 1023 1275; x_wconf 79' lang='grc'>30.</span> <span class='ocrx_word' id='word_1_513' title='bbox 1048 1244 1310 1284; x_wconf 66' lang='lat' dir='ltr'>Psemelisfilins,</span> <span class='ocrx_word' id='word_1_514' title='bbox 1327 1245 1379 1274; x_wconf 68' lang='lat' dir='ltr'>ezei</span> <span class='ocrx_word' id='word_1_515' title='bbox 1392 1244 1553 1274; x_wconf 63' lang='lat' dir='ltr'>Hercules</span> <span class='ocrx_word' id='word_1_516' title='bbox 1570 1246 1707 1275; x_wconf 77' lang='lat' dir='ltr'>moriens</span> 
     </span>
     <span class='ocr_line' id='line_1_92' title="bbox 969 1287 1706 1328; baseline 0 -11"><span class='ocrx_word' id='word_1_517' title='bbox 969 1290 1107 1327; x_wconf 69' lang='lat' dir='ltr'>sagittas</span> <span class='ocrx_word' id='word_1_518' title='bbox 1138 1289 1275 1318; x_wconf 73' lang='lat' dir='ltr'>tradidit</span> <span class='ocrx_word' id='word_1_519' title='bbox 1305 1287 1360 1327; x_wconf 62' lang='lat' dir='ltr'>&amp;a</span> <span class='ocrx_word' id='word_1_520' title='bbox 1392 1288 1550 1318; x_wconf 76' lang='lat' dir='ltr'>Memoria</span> <span class='ocrx_word' id='word_1_521' title='bbox 1578 1290 1706 1328; x_wconf 75' lang='lat' dir='ltr'>lapsum</span> 
     </span>
     <span class='ocr_line' id='line_1_93' title="bbox 976 1330 1707 1371; baseline 0.003 -11"><span class='ocrx_word' id='word_1_522' title='bbox 976 1332 991 1359; x_wconf 87' lang='lat'><em>(</em></span> <span class='ocrx_word' id='word_1_523' title='bbox 999 1333 1169 1369; x_wconf 48' lang='lat' dir='ltr'>&#39;ieermenn</span> <span class='ocrx_word' id='word_1_524' title='bbox 1181 1342 1242 1371; x_wconf 79' lang='lat' dir='ltr'>pro</span> <span class='ocrx_word' id='word_1_525' title='bbox 1260 1333 1396 1362; x_wconf 76' lang='lat' dir='ltr'>Poectnlc</span> <span class='ocrx_word' id='word_1_526' title='bbox 1408 1333 1546 1370; x_wconf 68' lang='lat' dir='ltr'>posuisse</span> <span class='ocrx_word' id='word_1_527' title='bbox 1559 1330 1707 1362; x_wconf 74' lang='lat' dir='ltr'>Poecmtis</span> 
     </span>
     <span class='ocr_line' id='line_1_94' title="bbox 958 1375 1706 1415; baseline 0.003 -10"><span class='ocrx_word' id='word_1_528' title='bbox 958 1375 1240 1415; x_wconf 73' lang='lat' dir='ltr'>filimn,putabat</span> <span class='ocrx_word' id='word_1_529' title='bbox 1265 1375 1431 1405; x_wconf 71' lang='lat' dir='ltr'>Victorius</span> <span class='ocrx_word' id='word_1_530' title='bbox 1455 1375 1534 1405; x_wconf 58' lang='grc' dir='ltr'><strong>Γᾶν.</strong></span> <span class='ocrx_word' id='word_1_531' title='bbox 1554 1375 1644 1406; x_wconf 70' lang='lat' dir='ltr'>Leet.</span> <span class='ocrx_word' id='word_1_532' title='bbox 1669 1377 1706 1407; x_wconf 79' lang='lat' dir='ltr'>ii.</span> 
     </span>
     <span class='ocr_line' id='line_1_95' title="bbox 975 1418 1703 1459; baseline 0.001 -10"><span class='ocrx_word' id='word_1_533' title='bbox 975 1422 1022 1450; x_wconf 81' lang='lat'>15.</span> <span class='ocrx_word' id='word_1_534' title='bbox 1054 1421 1110 1449; x_wconf 75' lang='lat' dir='ltr'>secl</span> <span class='ocrx_word' id='word_1_535' title='bbox 1130 1418 1318 1458; x_wconf 54' lang='lat' dir='ltr'>defenditur</span> <span class='ocrx_word' id='word_1_536' title='bbox 1341 1429 1362 1449; x_wconf 82' lang='lat' dir='ltr'><strong><em>a</em></strong></span> <span class='ocrx_word' id='word_1_537' title='bbox 1393 1418 1522 1459; x_wconf 66' lang='lat' dir='ltr'>(iqfano</span> <span class='ocrx_word' id='word_1_538' title='bbox 1545 1419 1590 1449; x_wconf 81' lang='lat' dir='ltr'>ad</span> <span class='ocrx_word' id='word_1_539' title='bbox 1609 1420 1703 1450; x_wconf 67' lang='lat' dir='ltr'>Ouid.</span> 
     </span>
     <span class='ocr_line' id='line_1_96' title="bbox 968 1463 1706 1497; baseline 0 -4"><span class='ocrx_word' id='word_1_540' title='bbox 968 1463 1017 1493; x_wconf 80' lang='lat' dir='ltr'>M.</span> <span class='ocrx_word' id='word_1_541' title='bbox 1052 1464 1095 1493; x_wconf 82' lang='lat' dir='ltr'>ix.</span> <span class='ocrx_word' id='word_1_542' title='bbox 1126 1465 1199 1497; x_wconf 75' lang='lat'>229.</span> <span class='ocrx_word' id='word_1_543' title='bbox 1242 1464 1295 1493; x_wconf 80' lang='lat' dir='ltr'>ubi</span> <span class='ocrx_word' id='word_1_544' title='bbox 1332 1464 1443 1493; x_wconf 75' lang='lat' dir='ltr'>eadem</span> <span class='ocrx_word' id='word_1_545' title='bbox 1481 1463 1637 1493; x_wconf 75' lang='lat' dir='ltr'>dicuntur</span> <span class='ocrx_word' id='word_1_546' title='bbox 1667 1464 1706 1493; x_wconf 80' lang='lat' dir='ltr'>de</span> 
     </span>
     <span class='ocr_line' id='line_1_97' title="bbox 970 1507 1216 1546; baseline -0.004 -9"><span class='ocrx_word' id='word_1_547' title='bbox 970 1507 1118 1537; x_wconf 66' lang='lat' dir='ltr'>Pceantis</span> <span class='ocrx_word' id='word_1_548' title='bbox 1129 1507 1216 1546; x_wconf 78' lang='lat' dir='ltr'>filio.</span> 
     </span>
    </p>

    <p class='ocr_par' dir='ltr' id='par_1_20' title="bbox 1014 1550 1681 1590">
     <span class='ocr_line' id='line_1_98' title="bbox 1014 1550 1681 1590; baseline -0.001 -10"><span class='ocrx_word' id='word_1_549' title='bbox 1014 1551 1241 1587; x_wconf 74' lang='lat' dir='ltr'>Philodamus,</span> <span class='ocrx_word' id='word_1_550' title='bbox 1258 1550 1351 1580; x_wconf 74' lang='lat' dir='ltr'>verr.</span> <span class='ocrx_word' id='word_1_551' title='bbox 1368 1550 1401 1580; x_wconf 88' lang='lat' dir='ltr'>ii.</span> <span class='ocrx_word' id='word_1_552' title='bbox 1419 1552 1472 1580; x_wconf 87' lang='lat'>44.</span> <span class='ocrx_word' id='word_1_553' title='bbox 1499 1550 1681 1590; x_wconf 66' lang='lat' dir='ltr'>Opuntius.</span> 
     </span>
    </p>

    <p class='ocr_par' dir='ltr' id='par_1_21' title="bbox 969 1593 1704 1712">
     <span class='ocr_line' id='line_1_99' title="bbox 1013 1593 1704 1633; baseline -0.001 -9"><span class='ocrx_word' id='word_1_554' title='bbox 1013 1593 1241 1630; x_wconf 73' lang='lat' dir='ltr'>Philodamus,</span> <span class='ocrx_word' id='word_1_555' title='bbox 1257 1594 1350 1624; x_wconf 84' lang='lat' dir='ltr'>Verr.</span> <span class='ocrx_word' id='word_1_556' title='bbox 1372 1594 1393 1623; x_wconf 93' lang='lat' dir='ltr'>i.</span> <span class='ocrx_word' id='word_1_557' title='bbox 1417 1596 1470 1624; x_wconf 85' lang='lat'>25.</span> <span class='ocrx_word' id='word_1_558' title='bbox 1503 1594 1704 1633; x_wconf 79' lang='lat' dir='ltr'>Lampsace-</span> 
     </span>
     <span class='ocr_line' id='line_1_100' title="bbox 970 1637 1703 1678; baseline 0 -11"><span class='ocrx_word' id='word_1_559' title='bbox 970 1648 1089 1668; x_wconf 84' lang='lat' dir='ltr'>norum</span> <span class='ocrx_word' id='word_1_560' title='bbox 1108 1639 1276 1678; x_wconf 84' lang='lat' dir='ltr'>princepS,</span> <span class='ocrx_word' id='word_1_561' title='bbox 1288 1637 1418 1668; x_wconf 87' lang='lat' dir='ltr'>aVerre</span> <span class='ocrx_word' id='word_1_562' title='bbox 1435 1644 1571 1668; x_wconf 85' lang='lat' dir='ltr'>vexatus</span> <span class='ocrx_word' id='word_1_563' title='bbox 1582 1643 1616 1668; x_wconf 91' lang='lat' dir='ltr'>et</span> <span class='ocrx_word' id='word_1_564' title='bbox 1626 1643 1703 1668; x_wconf 86' lang='lat' dir='ltr'>tan-</span> 
     </span>
     <span class='ocr_line' id='line_1_101' title="bbox 969 1682 1202 1712; baseline 0.004 -1"><span class='ocrx_word' id='word_1_565' title='bbox 969 1682 1045 1711; x_wconf 78' lang='lat' dir='ltr'>dein</span> <span class='ocrx_word' id='word_1_566' title='bbox 1062 1683 1202 1712; x_wconf 83' lang='lat' dir='ltr'>occisus.</span> 
     </span>
    </p>

    <p class='ocr_par' dir='ltr' id='par_1_22' title="bbox 967 1724 1706 1975">
     <span class='ocr_line' id='line_1_102' title="bbox 1014 1724 1702 1765; baseline 0 -10"><span class='ocrx_word' id='word_1_567' title='bbox 1014 1725 1237 1763; x_wconf 76' lang='lat' dir='ltr'>Philodemus,</span> <span class='ocrx_word' id='word_1_568' title='bbox 1256 1725 1327 1755; x_wconf 87' lang='lat' dir='ltr'>Fin.</span> <span class='ocrx_word' id='word_1_569' title='bbox 1354 1724 1389 1756; x_wconf 86' lang='lat' dir='ltr'>ii.</span> <span class='ocrx_word' id='word_1_570' title='bbox 1415 1728 1469 1756; x_wconf 88' lang='grc'>35.</span> <span class='ocrx_word' id='word_1_571' title='bbox 1502 1724 1702 1765; x_wconf 83' lang='lat' dir='ltr'>Epicureus,</span> 
     </span>
     <span class='ocr_line' id='line_1_103' title="bbox 968 1768 1704 1809; baseline 0 -10"><span class='ocrx_word' id='word_1_572' title='bbox 968 1780 1061 1809; x_wconf 79' lang='lat' dir='ltr'>quem</span> <span class='ocrx_word' id='word_1_573' title='bbox 1084 1771 1231 1800; x_wconf 71' lang='lat' dir='ltr'>nonnulli</span> <span class='ocrx_word' id='word_1_574' title='bbox 1248 1768 1482 1799; x_wconf 84' lang='lat' dir='ltr'>Philodamum</span> <span class='ocrx_word' id='word_1_575' title='bbox 1498 1773 1624 1805; x_wconf 72' lang='lat' dir='ltr'>vocant,</span> <span class='ocrx_word' id='word_1_576' title='bbox 1643 1771 1704 1799; x_wconf 85' lang='lat' dir='ltr'>mi-</span> 
     </span>
     <span class='ocr_line' id='line_1_104' title="bbox 967 1812 1706 1852; baseline 0.001 -10"><span class='ocrx_word' id='word_1_577' title='bbox 967 1823 1030 1843; x_wconf 79' lang='lat' dir='ltr'>nus</span> <span class='ocrx_word' id='word_1_578' title='bbox 1046 1818 1139 1844; x_wconf 82' lang='lat' dir='ltr'>recte.</span> <span class='ocrx_word' id='word_1_579' title='bbox 1155 1823 1185 1843; x_wconf 81' lang='lat' dir='ltr'>v.</span> <span class='ocrx_word' id='word_1_580' title='bbox 1202 1813 1338 1852; x_wconf 68' lang='lat' dir='ltr'>lisenag.</span> <span class='ocrx_word' id='word_1_581' title='bbox 1355 1813 1401 1843; x_wconf 79' lang='lat' dir='ltr'>ad</span> <span class='ocrx_word' id='word_1_582' title='bbox 1416 1812 1530 1844; x_wconf 64' lang='lat' dir='ltr'>Laert.</span> <span class='ocrx_word' id='word_1_583' title='bbox 1546 1823 1579 1843; x_wconf 88' lang='lat' dir='ltr'>x.</span> <span class='ocrx_word' id='word_1_584' title='bbox 1597 1815 1628 1843; x_wconf 86' lang='lat'>3.</span> <span class='ocrx_word' id='word_1_585' title='bbox 1659 1814 1706 1843; x_wconf 80' lang='lat' dir='ltr'>ad</span> 
     </span>
     <span class='ocr_line' id='line_1_105' title="bbox 968 1856 1702 1897; baseline 0.001 -10"><span class='ocrx_word' id='word_1_586' title='bbox 968 1867 1040 1887; x_wconf 78' lang='lat' dir='ltr'>eum</span> <span class='ocrx_word' id='word_1_587' title='bbox 1053 1859 1195 1897; x_wconf 71' lang='lat' dir='ltr'>pertinet</span> <span class='ocrx_word' id='word_1_588' title='bbox 1213 1859 1298 1887; x_wconf 77' lang='lat' dir='ltr'>loeus</span> <span class='ocrx_word' id='word_1_589' title='bbox 1314 1856 1446 1886; x_wconf 79' lang='lat' dir='ltr'>Horatii</span> <span class='ocrx_word' id='word_1_590' title='bbox 1463 1856 1532 1887; x_wconf 86' lang='lat' dir='ltr'>Sat.</span> <span class='ocrx_word' id='word_1_591' title='bbox 1549 1856 1570 1886; x_wconf 89' lang='lat' dir='ltr'>i.</span> <span class='ocrx_word' id='word_1_592' title='bbox 1584 1859 1614 1887; x_wconf 79' lang='lat'>2.</span> <span class='ocrx_word' id='word_1_593' title='bbox 1630 1860 1702 1888; x_wconf 87' lang='lat'>101.</span> 
     </span>
     <span class='ocr_line' id='line_1_106' title="bbox 967 1900 1701 1940; baseline 0.003 -10"><span class='ocrx_word' id='word_1_594' title='bbox 967 1903 1042 1930; x_wconf 69' lang='lat' dir='ltr'>ilem</span> <span class='ocrx_word' id='word_1_595' title='bbox 1058 1901 1287 1940; x_wconf 76' lang='lat' dir='ltr'>intelligendas</span> <span class='ocrx_word' id='word_1_596' title='bbox 1301 1905 1347 1930; x_wconf 84' lang='lat' dir='ltr'>est</span> <span class='ocrx_word' id='word_1_597' title='bbox 1362 1902 1396 1930; x_wconf 84' lang='lat' dir='ltr'>in</span> <span class='ocrx_word' id='word_1_598' title='bbox 1413 1900 1477 1930; x_wconf 84' lang='lat' dir='ltr'>Pis.</span> <span class='ocrx_word' id='word_1_599' title='bbox 1494 1903 1546 1931; x_wconf 86' lang='lat'>28.</span> <span class='ocrx_word' id='word_1_600' title='bbox 1569 1910 1599 1929; x_wconf 92' lang='lat' dir='ltr'>v.</span> <span class='ocrx_word' id='word_1_601' title='bbox 1614 1901 1701 1932; x_wconf 80' lang='lat' dir='ltr'>Tur-</span> 
     </span>
     <span class='ocr_line' id='line_1_107' title="bbox 967 1945 1289 1975; baseline -0.003 -1"><span class='ocrx_word' id='word_1_602' title='bbox 967 1946 1036 1974; x_wconf 78' lang='lat' dir='ltr'>neb.</span> <span class='ocrx_word' id='word_1_603' title='bbox 1052 1945 1135 1975; x_wconf 72' lang='lat' dir='ltr'>Ado.</span> <span class='ocrx_word' id='word_1_604' title='bbox 1153 1945 1218 1974; x_wconf 81' lang='lat' dir='ltr'>xxi.</span> <span class='ocrx_word' id='word_1_605' title='bbox 1240 1947 1289 1974; x_wconf 83' lang='lat'>15.</span> 
     </span>
    </p>

    <p class='ocr_par' dir='ltr' id='par_1_23' title="bbox 1012 1986 1644 2025">
     <span class='ocr_line' id='line_1_108' title="bbox 1012 1986 1644 2025; baseline 0 -6"><span class='ocrx_word' id='word_1_606' title='bbox 1012 1988 1219 2025; x_wconf 53' lang='lat' dir='ltr'>Pareamus,</span> <span class='ocrx_word' id='word_1_607' title='bbox 1237 1987 1345 2018; x_wconf 87' lang='lat' dir='ltr'>Flacc.</span> <span class='ocrx_word' id='word_1_608' title='bbox 1362 1988 1416 2018; x_wconf 88' lang='lat'>22.</span> <span class='ocrx_word' id='word_1_609' title='bbox 1439 1986 1644 2019; x_wconf 86' lang='lat' dir='ltr'>Trallianus.</span> 
     </span>
    </p>

    <p class='ocr_par' dir='ltr' id='par_1_24' title="bbox 967 2031 1699 2106">
     <span class='ocr_line' id='line_1_109' title="bbox 1012 2031 1699 2071; baseline 0.001 -9"><span class='ocrx_word' id='word_1_610' title='bbox 1012 2032 1218 2071; x_wconf 72' lang='lat' dir='ltr'>Philogenes,</span> <span class='ocrx_word' id='word_1_611' title='bbox 1235 2031 1308 2061; x_wconf 79' lang='lat' dir='ltr'>Att.</span> <span class='ocrx_word' id='word_1_612' title='bbox 1325 2042 1354 2061; x_wconf 78' lang='lat' dir='ltr'>v,</span> <span class='ocrx_word' id='word_1_613' title='bbox 1377 2035 1425 2062; x_wconf 87' lang='lat'>13.</span> <span class='ocrx_word' id='word_1_614' title='bbox 1458 2032 1500 2061; x_wconf 85' lang='lat' dir='ltr'>vi.</span> <span class='ocrx_word' id='word_1_615' title='bbox 1525 2034 1555 2062; x_wconf 82' lang='lat'>3.</span> <span class='ocrx_word' id='word_1_616' title='bbox 1586 2042 1699 2063; x_wconf 66' lang='lat' dir='ltr'>servus</span> 
     </span>
     <span class='ocr_line' id='line_1_110' title="bbox 967 2075 1316 2106; baseline -0.003 -1"><span class='ocrx_word' id='word_1_617' title='bbox 967 2080 1026 2106; x_wconf 88' lang='lat' dir='ltr'>aut</span> <span class='ocrx_word' id='word_1_618' title='bbox 1044 2076 1182 2106; x_wconf 78' lang='lat' dir='ltr'>libertus</span> <span class='ocrx_word' id='word_1_619' title='bbox 1200 2075 1316 2106; x_wconf 80' lang='lat' dir='ltr'>Attici.</span> 
     </span>
    </p>

    <p class='ocr_par' dir='ltr' id='par_1_25' title="bbox 967 2117 1698 2194">
     <span class='ocr_line' id='line_1_111' title="bbox 1011 2117 1698 2159; baseline 0 -9"><span class='ocrx_word' id='word_1_620' title='bbox 1011 2119 1221 2159; x_wconf 61' lang='lat' dir='ltr'>Philogenes,</span> <span class='ocrx_word' id='word_1_621' title='bbox 1239 2119 1281 2159; x_wconf 78' lang='grc' dir='ltr'>Ω.</span> <span class='ocrx_word' id='word_1_622' title='bbox 1307 2118 1357 2149; x_wconf 90' lang='lat' dir='ltr'>Fr.</span> <span class='ocrx_word' id='word_1_623' title='bbox 1382 2118 1404 2148; x_wconf 89' lang='lat' dir='ltr'>i.</span> <span class='ocrx_word' id='word_1_624' title='bbox 1428 2120 1459 2148; x_wconf 89' lang='lat'>3.</span> <span class='ocrx_word' id='word_1_625' title='bbox 1490 2117 1629 2149; x_wconf 85' lang='lat' dir='ltr'>libertus</span> <span class='ocrx_word' id='word_1_626' title='bbox 1656 2119 1698 2159; x_wconf 80' lang='grc' dir='ltr'>Ω.</span> 
     </span>
     <span class='ocr_line' id='line_1_112' title="bbox 967 2164 1148 2194; baseline 0 -1"><span class='ocrx_word' id='word_1_627' title='bbox 967 2164 1148 2194; x_wconf 76' lang='lat' dir='ltr'>Ciceronis.</span> 
     </span>
    </p>

    <p class='ocr_par' dir='ltr' id='par_1_26' title="bbox 965 2205 1696 2291">
     <span class='ocr_line' id='line_1_113' title="bbox 1011 2205 1696 2245; baseline 0 -8"><span class='ocrx_word' id='word_1_628' title='bbox 1011 2207 1196 2244; x_wconf 72' lang='lat' dir='ltr'>Philolaus,</span> <span class='ocrx_word' id='word_1_629' title='bbox 1224 2206 1281 2237; x_wconf 91' lang='lat' dir='ltr'>Or.</span> <span class='ocrx_word' id='word_1_630' title='bbox 1314 2205 1362 2235; x_wconf 81' lang='lat' dir='ltr'>iii.</span> <span class='ocrx_word' id='word_1_631' title='bbox 1395 2208 1447 2236; x_wconf 87' lang='lat'>34.</span> <span class='ocrx_word' id='word_1_632' title='bbox 1487 2206 1696 2245; x_wconf 63' lang='lat' dir='ltr'>Crotoniaten,</span> 
     </span>
     <span class='ocr_line' id='line_1_114' title="bbox 965 2249 1588 2291; baseline -0.002 -10"><span class='ocrx_word' id='word_1_633' title='bbox 965 2251 1206 2291; x_wconf 77' lang='lat' dir='ltr'>PythagoreuS‚</span> <span class='ocrx_word' id='word_1_634' title='bbox 1223 2249 1377 2289; x_wconf 86' lang='lat' dir='ltr'>Archytae</span> <span class='ocrx_word' id='word_1_635' title='bbox 1394 2249 1588 2289; x_wconf 84' lang='lat' dir='ltr'>discipulus.</span> 
     </span>
    </p>

    <p class='ocr_par' dir='ltr' id='par_1_27' title="bbox 963 2292 1697 2460">
     <span class='ocr_line' id='line_1_115' title="bbox 1009 2292 1696 2331; baseline 0 -6"><span class='ocrx_word' id='word_1_636' title='bbox 1009 2295 1165 2331; x_wconf 82' lang='lat' dir='ltr'>Plzilotes,</span> <span class='ocrx_word' id='word_1_637' title='bbox 1183 2293 1436 2331; x_wconf 80' lang='lat' dir='ltr'>Alabandensis,</span> <span class='ocrx_word' id='word_1_638' title='bbox 1458 2292 1501 2323; x_wconf 87' lang='lat' dir='ltr'>ad</span> <span class='ocrx_word' id='word_1_639' title='bbox 1524 2293 1600 2324; x_wconf 89' lang='lat' dir='ltr'>Div.</span> <span class='ocrx_word' id='word_1_640' title='bbox 1624 2293 1696 2325; x_wconf 82' lang='lat' dir='ltr'>xiii.</span> 
     </span>
     <span class='ocr_line' id='line_1_116' title="bbox 1009 2379 1697 2419; baseline 0 -7"><span class='ocrx_word' id='word_1_641' title='bbox 1009 2382 1218 2419; x_wconf 77' lang='lat' dir='ltr'>Philotimus,</span> <span class='ocrx_word' id='word_1_642' title='bbox 1252 2380 1323 2411; x_wconf 88' lang='lat' dir='ltr'>Att.</span> <span class='ocrx_word' id='word_1_643' title='bbox 1354 2380 1388 2411; x_wconf 86' lang='lat' dir='ltr'>ii.</span> <span class='ocrx_word' id='word_1_644' title='bbox 1418 2382 1450 2410; x_wconf 87' lang='grc'>4.</span> <span class='ocrx_word' id='word_1_645' title='bbox 1490 2379 1532 2410; x_wconf 89' lang='lat' dir='ltr'>iv.</span> <span class='ocrx_word' id='word_1_646' title='bbox 1569 2383 1619 2412; x_wconf 91' lang='lat'>10.</span> <span class='ocrx_word' id='word_1_647' title='bbox 1654 2381 1697 2412; x_wconf 76' lang='lat' dir='ltr'>ad</span> 
     </span>
     <span class='ocr_line' id='line_1_117' title="bbox 963 2424 1587 2460; baseline -0.006 -3"><span class='ocrx_word' id='word_1_648' title='bbox 963 2426 1040 2457; x_wconf 88' lang='lat' dir='ltr'>Div.</span> <span class='ocrx_word' id='word_1_649' title='bbox 1056 2426 1103 2455; x_wconf 86' lang='lat' dir='ltr'>iii.</span> <span class='ocrx_word' id='word_1_650' title='bbox 1120 2430 1151 2460; x_wconf 78' lang='grc'>9.</span> <span class='ocrx_word' id='word_1_651' title='bbox 1170 2427 1229 2455; x_wconf 81' lang='lat' dir='ltr'>&amp;c.</span> <span class='ocrx_word' id='word_1_652' title='bbox 1247 2425 1386 2454; x_wconf 85' lang='lat' dir='ltr'>libertus</span> <span class='ocrx_word' id='word_1_653' title='bbox 1404 2424 1587 2454; x_wconf 72' lang='lat' dir='ltr'>Ciceronis.</span> 
     </span>
    </p>

    <p class='ocr_par' dir='ltr' id='par_1_28' title="bbox 962 2468 1697 2727">
     <span class='ocr_line' id='line_1_118' title="bbox 1008 2468 1697 2508; baseline -0.001 -8"><span class='ocrx_word' id='word_1_654' title='bbox 1008 2469 1220 2506; x_wconf 63' lang='lat' dir='ltr'>Philoxenus,</span> <span class='ocrx_word' id='word_1_655' title='bbox 1236 2468 1308 2498; x_wconf 87' lang='lat' dir='ltr'>Att.</span> <span class='ocrx_word' id='word_1_656' title='bbox 1325 2469 1367 2498; x_wconf 93' lang='lat' dir='ltr'>iv.</span> <span class='ocrx_word' id='word_1_657' title='bbox 1384 2468 1415 2498; x_wconf 86' lang='lat'>6.</span> <span class='ocrx_word' id='word_1_658' title='bbox 1440 2471 1541 2507; x_wconf 74' lang='lat' dir='ltr'>poeta</span> <span class='ocrx_word' id='word_1_659' title='bbox 1556 2468 1697 2508; x_wconf 87' lang='lat' dir='ltr'>Syracu·</span> 
     </span>
     <span class='ocr_line' id='line_1_119' title="bbox 963 2512 1693 2552; baseline -0.001 -9"><span class='ocrx_word' id='word_1_660' title='bbox 963 2523 1077 2551; x_wconf 81' lang='lat' dir='ltr'>sanus,</span> <span class='ocrx_word' id='word_1_661' title='bbox 1105 2513 1160 2552; x_wconf 80' lang='lat' dir='ltr'>qui</span> <span class='ocrx_word' id='word_1_662' title='bbox 1178 2513 1213 2543; x_wconf 87' lang='lat' dir='ltr'>in</span> <span class='ocrx_word' id='word_1_663' title='bbox 1229 2512 1411 2542; x_wconf 81' lang='lat' dir='ltr'>lautumias</span> <span class='ocrx_word' id='word_1_664' title='bbox 1436 2512 1608 2550; x_wconf 84' lang='lat' dir='ltr'>conjectus</span> <span class='ocrx_word' id='word_1_665' title='bbox 1628 2521 1693 2550; x_wconf 81' lang='lat' dir='ltr'>est,</span> 
     </span>
     <span class='ocr_line' id='line_1_120' title="bbox 963 2555 1695 2596; baseline -0.001 -9"><span class='ocrx_word' id='word_1_666' title='bbox 963 2557 1052 2596; x_wconf 81' lang='lat' dir='ltr'>quod</span> <span class='ocrx_word' id='word_1_667' title='bbox 1062 2557 1216 2596; x_wconf 84' lang='lat' dir='ltr'>Dionysii</span> <span class='ocrx_word' id='word_1_668' title='bbox 1229 2566 1342 2586; x_wconf 87' lang='lat' dir='ltr'>versus</span> <span class='ocrx_word' id='word_1_669' title='bbox 1360 2555 1597 2595; x_wconf 81' lang='lat' dir='ltr'>improbasset:</span> <span class='ocrx_word' id='word_1_670' title='bbox 1614 2556 1695 2586; x_wconf 84' lang='lat' dir='ltr'>edu·</span> 
     </span>
     <span class='ocr_line' id='line_1_121' title="bbox 963 2598 1696 2640; baseline 0.003 -12"><span class='ocrx_word' id='word_1_671' title='bbox 963 2605 1018 2629; x_wconf 75' lang='lat' dir='ltr'><strong>cto</strong></span> <span class='ocrx_word' id='word_1_672' title='bbox 1035 2611 1052 2630; x_wconf 86' lang='lat' dir='ltr'>e</span> <span class='ocrx_word' id='word_1_673' title='bbox 1069 2610 1202 2630; x_wconf 84' lang='lat' dir='ltr'>carcere</span> <span class='ocrx_word' id='word_1_674' title='bbox 1220 2609 1297 2630; x_wconf 89' lang='lat' dir='ltr'>cum</span> <span class='ocrx_word' id='word_1_675' title='bbox 1315 2598 1371 2629; x_wconf 88' lang='lat' dir='ltr'>alii</span> <span class='ocrx_word' id='word_1_676' title='bbox 1388 2600 1458 2637; x_wconf 86' lang='lat' dir='ltr'>ejus</span> <span class='ocrx_word' id='word_1_677' title='bbox 1475 2608 1588 2630; x_wconf 89' lang='lat' dir='ltr'>versus</span> <span class='ocrx_word' id='word_1_678' title='bbox 1610 2609 1696 2640; x_wconf 85' lang='lat' dir='ltr'>prae·</span> 
     </span>
     <span class='ocr_line' id='line_1_122' title="bbox 962 2643 1697 2683; baseline 0.001 -10"><span class='ocrx_word' id='word_1_679' title='bbox 962 2643 1039 2674; x_wconf 69' lang='lat' dir='ltr'>lecti</span> <span class='ocrx_word' id='word_1_680' title='bbox 1056 2648 1179 2680; x_wconf 81' lang='lat' dir='ltr'>essent,</span> <span class='ocrx_word' id='word_1_681' title='bbox 1196 2649 1315 2683; x_wconf 88' lang='lat' dir='ltr'>sponte</span> <span class='ocrx_word' id='word_1_682' title='bbox 1336 2643 1371 2672; x_wconf 88' lang='lat' dir='ltr'>in</span> <span class='ocrx_word' id='word_1_683' title='bbox 1395 2652 1563 2674; x_wconf 83' lang='lat' dir='ltr'>carcerem</span> <span class='ocrx_word' id='word_1_684' title='bbox 1587 2653 1697 2674; x_wconf 75' lang='lat' dir='ltr'>rever·</span> 
     </span>
     <span class='ocr_line' id='line_1_123' title="bbox 962 2685 1598 2727; baseline 0 -10"><span class='ocrx_word' id='word_1_685' title='bbox 962 2698 1017 2717; x_wconf 77' lang='lat' dir='ltr'>sus</span> <span class='ocrx_word' id='word_1_686' title='bbox 1034 2692 1086 2717; x_wconf 63' lang='lat' dir='ltr'>est</span> <span class='ocrx_word' id='word_1_687' title='bbox 1103 2688 1228 2727; x_wconf 87' lang='lat' dir='ltr'>potius,</span> <span class='ocrx_word' id='word_1_688' title='bbox 1246 2696 1347 2726; x_wconf 87' lang='lat' dir='ltr'>quam</span> <span class='ocrx_word' id='word_1_689' title='bbox 1363 2696 1418 2716; x_wconf 85' lang='lat' dir='ltr'>eos</span> <span class='ocrx_word' id='word_1_690' title='bbox 1434 2685 1598 2717; x_wconf 85' lang='lat' dir='ltr'>laudaret.</span> 
     </span>
    </p>

    <p class='ocr_par' dir='ltr' id='par_1_29' title="bbox 962 2730 1697 2809">
     <span class='ocr_line' id='line_1_124' title="bbox 1007 2730 1697 2769; baseline 0.003 -8"><span class='ocrx_word' id='word_1_691' title='bbox 1007 2731 1140 2768; x_wconf 68' lang='lat' dir='ltr'>Philas,</span> <span class='ocrx_word' id='word_1_692' title='bbox 1169 2731 1241 2761; x_wconf 87' lang='lat' dir='ltr'>Att.</span> <span class='ocrx_word' id='word_1_693' title='bbox 1274 2731 1317 2761; x_wconf 88' lang='lat' dir='ltr'>iv.</span> <span class='ocrx_word' id='word_1_694' title='bbox 1351 2730 1401 2760; x_wconf 89' lang='lat'>16.</span> <span class='ocrx_word' id='word_1_695' title='bbox 1433 2739 1620 2769; x_wconf 85' lang='lat' dir='ltr'>cognomen</span> <span class='ocrx_word' id='word_1_696' title='bbox 1653 2730 1697 2763; x_wconf 85' lang='lat' dir='ltr'>L.</span> 
     </span>
     <span class='ocr_line' id='line_1_125' title="bbox 962 2773 1570 2809; baseline 0 -6"><span class='ocrx_word' id='word_1_697' title='bbox 962 2774 1079 2805; x_wconf 83' lang='lat' dir='ltr'>Fulvii.</span> <span class='ocrx_word' id='word_1_698' title='bbox 1096 2774 1205 2804; x_wconf 82' lang='lat' dir='ltr'>Amic.</span> <span class='ocrx_word' id='word_1_699' title='bbox 1223 2776 1254 2804; x_wconf 84' lang='lat'>4.</span> <span class='ocrx_word' id='word_1_700' title='bbox 1272 2777 1303 2809; x_wconf 84' lang='lat'>7.</span> <span class='ocrx_word' id='word_1_701' title='bbox 1324 2777 1374 2808; x_wconf 90' lang='grc'>19.</span> <span class='ocrx_word' id='word_1_702' title='bbox 1403 2773 1570 2804; x_wconf 81' lang='lat' dir='ltr'>laudatur.</span> 
     </span>
    </p>

    <p class='ocr_par' dir='ltr' id='par_1_30' title="bbox 1007 2817 1694 2857">
     <span class='ocr_line' id='line_1_126' title="bbox 1007 2817 1694 2857; baseline 0.003 -9"><span class='ocrx_word' id='word_1_703' title='bbox 1007 2819 1175 2855; x_wconf 66' lang='lat' dir='ltr'>Phintias,</span> <span class='ocrx_word' id='word_1_704' title='bbox 1191 2818 1287 2848; x_wconf 79' lang='lat' dir='ltr'>Offic.</span> <span class='ocrx_word' id='word_1_705' title='bbox 1304 2818 1351 2848; x_wconf 87' lang='lat' dir='ltr'>iii.</span> <span class='ocrx_word' id='word_1_706' title='bbox 1372 2820 1422 2847; x_wconf 91' lang='grc'>10.</span> <span class='ocrx_word' id='word_1_707' title='bbox 1454 2817 1694 2857; x_wconf 78' lang='lat' dir='ltr'>Pythagoreus,</span> 
     </span>
    </p>

    <p class='ocr_par' dir='ltr' id='par_1_31' title="bbox 961 2861 1694 2936">
     <span class='ocr_line' id='line_1_127' title="bbox 1005 2861 1694 2899; baseline 0 -7"><span class='ocrx_word' id='word_1_708' title='bbox 1005 2862 1159 2899; x_wconf 80' lang='lat' dir='ltr'>Pl1oem&#39;.z·,</span> <span class='ocrx_word' id='word_1_709' title='bbox 1176 2862 1233 2892; x_wconf 91' lang='lat' dir='ltr'>Or.</span> <span class='ocrx_word' id='word_1_710' title='bbox 1260 2861 1306 2892; x_wconf 89' lang='lat' dir='ltr'>iii.</span> <span class='ocrx_word' id='word_1_711' title='bbox 1334 2864 1382 2892; x_wconf 88' lang='lat'>15.</span> <span class='ocrx_word' id='word_1_712' title='bbox 1415 2870 1526 2890; x_wconf 78' lang='lat' dir='ltr'>comes</span> <span class='ocrx_word' id='word_1_713' title='bbox 1542 2861 1694 2897; x_wconf 76' lang='lat' dir='ltr'>Achillis.</span> 
     </span>
     <span class='ocr_line' id='line_1_128' title="bbox 961 2905 1115 2936; baseline 0.006 -1"><span class='ocrx_word' id='word_1_714' title='bbox 961 2905 1115 2936; x_wconf 72' lang='lat' dir='ltr'>disertus.</span> 
     </span>
    </p>

    <p class='ocr_par' dir='ltr' id='par_1_32' title="bbox 1006 2947 1693 2993">
     <span class='ocr_line' id='line_1_129' title="bbox 1006 2947 1693 2993; baseline 0.001 -14"><span class='ocrx_word' id='word_1_715' title='bbox 1006 2949 1174 2986; x_wconf 80' lang='lat' dir='ltr'>Phormio,</span> <span class='ocrx_word' id='word_1_716' title='bbox 1201 2949 1258 2979; x_wconf 85' lang='lat' dir='ltr'>Or.</span> <span class='ocrx_word' id='word_1_717' title='bbox 1288 2949 1322 2979; x_wconf 87' lang='lat' dir='ltr'>ii.</span> <span class='ocrx_word' id='word_1_718' title='bbox 1353 2950 1403 2979; x_wconf 75' lang='lat'>12.</span> <span class='ocrx_word' id='word_1_719' title='bbox 1435 2947 1693 2993; x_wconf 63' lang='lat' dir='ltr'>Peripateticus,</span> 
     </span>
    </p>

    <p class='ocr_par' dir='ltr' id='par_1_33' title="bbox 996 2996 1054 3023">
     <span class='ocr_line' id='line_1_130' title="bbox 996 2996 1054 3023; baseline 0.017 -1"><span class='ocrx_word' id='word_1_720' title='bbox 996 3000 1018 3022; x_wconf 73' lang='lat' dir='ltr'>K</span> <span class='ocrx_word' id='word_1_721' title='bbox 1034 2996 1054 3023; x_wconf 77' lang='lat'>4</span> 
     </span>
    </p>
   </div>
  </div>
 </body>
</html>
