1985 3206
742 103 889 132 INDEx
919 103 1054 130 LATIN
1061 103 1177 132 ΙΤΑΤῙ
1184 105 1216 132 S.

218 191 314 225 com.
326 191 532 233 4.judicium
542 198 594 225 est
605 194 758 235 pecuniae
770 198 884 230 cerne,
895 203 950 223 ar-

216 239 347 268 (zm-ium
375 238 524 269 incertae.
541 239 613 269 Vid.
624 238 865 278 locumipsum.
878 236 949 266 haec

215 282 356 311 arbitria
369 281 531 312 dicuntur
540 282 730 319 honoraria,
751 281 849 311 Rosc.
864 280 899 310 (ἶ.
919 285 948 310 Β.

213 326 293 363 quia
308 325 441 355 arbitris
462 325 596 355 honoris
612 335 713 355 causa
729 325 879 355 defertur
893 334 948 354 αν-

216 368 361 398 bitrium.
407 369 471 398 Sed
497 376 546 399 est
573 375 687 398 tamen
713 369 815 398 etiam
844 368 948 397 inter—

215 411 295 441 dum
314 420 372 452 pro
396 412 532 452 judicio.
557 412 642 441 Nam
673 413 791 450 Quint.
809 414 839 442 3.
859 412 947 441 arbi-

215 456 318 485 trium
332 465 390 495 pro
405 456 508 493 socio,
525 461 575 486 est
585 456 751 494 judici-,un
763 455 945 485 sooietatis.

214 497 364 528 Vocatur
394 506 508 529 autem
540 506 718 539 propterca
755 500 944 535 arbitrium,

215 542 294 580 quia
309 542 416 572 simile
445 549 495 573 est
522 544 661 573 arbitrii.
706 542 794 572 Nam
823 547 946 582 praetor

215 585 250 615 in
268 584 425 623 formula,
440 587 472 616 in
490 596 589 625 quam
607 586 774 626 judicium
790 586 860 621 dar,
889 585 945 614 arl-

216 628 264 659 dit
279 640 286 658 z
311 641 351 659 ex
379 631 442 660 fide
473 630 569 659 bona.
625 629 796 660 dudit-ium
829 637 941 658 auum

214 682 298 709 esse,
315 683 355 702 ex
370 684 409 703 eo
425 682 531 713 patet,
556 673 643 712 quod
661 673 787 702 Praetor
815 678 941 702 certum

213 716 393 746 formulam
409 717 478 754 dat,
497 717 585 756 qnod
602 718 635 746 in
651 717 797 746 arbitriis
810 726 876 746 non
894 717 943 746 fit.

215 763 234 781 *²
257 761 433 791 arbitrium
466 762 511 790 rei
552 762 687 797 uxoriae‚
717 760 780 789 Off.
812 760 856 789 iii.
893 763 941 790 15.

212 803 296 843 Top.
316 807 364 838 17.
387 809 436 834 est
455 804 493 834 de
511 804 600 841 dote,
614 809 687 844 post
704 803 897 840 divortium,
914 814 943 834 v,

214 847 284 877 dies
301 857 425 885 annua,
446 848 549 885 bima,
574 849 686 878 trima.
731 848 749 865 ²*
767 848 866 877 Doni.
890 851 942 881 37.

213 890 324 921 Pison.
341 896 371 925 9.
389 892 530 922 arbitria
546 892 684 922 funeris.
730 891 782 921 Sic
797 890 868 930 lege
881 892 943 920 eti-

215 944 267 964 am
286 935 361 965 Sen.
379 943 453 975 post
466 936 546 965 Red.
563 939 593 969 7.
611 945 677 964 non
697 936 889 965 arbitraria.
912 945 942 966 v.

214 978 316 1008 Gron.
334 978 375 1008 ad
391 979 462 1009 Liv.
475 979 518 1009 xi.
535 984 565 1013 9.
581 981 636 1018 qui
652 980 749 1008 docet
765 979 942 1008 arbitrium

212 1031 284 1051 esse
300 1023 491 1061 pecuniam,
508 1033 608 1061 quam
635 1023 728 1059 socii,
746 1022 778 1052 h.
804 1033 833 1052 c.
860 1023 943 1062 pub-

216 1064 314 1094 licani
333 1065 467 1095 solvunt
483 1076 543 1105 pro
560 1066 754 1096 redimendo
770 1068 848 1105 jure
874 1076 944 1096 mo-

215 1108 352 1148 nopolii,
365 1109 453 1148 quod
468 1116 606 1139 vocant:
625 1110 665 1139 ad
674 1120 770 1148 quem
790 1110 821 1138 h.
833 1109 853 1139 l.
870 1120 943 1149 pro-

213 1156 309 1181 vocat
325 1152 486 1183 Graevius.
532 1153 595 1183 Sed
612 1153 777 1191 quomodo
795 1153 836 1183 ad
858 1154 943 1183 arbi·

211 1196 278 1225 tria
291 1195 417 1225 funeris
434 1196 504 1226 haec
523 1197 724 1236 significatio
737 1197 944 1226 transferen-

212 1238 255 1268 da
269 1239 325 1276 sit,
342 1249 408 1269 non
420 1240 579 1271 ostendit.
639 1240 876 1270 Hotomannus
894 1241 943 1270 in-

209 1288 420 1323 terpretatur
434 1285 612 1323 pecuniam
632 1284 868 1324 vespillonibus
886 1285 942 1314 da-

208 1331 294 1364 tam,
313 1326 451 1365 aliisque
467 1328 569 1357 funus
580 1328 790 1366 juvantibus.
845 1328 941 1358 Arbi-

209 1371 279 1400 tria
298 1375 379 1400 sunt
403 1381 519 1401 omnes
551 1372 709 1410 impensae
739 1381 810 1410 quae
836 1371 869 1401 in
890 1372 942 1401 fu-

210 1422 273 1443 nus
291 1414 389 1444 fiunt.
414 1414 467 1444 Ita
484 1415 573 1454 cepit
585 1415 686 1445 etiam
702 1415 883 1445 Gutherius
901 1416 940 1445 de

207 1456 282 1487 Jur.
307 1457 403 1487 Pont.
417 1458 449 1488 ii.
465 1463 495 1493 9.
521 1458 609 1487 Hinc
619 1459 779 1489 dicuntur
794 1459 843 1489 his
860 1458 941 1489 locis

208 1499 249 1530 de
264 1501 388 1541 praeda,
406 1511 506 1540 quam
523 1512 638 1542 cepere
662 1512 702 1533 ex
720 1503 888 1533 Ciceronis
906 1509 940 1534 et

211 1545 330 1584 patriae
348 1545 499 1575 interitu.

250 1588 356 1618 Arbor
376 1589 503 1619 infelix.
529 1589 565 1619 C.
586 1589 743 1620 Rabi1·.4.
772 1594 823 1619 est
847 1600 939 1622 crux.

206 1630 250 1660 cf.
274 1631 345 1662 Liv.
370 1632 392 1662 i.
419 1633 471 1663 26.
518 1633 677 1663 Ceterum
704 1643 777 1672 quae
807 1635 939 1665 arbores

206 1674 354 1705 infelices
371 1686 390 1706 a
404 1675 502 1706 Rom.
519 1676 617 1707 dictae
634 1678 714 1715 sint,
732 1677 830 1707 docet
846 1678 937 1709 locus

210 1723 310 1749 notus
327 1729 379 1759 ap.
396 1719 544 1750 Mam-ob.
561 1721 608 1750 iii.
626 1723 679 1751 ΩΟ.
834 1734 837 1736 ·

249 1763 348 1793 Arca.
371 1763 435 1803 Ωιι.
459 1764 510 1794 Fr.
526 1764 561 1794 ii.
585 1766 632 1795 12.
648 1774 735 1795 areoe
751 1769 873 1796 noctrae
901 1767 938 1796 fi-

207 1804 317 1837 ducia.
335 1807 356 1837 i.
383 1817 411 1837 e.
437 1808 601 1847 pecunia.
635 1808 739 1838 *MiL
771 1811 822 1839 252.
847 1810 937 1840 Servi

209 1849 243 1878 in
261 1860 356 1881 areas
371 1851 610 1890 conjiciuntur,
639 1861 680 1882 ne
698 1852 771 1892 quis
794 1863 870 1883 cum
899 1854 937 1884 iis

205 1892 349 1933 colloqui
366 1895 481 1934 possit.

245 1936 380 1975 Arcere,
392 1939 578 1977 continere,
597 1941 748 1969 coercere
767 1951 773 1968 τ
799 1939 879 1970 Har.
897 1941 937 1972 R.

203 1982 235 2011 3.
257 1983 370 2011 arcem
386 1983 447 2012 otii
464 1983 597 2013 finibus.
620 1983 721 2014 Tusc.
739 1983 773 2013 ii.
796 1985 848 2014 21.
866 1985 938 2014 vin-

202 2023 262 2053 clis
278 2034 380 2065 prope
405 2031 441 2055 et
464 2027 623 2057 custodiis
649 2037 829 2057 arceamus
856 2028 935 2059 Nat.

205 2065 249 2097 D.
268 2068 302 2098 ii.
320 2071 371 2099 54.
388 2069 481 2100 alvus
496 2075 597 2106 arcet,
613 2070 701 2110 quod
717 2071 848 2111 recipit.

246 2110 528 2144 Arcessicrimine.
537 2114 631 2144 Verr.
642 2114 677 2144 ii.
694 2115 747 2145 46.
763 2115 825 2145 int.
838 2115 935 2154 inju—

201 2151 338 2184 dicium.

244 2197 434 2229 Arcessitus.
458 2200 539 2231 Nat.
556 2201 600 2232 D.
612 2202 633 2231 i.
650 2202 680 2233 6.
694 2201 797 2242 ipsius
813 2207 934 2242 rogatu

200 2244 432 2283 arcessituque.

243 2285 464 2317 Arcltitectari
490 2287 690 2329 voluptates.
721 2289 792 2319 Fin.
822 2289 856 2319 ii.
885 2291 932 2321 16.

200 2330 403 2369 excogitare.

240 2373 457 2412 Architectus,
482 2379 611 2413 auctor,
629 2376 794 2406 inventor.
821 2376 891 2407 Fin.
910 2378 931 2408 i.

200 2418 248 2446 10.
266 2419 460 2449 architectus
484 2419 591 2450 beatae
617 2420 695 2450 vitae
712 2420 836 2451 dicitur
852 2419 931 2462 Epi-

199 2469 311 2490 curus.
329 2461 371 2491 cf.
388 2462 484 2492 Rosc.
502 2463 540 2494 A.
557 2466 610 2494 45.

238 2504 347 2535 Arete.
372 2505 449 2536 Div.
464 2506 486 2537 i.
504 2508 555 2538 28.
567 2512 658 2538 arcte
674 2506 831 2538 dormire.

238 2547 377 2579 Arctim.
395 2548 496 2579 dubia
511 2560 584 2581 vox.
607 2551 678 2581 Att.
694 2552 749 2581 xii.
765 2554 819 2582 44.

238 2591 377 2621 Arcula.
400 2592 471 2623 Att.
488 2594 522 2624 ii.
544 2597 571 2624 l.
589 2604 682 2625 meus
696 2594 779 2625 liber
793 2597 929 2626 arculas

195 2632 437 2675 discipulorum
455 2636 612 2668 Isocratis
631 2639 828 2669 consumsit.
846 2639 878 2668 h.
897 2650 925 2670 e.

193 2677 228 2707 in
257 2688 297 2708 eo
319 2680 434 2710 omnia
455 2686 657 2712 ornamenta
678 2682 829 2712 adhibita
847 2688 927 2713 sunt

192 2731 233 2751 ex
248 2724 423 2763 praeceptis
440 2723 695 2756 Isocrateomm.
721 2728 854 2756 arculas
871 2737 926 2755 vo-

192 2769 247 2795 cat
267 2765 449 2809 μυροθηκῖαι,
473 2768 622 2802 ληκύθους
653 2770 712 2799 ἃς.
747 2770 810 2800 Off.
834 2770 868 2800 ii.
894 2774 924 2804 7.

191 2812 245 2839 est
260 2809 300 2840 de
316 2811 450 2849 scrinio,
468 2822 533 2851 quo
543 2817 651 2842 vestes
667 2812 846 2844 muliebres
861 2823 928 2844 ser-

191 2857 327 2883 vantur.

233 2896 372 2930 Ardens.
396 2899 487 2932 Sext.
505 2902 557 2932 54.
581 2900 702 2931 ardens
724 2900 929 2941 tribunatus,

1653 89 1730 127 193

994 191 1014 222 i.
1033 202 1062 222 e.
1093 193 1283 224 seditiosus.
1310 192 1381 224 Att.
1408 190 1472 222 xiv.
1502 194 1550 221 lo.
1573 190 1726 219 ardentes

991 237 1025 265 in
1042 246 1120 266 eum
1139 237 1251 267 literas
1278 236 1380 266 misit.
1409 237 1429 266 i.
1447 246 1475 265 c.
1492 234 1724 270 vehementes,

993 280 1177 310 iracundas.
1204 281 1274 310 Pin.
1292 281 1338 310 iii.
1365 283 1413 310 11.
1436 279 1577 308 avaritia
1593 277 1723 307 ardens.

1034 324 1144 353 Ardor
1159 324 1244 354 coeli.
1262 323 1360 353 Catil.
1378 324 1424 353 iii.
1443 326 1472 353 8.
1489 323 1574 351 visas
1601 322 1642 350 ab
1668 331 1722 349 oe-

991 366 1124 396 cidente
1142 368 1228 398 faces
1248 368 1464 405 ardoremque
1480 365 1565 395 coli.
1582 364 1662 394 Nat.
1678 364 1722 394 l).

990 409 1023 438 ii.
1053 413 1102 441 15.
1128 415 1229 448 astra,
1256 420 1329 449 quae
1367 412 1519 440 oriantur
1546 409 1579 438 in
1604 408 1723 438 ardore

989 453 1129 490 coelesti,
1147 454 1201 494 qui
1220 455 1326 484 aethcr
1342 454 1392 483 vel
1421 453 1542 483 (πῖ-111111
1570 452 1723 482 nomina-

987 502 1054 526 tur.
1080 498 1315 528 *incendiunr
1345 497 1457 527 Plane.
1473 500 1527 527 40.
1551 495 1720 525 stimulus.

988 540 1068 570 (jrnl.
1087 544 1138 571 31.
1163 542 1263 571 ardor
1277 542 1400 571 mentis
1417 541 1457 570 ad
1475 540 1627 579 gloriam.
1645 540 1663 557 *ἓ
1678 539 1719 568 de

986 584 1229 615 vehementiori
1247 594 1359 622 sensu,
1378 590 1416 614 ut
1433 584 1563 614 doloris.
1581 583 1651 613 Att.
1665 583 1720 612 xii.

991 631 1039 658 13.

1030 672 1118 702 Area
1146 671 1323 710 scelerum,
1348 676 1399 701 est
1423 672 1457 701 in
1486 670 1561 701 edd.
1586 671 1723 709 quibus·

990 714 1065 744 (lam
1082 717 1154 746 Att.
1172 717 1215 745 ix.
1238 719 1286 747 18.

1030 760 1233 798 Atg‘emarin
1259 764 1309 789 est
1338 768 1442 798 genus
1469 758 1610 797 negotii,
1633 755 1722 796 quod

988 802 1022 832 in
1049 803 1243 839 vendendis,
1272 803 1306 833 h.
1331 814 1359 833 e.
1382 801 1614 842 permutandis
1641 811 1721 831 cum

987 846 1185 886 compendio
1208 847 1319 876 numis
1349 851 1523 876 versatur:
1559 845 1646 884 qnod
1664 845 1720 884 qui

987 895 1161 928 exercent,
1179 891 1410 929 argentariam
1426 890 1535 919 faeere
1549 889 1722 919 dicuntur.

986 933 1080 963 Verr.
1098 944 1127 962 v.
1152 937 1202 968 59.
1230 934 1396 964 Caecin.4.
1426 938 1465 964 ut
1482 933 1647 972 sagariam
1672 932 1721 962 fa-

987 987 1062 1006 cere
1078 982 1129 1007 est
1153 978 1239 1017 sagis
1264 977 1445 1008 vendendis
1472 987 1541 1006 rem
1561 985 1722 1015 quaerere.

985 1020 1035 1050 Ab
1048 1031 1087 1051 ea
1104 1021 1184 1051 dieti
1201 1022 1401 1059 argentarii,
1427 1030 1569 1060 quorum
1586 1029 1653 1049 non
1671 1029 1722 1050 se-

986 1064 1150 1104 melapud
1164 1065 1358 1095 Ciceronem
1373 1065 1513 1101 mentio,
1526 1064 1626 1094 iidem
1643 1074 1720 1094 cum

986 1109 1171 1144 mensariis,
1190 1109 1401 1145 numulariis,
1415 1109 1601 1148 trapezitis,
1619 1107 1722 1147 colly-

986 1152 1091 1182 bistis.
1117 1153 1180 1182 vid.
1199 1153 1363 1192 imprimis
1387 1151 1526 1182 Salmas.
1552 1152 1591 1181 de
1619 1151 1721 1181 Usur.

987 1206 1015 1224 c.
1035 1199 1084 1229 17.
1103 1195 1269 1226 Budaeum
1286 1197 1326 1226 ad
1340 1196 1440 1226 Pand.
1453 1206 1485 1235 p.
1498 1206 1543 1225 m.
1564 1198 1633 1229 197.
1653 1195 1720 1225 Cu-

979 1240 1047 1278 jac.
1066 1240 1145 1269 Obs.
1162 1251 1193 1269 x.
1213 1242 1262 1270 14.

1028 1284 1167 1321 Argen&
1175 1294 1220 1313 us.
1236 1283 1369 1313 Muren-
1382 1286 1430 1317 19.
1441 1287 1598 1322 argentea
1609 1292 1720 1312 scena.

985 1326 1005 1356 i.
1023 1337 1050 1356 e.
1067 1331 1205 1365 argento
1229 1332 1371 1365 ornata3
1396 1332 1435 1357 ut
1452 1337 1606 1365 gemmea
1628 1327 1718 1366 vagi-

985 1379 1027 1400 na
1044 1380 1096 1410 ap.
1114 1371 1209 1401 Ovid.
1226 1371 1311 1400 Met.
1326 1375 1376 1400 est
1390 1371 1531 1409 gemmis
1547 1371 1718 1400 distincta.

1026 1415 1223 1453 Argentum.
1259 1414 1352 1444 Verr.
1383 1415 1426 1444 iv.
1457 1417 1509 1445 5⁵0.
1540 1418 1718 1453 argentum

982 1457 1066 1488 bene
1079 1459 1220 1495 factum,
1232 1459 1253 1488 i.
1265 1469 1292 1488 e.
1310 1457 1450 1498 pulchra
1461 1468 1537 1487 vasa
1548 1462 1718 1497 argentea.

982 1501 1075 1532 Verr.
1091 1503 1132 1532 ἰν.
1150 1504 1201 1533 2⁶2.
1226 1512 1363 1542 purum,
1388 1502 1569 1542 opponitur
1586 1502 1718 1538 caelato,

984 1545 1017 1574 in
1035 1556 1099 1584 quo
1117 1546 1211 1576 nulla
1225 1551 1306 1576 sunt
1329 1546 1533 1575 emblemata
1548 1555 1572 1575 s.
1598 1545 1719 1584 sigilla.

983 1589 1022 1618 de
1040 1599 1105 1628 quo
1121 1599 1243 1628 genere
1269 1589 1334 1620 vid.
1353 1589 1492 1619 Salmas.
1508 1589 1548 1619 ad
1565 1589 1667 1619 Solin.
1686 1600 1719 1629 p.

982 1633 1056 1666 736.
1083 1633 1266 1664 Rosc.Am.
1284 1634 1337 1664 46.
1364 1643 1395 1662 v,
1410 1632 1579 1663 caelatum.
1597 1633 1667 1662 Fin.
1687 1634 1721 1663 ii.

983 1679 1013 1706 8.
1051 1677 1276 1707 Corinthium.
1302 1687 1332 1707 v.
1358 1677 1431 1707 Ind.
1455 1676 1574 1716 Geogr.
1602 1677 1721 1707 Corin·

979 1719 1070 1750 thus.

1023 1765 1288 1803 Argumentatia,
1301 1764 1522 1805 syllogismus.
1536 1763 1606 1794 Inv.
1625 1765 1646 1794 i.
1662 1766 1715 1795 34.

980 1810 1276 1847 argumentationis
1302 1818 1448 1846 summa,
1465 1809 1486 1839 i.
1514 1818 1543 1838 e.
1567 1809 1716 1848 proposi-

979 1853 1027 1881 tio
1045 1853 1158 1889 major.
1175 1853 1239 1882 Sed
1256 1853 1373 1882 Partit.
1387 1855 1435 1882 13.
1452 1856 1504 1882 est
1519 1853 1713 1890 argumenti

980 1895 1168 1934 explicatu).
1187 1901 1221 1926 et
1236 1897 1283 1927 sic
1298 1896 1450 1936 pluribus
1466 1895 1557 1926 locis.

1024 1940 1279 1978 Argumentum.
1304 1940 1427 1970 fabulae
1453 1949 1571 1979 genus,
1589 1939 1628 1968 de
1646 1949 1713 1977 quo

980 1981 1110 2013 lnvent.
1128 1984 1148 2014 i.
1170 1987 1217 2018 19.
1265 1983 1354 2014 Hinc
1375 1983 1433 2013 illa
1448 1983 1575 2023 phrasis
1602 1982 1715 2013 fabula

979 2027 1050 2056 sine
1082 2032 1289 2066 stt-gemmulo.
1322 2027 1402 2058 Coel.
1430 2029 1483 2061 ⁶27.
1508 2027 1615 2057 literae
1642 2027 1714 2056 sine

978 2076 1186 2109 argumento.
1212 2071 1254 2101 ad
1278 2071 1349 2101 Att.
1377 2072 1401 2102 i.
1430 2074 1478 2106 19.
1503 2070 1639 2109 *genus
1662 2079 1715 2099 or-

979 2116 1145 2152 namenti,
1162 2115 1196 2145 in
1213 2115 1314 2144 valvis
1340 2115 1399 2144 &tn
1424 2115 1511 2154 quod
1534 2114 1713 2144 exhibebat

976 2157 1144 2195 historias,
1160 2163 1199 2188 ut
1213 2159 1246 2188 in
1259 2159 1379 2188 nostris
1391 2159 1561 2198 tapetibus
1577 2159 1649 2188 fieri
1662 2167 1713 2188 so-

977 2201 1034 2232 let.
1057 2201 1151 2234 Verr.
1181 2203 1222 2232 iv.
1252 2203 1304 2233 56.
1342 2202 1395 2232 Sic
1424 2202 1540 2242 virgil.
1563 2203 1640 2233 AEn.
1660 2202 1715 2232 vii.

975 2249 1050 2280 791-

1019 2290 1170 2327 Argutioe
1196 2289 1389 2328 digitorum.
1413 2289 1471 2319 Or.
1504 2292 1552 2320 18.
1577 2289 1712 2319 affecta-

974 2333 1023 2362 tio
1041 2334 1075 2364 in
1094 2338 1188 2363 motu
1205 2334 1385 2372 digitorum
1404 2334 1493 2363 inter
1517 2333 1711 2371 dicendum,

974 2375 1128 2406 molliori.
1152 2378 1205 2406 Sic
1218 2377 1304 2407 Plin.
1317 2378 1425 2407 xxxiv.
1437 2380 1467 2408 8.
1490 2375 1636 2417 Lysippo
1651 2377 1712 2407 tri-

974 2420 1046 2450 buit
1069 2422 1223 2458 argutias
1239 2431 1390 2461 operum,
1421 2421 1456 2451 in
1484 2421 1633 2451 minimis
1660 2431 1712 2450 re-

973 2463 1033 2493 bus
1059 2464 1254 2495 custoditas.
1272 2475 1303 2494 V.
1321 2475 1349 2494 c.
1366 2465 1401 2494 in
1427 2463 1567 2505 capillis.
1593 2464 1709 2494 Paullo

972 2512 1048 2547 post
1063 2512 1161 2538 vocat
1178 2508 1394 2547 elegantiam,
1413 2508 1487 2539 add.
1507 2509 1541 2538 in
1556 2512 1710 2547 argutus.

1015 2551 1215 2590 Argutulus.
1241 2552 1282 2582 ad
1305 2552 1376 2583 Att.
1394 2553 1461 2582 xiii.
1482 2555 1531 2583 18.
1557 2554 1710 2590 [to-gutuli

970 2593 1045 2625 libri
1063 2595 1224 2625 dicuntur
1249 2595 1439 2626 Academici
1458 2596 1641 2633 Ciceronis,
1657 2606 1710 2626 ar-

971 2643 1051 2677 gnte
1064 2640 1194 2679 scripti.

1014 2683 1175 2721 Argutus.
1206 2687 1332 2722 arguta
1357 2682 1518 2713 dicuntur
1544 2683 1672 2720 omnia,
1689 2694 1708 2714 e

969 2727 1089 2765 quibus
1107 2728 1221 2766 argui,
1239 2726 1383 2765 intelligi
1393 2727 1531 2766 aliquid,
1544 2736 1579 2757 et
1595 2726 1706 2765 colligi

967 2774 1090 2808 potest.
1135 2771 1189 2800 Sic
1206 2771 1246 2800 ad
1272 2770 1343 2800 Att.
1357 2771 1399 2800 vi.
1418 2773 1448 2801 5.
1485 2772 1709 2809 argutissimoe

973 2813 1092 2845 litcrae.
1123 2814 1199 2844 Div.
1231 2814 1264 2844 ii.
1295 2817 1343 2845 12.
1374 2818 1452 2844 exta
1480 2816 1706 2853 argutissima,

974 2867 1048 2896 quae
1065 2865 1283 2898 opponuntur
1298 2857 1363 2895 his,
1380 2868 1453 2897 quoe
1479 2863 1575 2889 muta
1591 2858 1709 2888 dicun-

973 2906 1042 2931 tur.
1071 2911 1101 2931 v.
1117 2901 1234 2933 Heius.
1258 2901 1299 2933 ad
1314 2901 1433 2933 Silium
1452 2902 1472 2932 i.
1494 2905 1563 2933 138.
1589 2901 1671 2941 Lag.
1686 2903 1707 2933 i.

1003 2952 1024 2974 0
