1985 3206
300 88 382 134 239

316 194 412 224 Rosc.
436 192 510 223 Am.
538 194 586 223 12.
610 201 669 232 per
695 194 946 232 compositionem
970 204 1037 225 ser-

317 246 393 268 vare
409 246 484 267 suos
497 237 594 266 cives.
619 235 701 266 Phil.
720 236 753 266 ii.
775 240 824 267 10.
847 239 1038 277 compositio-

319 282 370 310 nis
384 285 510 310 auctor.
535 279 553 298 ³*
571 280 711 310 mistura
727 284 828 310 certa.
851 281 931 320 Nat.
943 282 986 312 D.
1004 283 1037 311 ii.

324 326 375 355 58.
400 324 632 363 compositiones
648 327 912 362 unguentorum.

368 367 570 407 Conaposicus,
587 371 734 406 paratus,
766 366 840 397 Act.
858 368 879 398 i.
897 368 929 397 in
945 367 1038 397 Verr.

324 413 374 440 11.
405 412 589 451 compositus
617 409 659 439 ad
681 409 857 448 judicium.
894 410 913 428 ²*
929 411 1037 441 fictus.

316 454 412 484 Verr.
429 454 476 484 iii.
489 455 540 484 61.
565 455 767 493 compositum
779 454 917 484 crimen.
942 454 961 472 ἢ*
978 464 1039 484 nu-

323 507 482 528 merosus.
506 498 562 528 Or.
580 500 631 530 70.
649 497 832 536 compositus
848 504 967 528 orator.

369 540 647 580 Comprehendere.
671 540 773 570 Attic.
790 541 845 570 xii.
859 543 910 571 531.
934 541 1040 571 verbis

322 583 600 614 luculentioribus
628 587 661 613 ct
693 583 842 623 pluribus
865 594 933 614 rem
963 594 1040 614 ean-

322 627 399 658 dem
421 627 714 667 comprehenderat,
732 628 752 657 i.
771 637 799 656 e.
825 631 1040 667 expresserat.

321 671 341 688 ’Κ
358 681 416 710 pro
450 670 641 710 complecti,
680 671 855 700 conciliare
891 671 963 701 sibi.
1000 671 1042 700 ad

325 714 402 745 Div.
427 715 496 744 xiii.
530 717 578 744 15.
615 713 860 744 adolescentem
886 714 1041 744 humani-

328 762 400 787 tate
421 768 481 788 sua
503 758 775 797 comprehendere.
802 757 880 788 Coel.
904 758 934 787 6.
959 767 1041 787 com-

319 802 519 841 prehendere
530 801 652 831 multos
669 802 829 838 amicitia,
846 801 934 831 tueri
950 801 1042 831 obse-

322 846 410 884 quio.
435 846 453 863 ³⁶
469 845 538 875 Fin.
556 855 584 875 V.
605 848 655 875 10.
678 849 729 874 est
744 845 833 874 enim
849 845 990 874 infixum
1008 845 1042 874 in

322 889 394 929 ipsa
410 893 541 925 natura,
558 889 836 927 comprehenditur
850 888 916 918 suis
933 888 1043 926 cujus-

324 943 387 971 que
404 933 566 970 sensibus,
585 933 644 968 sic,
657 936 708 968 ut,
728 933 754 961 si
772 932 844 970 quis
861 938 979 961 contra
994 932 1042 961 di-

322 986 395 1006 cere
412 976 503 1014 velit,
522 986 586 1006 non
603 975 768 1005 audiatur.
785 977 802 993 ᾗ
818 975 1043 1015 deprehende-

322 1029 368 1049 re.
393 1019 489 1049 Catil.
508 1020 552 1049 iii.
573 1023 598 1048 1.
623 1029 688 1056 qua
704 1019 830 1048 ratione
844 1019 1044 1058 investigata

323 1069 358 1093 et
373 1062 595 1103 comprehensa
610 1063 688 1092 sint.
705 1062 782 1092 ibid.
801 1066 830 1096 7.
851 1063 950 1092 duces
967 1073 1042 1102 cap—

321 1111 372 1136 tos
389 1111 423 1136 ct
437 1108 671 1145 comprehensos
687 1106 821 1135 tenetis.
839 1105 972 1136 Cluent.
994 1107 1042 1136 16.

323 1151 645 1189 comprehcuderetur
661 1159 721 1180 res.
741 1149 847 1179 Flacc.
868 1150 915 1180 16.
939 1150 1042 1179 totius

322 1194 506 1223 testimonii
533 1194 645 1223 fictam
670 1193 842 1223 audaciam
866 1193 1043 1223 manifesto

322 1239 581 1276 corripi-ehensnm
599 1242 699 1275 atque
717 1246 907 1276 oppressam
922 1237 1042 1266 teneri.

321 1281 341 1298 ’χ
357 1281 556 1320 intelligere.
579 1281 635 1310 Or.
654 1281 673 1310 i.
695 1283 743 1310 18.
768 1281 794 1310 si
808 1282 879 1319 quis
892 1281 1043 1310 omnium

323 1334 434 1354 rerum
452 1329 551 1363 atque
560 1324 682 1354 artium
699 1324 862 1353 rationem
873 1329 1043 1353 naturam-

322 1377 386 1406 que
403 1368 682 1407 comprchenderit.
700 1367 775 1397 ibid.
794 1369 846 1399 23.
870 1377 921 1398 res
938 1367 1044 1397 scien-

323 1411 373 1440 tia
387 1413 628 1451 comprehensa
661 1411 680 1429 '³¹⁶
695 1411 774 1441 Nat.
791 1411 832 1441 D.
850 1411 883 1440 ii.
901 1413 952 1441 3⁶2.
976 1410 1043 1441 Na-

325 1459 405 1485 tura
433 1456 624 1495 concipiens
647 1458 683 1485 ct
706 1456 972 1494 comprehendens
994 1464 1044 1484 se-

323 1507 413 1528 men.

384 1542 677 1582 Comprehensibile,
721 1539 944 1581 (ammam-era»)
993 1547 1044 1572 est

322 1585 594 1625 philosophorum
620 1585 769 1621 verbum,
794 1595 857 1623 quo
877 1585 1044 1624 significa·-

324 1634 382 1659 tur
397 1629 443 1665 id,
460 1629 547 1667 quod
565 1629 613 1658 ita
627 1629 826 1667 insignitum
851 1633 901 1658 est
920 1639 939 1658 a
954 1639 1044 1666 vero,

325 1677 363 1702 ut
382 1682 447 1702 non
475 1673 579 1712 possit
603 1672 719 1702 eodem
736 1672 834 1702 modo
850 1676 885 1701 et
901 1682 921 1701 a
948 1672 1044 1710 falso,

323 1717 405 1753 sive,
431 1716 538 1745 visum
565 1725 756 1756 expressum
777 1720 810 1746 et
828 1716 976 1746 effictum
1004 1727 1044 1746 cx

323 1769 376 1796 eo,
394 1759 481 1789 unde
506 1764 568 1796 cst,
594 1759 704 1798 qualia
726 1769 795 1788 csse
820 1769 887 1789 non
906 1765 1046 1799 possunt

323 1813 364 1833 ex
382 1813 433 1840 eo,
446 1803 535 1832 unde
553 1813 618 1832 non
635 1807 725 1833 sunt.
743 1813 772 1832 v.
785 1803 885 1833 Acad.
898 1803 919 1833 i.
938 1807 986 1833 11.
1002 1804 1043 1834 iv.

323 1847 356 1876 (ἰ.

374 1889 621 1929 Comprehensio‚
654 1890 791 1919 verbum
827 1889 1045 1930 philosophiae

323 1933 457 1970 Stoicae,
471 1931 696 1971 (καταληψὲα.)
712 1933 883 1963 dicebatur
892 1939 986 1964 actus
996 1935 1046 1964 in-

324 1976 536 2015 telligentiae,
563 1987 640 2006 cum
663 1978 768 2006 visum
792 1978 921 2017 arripit,
938 1988 978 2007 ex
1007 1989 1045 2007 co

325 2021 488 2057 effictum,
503 2020 591 2050 unde
608 2024 671 2058 est,
685 2021 781 2059 quale
798 2031 867 2050 esse
891 2030 958 2050 non
972 2026 1045 2061 pot-

323 2067 376 2093 est
404 2074 443 2093 cx
470 2074 521 2101 eo,
539 2064 626 2093 unde
652 2074 719 2093 non
738 2068 798 2094 est.
823 2064 924 2094 Acad.
946 2065 968 2094 i.
996 2069 1043 2096 11.

324 2107 390 2138 Sed
412 2117 489 2137 cum
511 2108 579 2147 jam
595 2112 770 2147 acceptum
794 2107 992 2140 καταληπτόν
1010 2114 1045 2139 et

325 2151 547 2190 approbatum
560 2154 659 2188 esset,
672 2153 976 2190 comprehensionem
988 2163 1045 2193 ap-

324 2194 484 2234 pellabat,
510 2193 652 2224 similem
679 2195 717 2224 iis
742 2195 852 2232 rebus,
874 2205 947 2234 quae
974 2206 1043 2226 ma-

323 2247 371 2267 nu
397 2237 696 2278 prehenderentur,
713 2249 752 2267 ex
769 2248 833 2277 quo
860 2239 960 2268 etiam
986 2250 1044 2270 no-

322 2290 401 2311 men
419 2282 571 2318 duxerat,
588 2292 665 2311 cum
683 2292 720 2311 eo
737 2282 834 2311 verbo
851 2292 949 2312 nemo
964 2290 1042 2313 ante

321 2325 357 2354 in
385 2325 444 2355 tali
477 2335 511 2355 re
547 2335 626 2354 usus
657 2330 754 2355 esset.
792 2324 811 2343 *ἱ
836 2325 908 2355 fin.
945 2336 974 2356 v,
1010 2331 1040 2361 9.

320 2378 389 2398 una
412 2370 681 2408 comprehensione
714 2369 828 2398 onmia
852 2370 1041 2408 complecti.

320 2412 339 2429 '¹‘
355 2412 450 2449 Brut.
469 2416 498 2443 8.
521 2413 755 2451 comprehensio
776 2412 964 2450 verborum,
992 2419 1043 2444 est

320 2455 486 2494 periodus.
510 2455 552 2486 cf.
576 2457 633 2485 Or.
658 2456 709 2488 67.
732 2456 828 2486 Brut.
849 2458 902 2486 44.
932 2456 1041 2488 *Nan

319 2499 364 2529 D.
393 2499 426 2529 ii.
455 2502 506 2533 59.
535 2501 766 2538 comprehensio
790 2510 900 2529 rerum
928 2510 1042 2529 conse-

319 2543 496 2580 quenti-am
513 2553 591 2572 cum
610 2543 748 2582 primis‚'
765 2547 828 2579 est,
848 2553 924 2572 cum
942 2544 1041 2573 intel-

319 2585 468 2625 ligimus,
487 2586 565 2625 quid
581 2596 619 2616 ex
637 2596 767 2625 quoque
786 2591 954 2625 sequatur.

368 2630 558 2670 C'ompressc,
588 2630 748 2666 tenuiter,
776 2630 930 2660 breviter.
968 2630 1037 2661 Fin.

316 2672 351 2703 ii.
364 2674 394 2703 6.
413 2674 500 2712 quod
515 2673 615 2703 latius
631 2673 850 2712 loquerentur
876 2673 1038 2711 rhetores,

318 2716 487 2747 dialectici
504 2721 616 2747 autem
633 2718 851 2755 compressius.

364 2760 564 2800 compressio.
582 2761 676 2790 Brut.
687 2763 717 2793 7.
732 2760 835 2789 crebri
849 2761 1038 2798 sententiis,

313 2806 541 2842 compressione
571 2814 681 2833 rerum
705 2803 819 2834 breves
843 2808 876 2833 et
900 2804 941 2833 ob
965 2814 1038 2834 eam

313 2847 417 2887 ipsam
434 2857 568 2878 causam
584 2847 750 2877 interdum
767 2846 970 2877 subobscuri.

362 2890 591 2930 &inprimet-⁶²,
604 2890 787 2932 occultare,
801 2889 919 2921 celare.
937 2891 1038 2922 Dom.

809 102 955 134 INDEX
983 105 1086 134 LA'rl
1093 105 1280 134 NITATIS.

1081 198 1111 225 8.
1134 195 1227 225 Vcrr.
1244 194 1290 232 iii·
1308 197 1360 229 77.
1383 194 1454 229 Att.
1470 204 1499 226 v.
1513 197 1566 226 21.
1589 196 1800 236 comprimere

1080 237 1300 268 frumentum.
1318 237 1396 268 ibid.
1412 249 1443 268 x.
1465 241 1495 269 4.
1513 239 1636 271 delicta
1661 239 1800 279 alicujus

1080 282 1298 320 comprimere.
1336 280 1354 299 ²¹⁶
1371 281 1412 311 ad
1439 282 1611 316 silentium
1638 283 1800 322 redigere.

1080 324 1151 354 Pin.
1170 325 1203 354 ii.
1231 327 1280 358 17.
1297 324 1351 363 qui
1365 325 1467 355 animi
1479 327 1716 356 conscientiam
1734 336 1801 356 non

1081 372 1188 404 curet,
1217 377 1316 406 quam
1342 368 1468 399 scilicet
1491 371 1698 409 comprimere
1719 369 1802 400 nihil

1081 416 1132 440 est
1149 411 1287 449 negotii.
1323 414 1341 432 *-
1360 415 1521 450 coercere,
1536 413 1682 449 domare,
1699 413 1804 453 repri-

1083 464 1183 484 mere..
1238 453 1319 484 Phil.
1347 455 1381 484 ii.
1403 459 1433 490 9.
1458 457 1622 496 impetum
1646 456 1803 496 oppilatis

1082 497 1178 527 scalis
1193 499 1408 538 comprimere.
1432 499 1511 529 Nat.
1531 500 1574 529 D.
1592 500 1626 529 ii.
1645 503 1695 533 59.
1719 509 1803 530 com-

1076 542 1223 581 primere
1252 542 1464 581 gestientem.
1492 543 1562 573 Fat.
1592 545 1622 573 5.
1646 547 1802 574 naturam

1084 585 1132 614 ita
1157 594 1227 614 essc
1256 585 1435 616 edomitam
1463 590 1562 625 atque
1589 596 1802 625 compressam

1085 627 1244 658 doctrina.

1132 672 1346 711 Comprobare.
1359 672 1437 702 Nat.
1447 674 1488 703 D.
1502 673 1536 702 ii.
1551 675 1581 703 3.
1592 681 1717 702 numen
1726 671 1804 702 deo·

1084 725 1158 744 rum
1174 716 1374 754 comprobare
1387 728 1395 744 :
1408 716 1440 746 h.
1454 726 1482 746 e.
1494 716 1625 746 credere
1634 715 1709 746 deos
1719 725 1802 748 esse.

1133 758 1398 798 Compromissum
1424 764 1487 797 cst,
1505 769 1581 790 cum
1608 764 1749 798 utraque
1765 759 1805 789 li-

1084 801 1267 841 tigantium
1297 812 1372 842 pars
1401 803 1583 842 promittit,
1621 812 1656 833 se
1686 803 1804 833 arbitri

1084 845 1187 875 sumti
1214 846 1383 875 sententia
1412 851 1589 883 staturam,
1615 846 1649 875 ni
1672 845 1804 884 fecerit,

1086 896 1211 918 certam
1227 889 1416 928 pecuniam,
1434 893 1471 918 ut
1495 890 1529 918 in
1556 889 1744 928 sponsione,
1769 899 1803 918 a-

1086 933 1272 962 missuram.
1321 942 1350 962 v,
1388 933 1650 971 compromitlere.
1706 931 1804 963 Rosc.

1087 976 1180 1005 Com.
1197 978 1228 1006 4.
1244 975 1323 1014 quid
1348 976 1394 1005 ita
1420 976 1459 1006 de
1487 976 1549 1006 hac
1576 975 1803 1015 pecunia—de

1085 1027 1218 1049 tuarum
1249 1018 1437 1049 tabularum
1461 1019 1524 1049 fide
1547 1020 1806 1058 compromissum

1085 1062 1214 1099 feceris,
1230 1063 1392 1092 arbitrum
1408 1063 1563 1093 sumseris
1582 1063 1641 1092 δίο.
1665 1062 1758 1092 Verr.
1769 1063 1804 1093 ii.

1086 1108 1138 1140 ⁶27.
1157 1106 1323 1145 judicium
1347 1106 1386 1135 de
1413 1107 1639 1146 compromisso.
1660 1105 1754 1135 Verr.
1769 1106 1804 1136 ii.

1086 1151 1138 1182 ΩΤ.
1156 1151 1273 1189 poenis,
1289 1151 1578 1189 compromissisque
1599 1150 1805 1188 interpositis

1086 1192 1152 1223 HS.
1169 1193 1263 1223 CCC.
1282 1193 1508 1232 extorquenda
1524 1193 1669 1223 curavit:
1701 1192 1805 1231 quod-

1086 1237 1324 1275 quejudicium
1350 1237 1534 1267 secundum
1551 1235 1747 1266 Heraclium
1764 1236 1804 1266 de

1085 1282 1313 1318 compo-omissis
1328 1281 1455 1310 factum
1473 1284 1545 1310 erat
1562 1281 1620 1310 ἃς.
1644 1279 1707 1309 Sed
1724 1289 1806 1318 quo-

1087 1324 1178 1352 niam
1194 1323 1277 1353 illud
1293 1334 1396 1363 genus
1419 1324 1632 1364 compromissi
1653 1323 1729 1353 inde
1755 1323 1804 1353 di-

1086 1368 1187 1404 citur,
1201 1373 1238 1397 ut
1252 1378 1290 1397 ex
1304 1368 1475 1398 notatione
1491 1366 1704 1406 intelligitur,
1717 1367 1805 1405 quod

1085 1418 1226 1450 uterque
1256 1411 1423 1451 promittit
1446 1418 1480 1441 et
1504 1412 1592 1441 inter
1617 1420 1671 1440 eos
1703 1410 1743 1440 de
1769 1420 1804 1440 re

1087 1455 1255 1491 convenit,
1271 1456 1530 1494 compromissum
1540 1455 1573 1484 in
1588 1463 1707 1493 genere
1724 1453 1805 1483 diei-

1085 1503 1142 1528 tur
1153 1508 1250 1527 omne
1275 1498 1320 1535 id,
1346 1498 1385 1528 de
1409 1509 1473 1537 quo
1488 1499 1577 1528 inter
1598 1498 1679 1527 duas
1696 1501 1806 1536 pax-tes

1087 1542 1252 1571 convenit.
1277 1542 1329 1571 Sic
1340 1542 1379 1571 ad
1393 1542 1468 1572 Div.
1486 1542 1541 1572 xii.
1557 1544 1608 1572 30.
1625 1540 1683 1570 sed
1699 1550 1718 1570 a
1735 1550 1805 1570 ma-

1086 1586 1196 1624 gistris
1229 1584 1420 1625 (auctionis)
1461 1595 1537 1615 cum
1567 1584 1805 1614 contenderem

1087 1629 1126 1658 de
1156 1628 1351 1669 proferendo
1377 1629 1442 1666 die,
1464 1629 1686 1669 probaverunt
1710 1627 1807 1665 mihi,

1087 1681 1169 1710 sese,
1187 1683 1251 1712 quo
1267 1673 1377 1702 minus
1387 1673 1419 1703 id
1434 1672 1596 1709 facerent,
1613 1675 1647 1701 et
1662 1680 1805 1710 compro-

1087 1717 1179 1746 misso
1196 1722 1229 1746 et
1244 1717 1472 1755 jurejurando
1488 1715 1654 1756 impediri.

1136 1760 1392 1799 &improvinciae
1416 1760 1586 1796 dicuntur,
1610 1760 1698 1789 inter
1723 1767 1804 1797 quos

1087 1803 1126 1833 de
1144 1814 1177 1833 rc
1195 1813 1403 1842 quacumque
1420 1803 1588 1840 convenit,
1608 1803 1729 1841 quique
1746 1801 1806 1831 ali-

1087 1847 1165 1885 quid
1180 1847 1219 1876 de
1240 1847 1410 1877 communi
1425 1847 1593 1876 sententia
1601 1849 1758 1876 statuunt
1771 1854 1805 1874 se

1086 1891 1245 1926 facturos,
1276 1891 1472 1929 interposita
1495 1890 1669 1920 arbitraria
1696 1898 1805 1928 poena.

1086 1934 1150 1973 Qu.
1164 1934 1214 1964 Fr.
1228 1935 1261 1964 ii.
1278 1937 1325 1964 15.
1349 1934 1520 1964 tribunicii
1536 1932 1704 1963 candidati
1720 1942 1802 1962 com-

1081 1979 1314 2017 promiserunt,
1332 1977 1398 2007 HS.
1415 1977 1590 2016 quingenis
1606 1976 1640 2006 in
1656 1974 1804 2014 singulos

1086 2022 1175 2061 apud
1204 2021 1251 2051 M.
1282 2022 1442 2051 Catonem
1482 2020 1652 2060 depositis,
1691 2023 1804 2058 petere

1086 2066 1156 2103 ejus
1168 2065 1343 2103 arbitratu,
1359 2069 1398 2094 ut
1416 2065 1472 2103 qui
1488 2068 1606 2094 contra
1620 2062 1753 2092 fecisset
1763 2062 1804 2092 ab

1086 2118 1124 2137 eo
1140 2108 1428 2138 condemnaretur.

1135 2152 1368 2192 Compungcre.
1392 2153 1449 2182 Or.
1462 2151 1495 2181 ii.
1512 2154 1564 2181 38.
1588 2159 1804 2189 compungere

1085 2205 1118 2225 sc
1136 2195 1203 2225 suis
1226 2196 1455 2225 acuminibus:
1482 2194 1521 2224 de
1549 2193 1743 2231 dialecticis,
1767 2193 1804 2222 in

1085 2239 1199 2278 primis
1231 2240 1363 2276 Stoicis,
1391 2239 1525 2275 dicitur,
1557 2238 1614 2276 qui
1628 2236 1804 2268 dissolvere

1085 2282 1329 2322 inexplicabilia
1344 2292 1407 2312 ase
1422 2286 1556 2322 reperta
1569 2281 1631 2320 ipsi
1648 2290 1715 2310 non
1732 2289 1808 2320 pos-

1085 2331 1175 2356 sunt.
1192 2326 1248 2356 sed
1266 2325 1304 2355 de
1320 2327 1478 2365 stigmate
1495 2325 1615 2355 notatis
1639 2324 1703 2354 Off.
1724 2324 1758 2354 ii.
1771 2326 1804 2357 7.

1084 2374 1291 2409 compunctus
1306 2371 1393 2399 notis
1408 2369 1581 2399 Threiciis,

1133 2414 1262 2451 Conari,
1280 2423 1338 2454 pro
1362 2423 1468 2453 posse,
1484 2413 1595 2442 eoncm·
1620 2420 1698 2441 cum
1727 2410 1807 2440 effe-

1085 2461 1156 2495 ctu,
1178 2458 1244 2487 sive
1268 2466 1326 2497 pro
1362 2458 1492 2487 actione
1516 2457 1596 2496 ipsa.
1632 2456 1667 2485 in
1692 2453 1805 2484 Caecil.

1089 2503 1137 2530 14.
1161 2500 1201 2530 de
1225 2501 1423 2531 Hortensio:
1448 2509 1630 2539 numquam
1641 2497 1710 2528 ullo
1726 2497 1807 2527 arti-

1085 2545 1161 2573 ficio
1184 2554 1236 2574 me
1261 2547 1440 2583 pervertet,
1466 2552 1650 2583 numquam
1667 2541 1804 2580 ingenio

1084 2597 1137 2616 mc
1169 2598 1229 2618 suo
1266 2587 1466 2617 labefactare
1499 2592 1599 2626 atque
1634 2585 1805 2616 infirmare

1082 2631 1260 2661 conabitur.
1284 2632 1338 2661 Sic
1356 2631 1450 2661 verr.
1467 2631 1501 2660 ii.
1521 2633 1570 2661 14.
1604 2629 1725 2661 leviore
1748 2626 1806 2658 illo

1083 2675 1225 2704 artificio
1242 2674 1375 2713 aggredi
1399 2679 1547 2711 conatur,
1571 2683 1631 2714 pro
1654 2670 1807 2711 aggredi-

1081 2722 1148 2748 tur.
1174 2721 1193 2739 *²
1211 2719 1245 2748 in
1260 2718 1410 2748 animum
1427 2718 1597 2755 inducere,
1615 2717 1804 2747 decernere.

1083 2761 1123 2791 ad
1139 2761 1214 2792 Div.
1233 2772 1262 2791 v.
1285 2765 1317 2792 4.
1348 2771 1414 2800 qua.
1439 2761 1597 2792 inductus
1614 2759 1656 2790 ad
1669 2762 1705 2789 te.
1727 2758 1807 2788 scri-

1081 2804 1158 2834 bere
1171 2815 1246 2835 sum
1258 2810 1400 2836 conatus.

1133 2848 1301 2879 Concalleo.
1326 2848 1406 2880 Nat.
1421 2849 1464 2880 D.
1487 2849 1533 2880 iii.
1561 2851 1610 2879 10.
1633 2845 1805 2878 com-alluit

1085 2901 1203 2923 manus
1220 2902 1332 2933 opere.
