1985 3206
241 72 324 110 212

244 169 429 206 montibus,
442 176 481 197 ea
493 176 586 207 gens,
599 176 672 206 quae
686 166 781 198 illum
801 169 912 200 locum
930 181 984 200 ac-

245 213 342 250 colit,
374 216 509 252 proptcr
540 211 810 250 magnitudinem
842 214 984 253 sonitus,

247 265 348 288 sensu
363 254 519 285 audiendi
537 259 638 284 caret.

297 299 491 335 Catamitus,
510 298 670 336 cinaedus,
685 303 835 330 scortum
856 310 985 331 mascu-

248 343 333 374 lum.
357 342 441 372 Phil.
459 343 494 372 ii.
509 345 562 372 31.

299 387 463 426 Cataplus.
486 386 569 416 Rab.
592 385 682 416 Post.
710 388 760 416 14.
787 385 912 424 classis,
937 387 987 416 in-

249 430 366 470 primis
383 433 418 459 et
432 429 465 459 h.
482 429 584 458 etiam
602 429 674 458 loco
690 440 741 466 ea,
756 439 830 468 quae
845 429 989 460 Alexan—

250 473 359 505 driam
375 473 597 502 commeabat.
615 473 678 503 vid.
696 473 781 513 inpr.
796 473 935 503 Salinas.
949 473 989 503 (16

251 516 341 547 mod.
360 526 451 546 usur.
467 527 498 556 p.
515 519 589 550 357.

302 560 417 596 (Fal-ea,
436 560 526 589 locus
545 560 600 590 ubi
612 563 815 599 spectatores
832 559 988 589 ludorum

251 604 382 634 sedent.
406 604 501 633 Cato.
522 606 569 633 14.
592 603 698 642 magis
718 603 917 640 delectatur,
934 603 990 641 qni

252 648 288 678 in
304 647 413 687 prima
428 656 537 683 cavea,
550 656 649 686 quain
667 647 722 686 qui
740 647 774 676 in
785 647 907 677 ultima
918 656 991 686 spe-

253 696 334 721 ctat.
352 690 393 720 cf.
417 689 497 730 Leg.
515 691 548 719 ii.
569 694 617 721 15.
634 692 693 719 διο.

302 734 468 771 Ca11e0,‹le
491 733 737 764 Jurceonsultis
761 733 894 770 dicitur,
912 743 989 763 cum

252 778 466 818 litigantibus
483 781 542 807 aut
564 777 690 816 aliquid
705 777 992 814 contrahentibus,

253 822 321 852 sive
338 822 456 858 verbis,
470 821 537 851 sive
550 822 687 860 script0‚
700 821 896 857 ostendunt,
910 830 991 859 quo-

255 865 354 896 modo
364 864 403 894 lis
414 864 622 901 instruenda,
637 874 752 903 resque
765 863 994 894 contrahenda

254 910 313 946 sit,
337 918 378 938 ne
403 918 504 938 causa
530 907 665 944 cadant,
688 915 748 938 aut
771 908 992 947 decipiantur.

256 953 347 985 Mur.
370 956 402 986 9.
425 961 529 987 cares,
547 961 588 981 ne
610 952 660 981 tui
684 952 890 981 consultores
906 951 994 981 deci-

257 996 406 1037 piantur.
424 996 501 1025 ibid.
519 995 650 1025 Servius
672 995 727 1025 hic
749 995 921 1026 nobiscum
937 1005 993 1024 ur—

256 1041 379 1070 banam
396 1039 553 1069 militiam
571 1038 803 1078 respondendi,
815 1039 993 1075 scribendi,

257 1083 391 1114 cavenda·
413 1087 548 1112 secutus
572 1088 633 1112 est.
663 1082 703 1112 ad
727 1083 803 1113 Div.
828 1082 873 1112 iii.
902 1086 928 1112 l.
954 1082 994 1111 de

257 1127 390 1157 Valerio
419 1126 526 1156 JCto:
563 1126 682 1156 melius
712 1127 742 1155 ei
770 1136 883 1156 calere
909 1125 995 1163 volo,

258 1181 359 1210 quam
377 1170 446 1209 ipse
464 1170 535 1199 aliis
552 1169 645 1200 solet.
663 1169 704 1199 cf.
722 1170 845 1200 Caecin.
862 1171 914 1203 27.
938 1170 995 1200 Or.

258 1215 279 1244 i.
304 1217 356 1245 43.
380 1212 485 1243 *hinc
511 1223 624 1243 cavere
647 1213 805 1243 dicuntur
828 1213 931 1243 etiam
964 1211 992 1251 1)

258 1258 315 1296 qui
341 1257 402 1287 sibi
429 1256 581 1287 satisdari
602 1257 726 1295 jubent
750 1258 784 1287 in
812 1267 846 1286 re
874 1257 995 1295 aliqua.

258 1300 355 1331 Brut.
374 1304 403 1331 5.
428 1301 490 1330 nisi
509 1301 599 1340 prius
617 1311 636 1330 a
655 1307 688 1329 te
713 1310 835 1338 cavera,
853 1301 996 1340 amplius

257 1354 296 1374 eo
310 1345 445 1374 nomine
459 1345 627 1374 neminem
641 1344 839 1383 petiturum.
852 1344 893 1374 cf.
908 1344 999 1376 Verr.

258 1388 293 1418 ii.
311 1390 363 1419 93.
394 1388 486 1417 Verr.
503 1388 523 1416 i.
542 1390 593 1418 54.
623 1388 788 1428 praedibus
812 1391 845 1418 et
868 1388 998 1428 praediis

259 1431 382 1472 populo
398 1436 533 1461 emtam
549 1436 610 1461 est.
640 1432 672 1467 2)
699 1432 754 1470 qui
771 1431 896 1471 aliquid
911 1432 998 1461 exci-

259 1475 359 1516 piunt
374 1475 407 1504 in
424 1474 570 1504 formula
586 1475 760 1515 pactionis,
777 1480 836 1506 aut
856 1475 998 1506 conditi-

261 1528 359 1548 onem
377 1518 522 1557 aliquam
539 1520 767 1558 paciscuntur.
789 1519 883 1549 Verr.
906 1520 926 1549 i.
948 1523 997 1550 ll.

259 1562 416 1592 viderunt
439 1563 473 1591 in
498 1563 664 1599 cautione,
683 1572 758 1593 cum
774 1563 823 1592 ita
837 1568 999 1600 caverem,

261 1606 289 1635 si
313 1610 388 1646 post
415 1604 489 1635 Kal.
513 1605 590 1635 «Jan.
617 1606 651 1635 in
679 1606 855 1636 consilium
883 1607 998 1640 iretur.

264 1650 296 1687 3)
328 1650 383 1688 qui
410 1648 510 1679 alicui
537 1659 735 1688 quacunque
757 1651 792 1680 in
816 1660 850 1680 re
874 1651 1000 1691 prospi-

264 1693 369 1723 ciunt.
395 1692 527 1722 Cluent.
545 1696 596 1727 59.
613 1703 689 1723 cum
707 1693 774 1723 HS.
791 1704 855 1724 xxx
878 1695 1003 1735 scripta

265 1742 389 1773 essent,
405 1746 464 1776 pro
482 1736 548 1766 Hs.
565 1745 643 1774 ccc,
658 1746 765 1777 neque
782 1739 811 1768 ci
827 1739 906 1768 satis
924 1748 1002 1769 cau-

267 1784 338 1810 tum
355 1780 524 1809 videretur
538 1792 547 1818 3
572 1780 690 1818 voluit,
706 1791 783 1811 eum
807 1781 932 1820 aliquid
948 1793 1001 1812 ac-

267 1828 402 1863 ceptum
425 1823 544 1853 referre
564 1824 767 1855 liberalitati.
791 1825 871 1864 Leg.
893 1826 926 1855 ii.
949 1828 1001 1857 ⁶31.

266 1877 295 1896 v.
317 1867 426 1896 (wate.
443 1868 462 1885 ’k
474 1867 646 1907 prohibere
662 1868 748 1907 lege,
765 1869 886 1899 edicto.
912 1870 1002 1900 Verr.

265 1911 286 1939 i.
313 1913 366 1941 43.
399 1920 459 1940 cur
485 1911 559 1948 hoc,
575 1921 652 1941 cum
678 1913 713 1942 in
740 1912 857 1942 eodem
883 1923 1003 1953 genere

265 1955 322 1991 sit,
342 1963 408 1983 non
425 1964 527 1984 caves.

318 1997 470 2028 Caverna?
486 1998 617 2037 navigii.
641 1999 697 2029 Or.
716 1999 762 2029 iii.
778 2001 831 2030 46.
857 2005 937 2030 sunt
959 2000 1005 2030 la-

268 2043 340 2071 tera
356 2051 445 2071 cava.
461 2050 492 2071 v.
509 2042 597 2072 Serv.
618 2042 659 2072 ad
682 2042 774 2082 Virg.
798 2043 873 2073 AEn.
898 2044 933 2074 ii.
957 2048 1004 2079 19.

268 2084 326 2115 sed
342 2084 440 2123 vulgo
458 2085 479 2114 l.
496 2096 524 2114 c.
541 2091 591 2115 est
608 2087 746 2116 carinas

317 2128 495 2159 ζ’(ιι-ἱίὶαέἱο.
519 2129 575 2159 Or.
603 2129 636 2159 ii.
664 2132 715 2160 54.
743 2139 848 2169 genus
872 2130 1009 2161 facetia-

271 2180 345 2202 rum
363 2173 396 2201 in
409 2176 481 2201 toto
497 2182 649 2203 sermone
665 2173 789 2203 fusum.
807 2173 862 2204 Gr.
875 2174 1008 2216 εἰρωνεία,

269 2214 361 2254 quali
377 2216 526 2245 Socrates
543 2226 620 2247 usus
636 2222 699 2253 est,
716 2217 803 2256 qnod
819 2227 884 2247 non
897 2219 1007 2250 t'uitin

269 2258 409 2298 singulis
426 2260 531 2289 verbis
549 2265 607 2291 aut
625 2260 733 2290 dietis.

320 2302 589 2342 Ch‘vz‘llor,joc‹›r.
613 2303 693 2334 Nat.
710 2304 752 2334 D.
770 2305 815 2334 iii.
833 2308 884 2336 34.
910 2310 1008 2345 atque

270 2346 305 2375 in
332 2356 370 2375 eo
397 2346 498 2376 etiam
525 2348 698 2378 cavillatus
723 2355 784 2378 est.
818 2349 888 2380 [itt.
916 2350 949 2380 ii.
984 2353 1010 2380 l.

264 2390 338 2429 jani
356 2389 566 2420 familiariter
582 2401 659 2421 cuni
676 2393 746 2432 ipso
758 2394 892 2422 cavillor
904 2394 1008 2423 etiam

272 2437 307 2462 et
317 2433 424 2471 jocor.
447 2432 586 2471 *jocose
604 2436 802 2475 perstringo.
825 2436 890 2475 Qu.
908 2437 958 2466 Fr.
974 2437 1008 2467 ii.

276 2479 324 2508 12.
349 2477 419 2515 ejus
437 2482 635 2516 praetextarn
652 2480 719 2509 risu
735 2489 810 2509 sum
828 2482 1008 2511 cavillatus.

321 2520 497 2560 Caupouor.
521 2532 561 2551 cx
589 2522 698 2552 Ennio
725 2523 789 2553 Off.
816 2524 836 2552 i.
864 2526 913 2555 12.
943 2534 1010 2554 non

271 2568 490 2603 cauponantes
519 2564 658 2603 belluni,
685 2566 717 2596 h.
745 2576 773 2596 e.
801 2565 885 2597 lucri
910 2577 1011 2598 causa

271 2613 440 2647 gerentes.

321 2651 438 2681 Causa.
463 2661 526 2688 res,
544 2651 582 2681 de
599 2662 665 2692 qua
680 2652 712 2681 in
732 2653 862 2690 judicio
886 2654 1009 2693 agitur,

270 2695 496 2724 controversia
511 2695 663 2732 forensis,
676 2697 816 2734 quaestio
830 2697 937 2734 finita,
952 2698 1009 2728 Gr.

272 2734 422 2780 herwart...
442 2748 467 2767 s.
488 2742 527 2768 ut.
551 2740 666 2769 Cicero
690 2740 826 2770 delinit:
853 2751 917 2777 res,
935 2751 1009 2780 quae

270 2780 373 2811 habet
399 2781 433 2811 in
460 2791 493 2811 se
519 2783 792 2820 controversiam,
810 2784 844 2813 in
869 2784 1009 2814 dicendo

270 2825 428 2863 positam,
459 2835 535 2855 cum
570 2827 824 2865 interpositione
852 2837 1011 2867 persona-

269 2877 346 2898 rum
362 2873 542 2900 certarum.
575 2869 645 2901 Inv.
664 2870 686 2900 i.
704 2870 734 2900 6.
767 2871 809 2901 cf.
832 2872 888 2902 Or.
904 2872 938 2902 ii.
959 2875 1007 2906 19.

758 78 910 111 ,ΙΝΒΕΧ
940 80 1236 110 LATINITATIS·

1030 171 1132 209 Hinc,
1148 171 1204 201 ubi
1228 179 1279 200 res
1305 172 1339 200 et
1365 178 1466 200 causa
1487 169 1693 210 junguntur,
1718 169 1755 200 P.

1029 215 1218 250 Manutius,
1234 223 1304 244 rem
1332 212 1372 243 de
1398 218 1472 244 toto
1499 214 1633 253 negotio
1660 215 1694 244 in
1720 223 1755 243 se

1030 258 1251 294 considerato,
1267 267 1400 287 eausam
1418 256 1457 286 de
1475 258 1655 287 momentis
1670 261 1758 287 tein-

1029 311 1147 341 porum
1166 310 1447 341 personarumque
1460 300 1694 330 accedentibus
1708 311 1758 330 re-

1030 349 1084 375 cte
1101 344 1264 383 capiebat.
1280 354 1311 374 v.
1329 343 1370 374 ad
1385 353 1437 383 ep.
1459 347 1484 374 l.
1503 343 1523 374 l.
1543 345 1563 374 i.
1581 344 1622 374 ad
1636 344 1710 374 Div.
1724 355 1756 384 p.

1037 392 1085 418 11.
1110 388 1161 417 ed.
1177 387 1284 418 Graev.
1306 387 1384 417 hinc
1403 391 1450 424 et,
1468 388 1546 427 quid
1562 388 1604 417 sit
1621 397 1756 418 causam

1033 440 1245 470 componere,
1261 431 1415 468 scribere,
1432 442 1462 461 v.
1479 441 1506 460 c.
1535 431 1606 462 Att.
1628 441 1679 461 xv.
1703 433 1756 462 24.

1031 475 1175 513 intelligi
1200 479 1322 515 potest.
1355 474 1453 514 Quod
1478 484 1679 513 quamquain
1704 483 1760 504 ve-

1034 529 1108 548 ruin
1133 523 1196 555 est,
1213 522 1328 548 tamen
1350 524 1413 554 est,
1431 519 1487 548 ubi
1508 518 1606 548 aliter
1628 518 1756 548 Cicero.

1033 562 1133 591 Tnsc.
1158 562 1179 591 i.
1201 564 1254 592 48.
1280 571 1413 591 causam
1437 562 1533 591 rebus
1558 571 1576 590 a
1597 562 1671 591 Diis
1696 562 1758 590 im-

1034 605 1231 635 mortalibus
1258 605 1458 643 judicatam.
1500 605 1589 635 Nam
1620 615 1659 634 eo
1687 604 1760 634 loco

1034 659 1133 679 causa
1149 654 1198 679 est
1218 649 1358 687 quaestio
1382 649 1536 678 infinita:
1561 648 1648 678 sitne
1670 657 1759 678 mors

1035 692 1161 722 malurn
1189 702 1250 722 nee
1277 693 1344 721 ne?
1371 702 1435 728 res,
1452 692 1570 730 quibus
1597 702 1636 721 ea
1658 701 1759 722 causa

1027 735 1182 773 judicata
1209 740 1272 772 est,
1288 739 1368 765 sunt
1393 735 1546 774 exempla
1570 735 1760 772 hominurn,

1034 780 1151 818 quibus
1165 789 1184 809 a
1195 779 1267 809 Deo
1282 779 1316 808 in
1334 778 1484 808 beneficii
1498 778 1569 808 loeo
1582 788 1669 808 mors
1682 789 1761 808 con-

1033 833 1135 853 cessa.
1157 822 1327 859 Ceterum,
1344 822 1501 860 quoniam
1523 822 1557 851 in
1580 821 1651 851 foro
1669 822 1762 852 nulla

1035 870 1147 906 potest
1159 875 1229 896 esse
1247 865 1484 902 controversia,
1497 865 1567 894 sine
1585 865 1763 905 interposi-

1035 911 1126 939 tione
1149 919 1380 949 personarum,
1401 913 1576 948 propterea
1597 918 1698 938 caum
1720 908 1762 938 de

1036 963 1235 992 quacunque
1251 952 1473 983 controversia
1488 951 1611 982 forensi
1628 951 1763 982 dicitur.

1041 997 1153 1027 Causoe
1173 996 1320 1026 forenses
1344 999 1456 1026 autem
1479 999 1559 1025 sunt
1579 995 1630 1024 vel
1653 995 1762 1035 publi-

1038 1051 1098 1077 cae,
1112 1042 1144 1070 in
1162 1039 1274 1070 Caecil.
1292 1040 1313 1069 i.
1329 1039 1385 1069 Or.
1403 1039 1448 1070 iii.
1465 1040 1527 1077 203
1546 1038 1594 1068 vel
1611 1040 1762 1079 privatae,

1039 1083 1109 1114 inv.
1135 1085 1155 1114 i.
1174 1087 1205 1114 3.
1240 1083 1385 1114 Publicae
1410 1086 1503 1119 sunt,
1531 1092 1603 1121 quae
1629 1091 1695 1112 non
1720 1083 1763 1112 ad

1038 1129 1205 1168 privatum
1228 1126 1411 1163 hominem,
1428 1126 1486 1156 sed
1509 1126 1550 1156 ad
1572 1127 1763 1156 universam

1038 1170 1279 1211 rempublicam
1290 1172 1426 1209 eiusque
1438 1169 1565 1200 statum
1578 1170 1762 1209 pertinent,

1040 1215 1128 1254 quod
1150 1214 1286 1251 scelera,
1306 1214 1345 1244 de
1369 1213 1488 1252 quibus
1512 1214 1635 1252 agitur,
1651 1214 1679 1242 ei
1704 1219 1764 1243 aut

1040 1258 1162 1288 directe
1186 1261 1320 1294 nocent,
1340 1259 1376 1287 ut
1391 1257 1577 1297 peculatus,
1595 1258 1764 1295 majestas,

1041 1306 1147 1341 captae
1159 1302 1310 1341 pecuniae
1323 1301 1382 1330 &e.
1395 1305 1453 1331 aut
1465 1300 1617 1340 exemplo
1634 1304 1668 1330 et
1678 1301 1766 1340 peri-

1040 1345 1116 1375 culo
1127 1345 1268 1386 publicae
1280 1345 1480 1380 securitatis,
1497 1349 1535 1374 ut
1551 1344 1764 1384 parricidium

1042 1390 1100 1419 &a
1123 1389 1211 1419 unde
1227 1388 1368 1429 populus
1385 1397 1499 1418 earum
1511 1387 1675 1425 judicium
1693 1387 1767 1426 lege

1040 1433 1110 1463 lata
1132 1433 1174 1463 ad
1196 1442 1230 1462 se
1254 1433 1418 1472 pertinere
1431 1431 1605 1469 judicavit,
1621 1436 1658 1460 ut
1673 1436 1732 1460 aut
1747 1441 1767 1461 a

1041 1487 1076 1507 se
1094 1477 1316 1514 judicaretur,
1335 1480 1408 1512 aut,
1431 1475 1668 1513 quaestionibus
1693 1484 1768 1514 per-

1042 1520 1151 1561 petuis
1168 1519 1369 1555 constitutis,
1387 1530 1406 1548 a
1421 1518 1632 1555 Praetoribus,
1648 1518 1767 1556 quihus

1042 1574 1089 1594 eae
1101 1564 1309 1602 obtigissent.
1321 1563 1385 1593 vid.
1402 1563 1472 1592 Lex
1486 1561 1674 1592 Tabellaria
1689 1561 1768 1592 Cas-

1042 1608 1100 1638 sia.
1126 1608 1265 1637 Privatae
1282 1610 1394 1636 autem
1410 1606 1582 1643 dicuntur,
1598 1606 1632 1635 in
1649 1606 1770 1644 quibus

1042 1652 1246 1692 privatorum
1274 1649 1487 1680 commodum
1516 1649 1640 1688 agitur,
1664 1654 1703 1679 ut
1727 1648 1767 1678 de

1042 1695 1254 1725 testamentis
1271 1698 1305 1724 et
1320 1692 1573 1729 hereditatibus,
1591 1693 1768 1732 possessio-

1045 1739 1154 1775 nibus,
1172 1739 1231 1769 circ..
1256 1738 1305 1768 Ab
1330 1738 1379 1768 his
1400 1746 1578 1767 causarum
1593 1737 1769 1775 generibus

1038 1782 1166 1822 judicia
1181 1782 1283 1811 etiam
1299 1782 1350 1812 vel
1364 1780 1498 1821 publiea
1512 1780 1563 1810 vel
1580 1780 1708 1820 privata
1722 1780 1770 1810 di-

1045 1830 1181 1864 cuntur,
1206 1825 1246 1855 (16
1273 1835 1338 1864 quo
1361 1834 1421 1854 suo
1444 1824 1528 1854 loco.
1553 1823 1670 1862 Neque
1693 1833 1769 1853 vero

1046 1869 1153 1899 solum
1170 1869 1209 1899 de
1226 1869 1410 1899 forensibus
1426 1868 1654 1898 controversiis
1670 1877 1770 1897 causa

1046 1913 1179 1949 dicitur,
1199 1912 1256 1943 sed
1279 1911 1318 1942 de
1343 1912 1483 1951 negotiis
1506 1911 1771 1950 quibuscunque,

1047 1957 1198 1996 inprimis
1225 1957 1259 1986 in
1283 1956 1401 1995 quibus
1424 1964 1573 1995 personae
1597 1959 1696 1983 certae
1721 1954 1771 1983 in-

1046 2004 1284 2040 terponuntur,
1308 2004 1346 2029 ut
1377 1998 1494 2029 Manil.
1520 2000 1550 2029 2.
1574 2007 1674 2027 caasa
1696 2006 1772 2035 quae

1049 2045 1091 2073 sit
1105 2043 1233 2074 videtis.
1257 2044 1297 2072 ad
1315 2043 1390 2073 Div.
1407 2042 1449 2072 vi.
1470 2046 1518 2072 10.
1542 2051 1641 2071 cansa
1658 2051 1698 2070 ea
1709 2045 1771 2070 est.

1051 2088 1110 2118 ἃς.
1142 2087 1247 2117 Causa
1264 2087 1401 2117 inferior
1417 2090 1451 2116 et
1467 2086 1617 2126 superior
1630 2084 1725 2114 Brut.
1743 2087 1775 2114 8.

1050 2136 1113 2168 est,
1137 2141 1211 2170 quae
1234 2131 1392 2167 vincitur,
1409 2134 1445 2160 et
1467 2139 1540 2168 quae
1563 2128 1681 2158 vincit.
1706 2127 1773 2157 No-

1048 2174 1153 2204 tanda
1177 2185 1273 2215 porro
1288 2174 1452 2204 tironibus
1468 2173 1538 2203 liaec
1553 2184 1560 2201 ι
1586 2172 1704 2211 Quint.
1725 2173 1774 2201 lo.

1056 2218 1164 2249 Causce
1187 2218 1302 2255 dictio,
1320 2228 1393 2256 quae
1416 2222 1451 2247 et
1467 2216 1507 2246 de
1524 2226 1592 2252 reo,
1610 2219 1645 2244 et
1661 2214 1700 2244 de
1716 2224 1774 2254 pa-

1050 2268 1147 2292 trono
1163 2263 1246 2300 ejus,
1260 2262 1291 2291 lx.
1306 2261 1327 2291 l.
1340 2261 1379 2291 de
1396 2265 1536 2300 patrono
1548 2259 1682 2295 dicitur,
1695 2267 1775 2287 nam

1050 2311 1192 2347 uterque
1216 2315 1347 2336 cansam
1366 2304 1457 2334 dicit.
1481 2314 1510 2334 v.
1528 2304 1625 2333 Rosc.
1649 2302 1724 2331 Am.
1743 2304 1773 2332 5.

1052 2349 1108 2379 ubi
1127 2356 1177 2378 cst
1193 2349 1233 2378 (ie
1250 2359 1318 2386 reo,
1335 2353 1369 2378 et
1384 2348 1431 2378 sic
1447 2347 1595 2387 pluribus
1611 2346 1701 2376 locis.
1717 2344 1775 2374 Or.

1052 2393 1087 2424 ii.
1105 2395 1156 2423 25.
1173 2396 1226 2423 30.
1258 2392 1346 2432 quod
1376 2400 1510 2421 emesam
1532 2390 1627 2426 facit,
1652 2388 1777 2418 dicitur

1052 2442 1154 2476 caput
1176 2445 1293 2473 eansoe,
1309 2437 1342 2465 in
1368 2445 1432 2474 quo
1455 2439 1530 2466 tota
1551 2442 1653 2464 causa
1668 2441 1778 2462 versa-

1052 2486 1121 2517 tur,
1150 2490 1174 2510 s.
1201 2485 1240 2510 ut
1266 2479 1338 2510 aliis
1365 2478 1445 2509 locis
1473 2478 1566 2514 dicit,
1593 2475 1681 2515 quod
1705 2485 1778 2505 rem

1051 2533 1248 2563 cansamque
1272 2524 1435 2553 continet.
1457 2521 1531 2552 Mil.
1556 2522 1608 2551 2⁶2.
1631 2519 1720 2558 quod
1743 2519 1777 2548 in

1051 2577 1151 2597 cansa
1168 2567 1386 2606 quaerendum
1402 2572 1464 2602 est,
1482 2566 1503 2595 i.
1520 2575 1547 2594 e.
1565 2565 1598 2594 in
1615 2573 1649 2593 re
1666 2568 1701 2592 et
1716 2563 1779 2592 cir-

1053 2611 1276 2641 cumstantiis.
1295 2610 1370 2640 Huc
1383 2610 1528 2650 pertinet
1543 2607 1627 2638 illud
1643 2606 1684 2636 ad
1700 2606 1778 2636 Div.

1055 2655 1076 2684 i.
1107 2657 1132 2684 1.
1158 2655 1190 2684 in
1215 2665 1315 2684 cazas-z
1341 2654 1411 2683 liaec
1437 2655 1537 2682 sunt:
1570 2651 1591 2680 i.
1616 2660 1645 2680 e.
1671 2654 1781 2679 status

1051 2708 1157 2728 catcsoe
1170 2701 1203 2727 et
1214 2698 1340 2737 negotii
1353 2697 1407 2727 hic
1418 2700 1478 2726 est.
1503 2696 1521 2714 *-
1533 2695 1622 2734 Quia
1634 2694 1668 2723 in
1680 2701 1780 2723 causa

1053 2751 1182 2778 eorum,
1201 2751 1343 2780 quorum
1360 2744 1423 2776 est,
1439 2739 1566 2769 utilitas
1582 2743 1682 2777 atque
1698 2736 1782 2766 adeo

1052 2785 1224 2815 interdum
1241 2785 1330 2815 salus
1346 2784 1454 2824 posita
1469 2786 1531 2819 est,
1547 2791 1648 2812 causa
1660 2781 1783 2810 dicitur

1051 2829 1166 2864 etiam,
1194 2829 1229 2858 in
1259 2836 1458 2867 quocunque
1485 2826 1626 2864 alicujus
1655 2823 1783 2854 utilitas

1051 2875 1218 2903 versatur:
1237 2872 1296 2903 das
1310 2873 1482 2903 interesse.
1501 2870 1559 2902 Or.
1574 2869 1595 2900 i.
1608 2870 1659 2900 34.
1683 2875 1799 2906 causa*
