<?xml version="1.0" encoding="UTF-8"?>
<!DOCTYPE html PUBLIC "-//W3C//DTD XHTML 1.0 Transitional//EN"
    "http://www.w3.org/TR/xhtml1/DTD/xhtml1-transitional.dtd">
<html xmlns="http://www.w3.org/1999/xhtml" xml:lang="en" lang="en">
 <head>
  <title>
</title>
<meta http-equiv="Content-Type" content="text/html;charset=utf-8" />
  <meta name='ocr-system' content='tesseract 3.04.00' />
  <meta name='ocr-capabilities' content='ocr_page ocr_carea ocr_par ocr_line ocrx_word'/>
</head>
<body>
  <div class='ocr_page' id='page_1' title='image "./clavisciceronian00erneuoft/clavisciceronian00erneuoft_0429.png"; bbox 0 0 1920 3196; ppageno 0'>
   <div class='ocr_carea' id='block_1_1' title="bbox 0 1718 8 2330">
    <p class='ocr_par' dir='ltr' id='par_1_1' title="bbox 0 1718 8 2330">
     <span class='ocr_line' id='line_1_1' title="bbox 0 1718 8 2330; baseline 0 0"><span class='ocrx_word' id='word_1_1' title='bbox 0 1718 8 2330; x_wconf 95' lang='lat' dir='ltr'> </span> 
     </span>
    </p>
   </div>
   <div class='ocr_carea' id='block_1_2' title="bbox 0 2321 27 3196">
    <p class='ocr_par' dir='ltr' id='par_1_2' title="bbox 0 2321 27 3196">
     <span class='ocr_line' id='line_1_2' title="bbox 0 2321 27 3196; baseline 0 0"><span class='ocrx_word' id='word_1_2' title='bbox 0 2321 27 3196; x_wconf 95' lang='lat' dir='ltr'> </span> 
     </span>
    </p>
   </div>
   <div class='ocr_carea' id='block_1_3' title="bbox 657 105 1134 135">
    <p class='ocr_par' dir='ltr' id='par_1_3' title="bbox 657 105 1134 135">
     <span class='ocr_line' id='line_1_3' title="bbox 657 105 1134 135; baseline -0.006 0"><span class='ocrx_word' id='word_1_3' title='bbox 657 106 804 135; x_wconf 77' lang='lat' dir='ltr'>INDEX</span> <span class='ocrx_word' id='word_1_4' title='bbox 837 105 972 134; x_wconf 78' lang='lat' dir='ltr'>LATIN</span> <span class='ocrx_word' id='word_1_5' title='bbox 978 105 1134 133; x_wconf 75' lang='lat' dir='ltr'>1&#39;1&#39;A‘1’ls.</span> 
     </span>
    </p>
   </div>
   <div class='ocr_carea' id='block_1_4' title="bbox 124 195 856 1065">
    <p class='ocr_par' dir='ltr' id='par_1_4' title="bbox 124 195 856 672">
     <span class='ocr_line' id='line_1_4' title="bbox 174 195 852 227; baseline -0.003 -1"><span class='ocrx_word' id='word_1_6' title='bbox 174 196 318 226; x_wconf 80' lang='lat' dir='ltr'>Secutor.</span> <span class='ocrx_word' id='word_1_7' title='bbox 350 197 422 227; x_wconf 80' lang='lat' dir='ltr'>Att.</span> <span class='ocrx_word' id='word_1_8' title='bbox 454 196 508 226; x_wconf 80' lang='lat' dir='ltr'>vii.</span> <span class='ocrx_word' id='word_1_9' title='bbox 538 198 586 226; x_wconf 76' lang='grc'>14.</span> <span class='ocrx_word' id='word_1_10' title='bbox 609 199 789 226; x_wconf 77' lang='lat' dir='ltr'>secutorum</span> <span class='ocrx_word' id='word_1_11' title='bbox 818 195 852 225; x_wconf 89' lang='lat' dir='ltr'>iu</span> 
     </span>
     <span class='ocr_line' id='line_1_5' title="bbox 129 237 855 277; baseline 0 -9"><span class='ocrx_word' id='word_1_12' title='bbox 129 237 206 269; x_wconf 90' lang='lat' dir='ltr'>ludo</span> <span class='ocrx_word' id='word_1_13' title='bbox 222 239 282 271; x_wconf 75' lang='lat' dir='ltr'>loo</span> <span class='ocrx_word' id='word_1_14' title='bbox 300 240 447 269; x_wconf 83' lang='lat' dir='ltr'>fuerunt.</span> <span class='ocrx_word' id='word_1_15' title='bbox 494 238 628 270; x_wconf 76' lang='lat' dir='ltr'>Secutor</span> <span class='ocrx_word' id='word_1_16' title='bbox 654 243 706 269; x_wconf 80' lang='lat' dir='ltr'>est</span> <span class='ocrx_word' id='word_1_17' title='bbox 730 238 855 277; x_wconf 84' lang='lat' dir='ltr'>gladia-</span> 
     </span>
     <span class='ocr_line' id='line_1_6' title="bbox 127 283 856 323; baseline 0 -11"><span class='ocrx_word' id='word_1_18' title='bbox 127 289 192 319; x_wconf 87' lang='lat' dir='ltr'>tor,</span> <span class='ocrx_word' id='word_1_19' title='bbox 209 284 265 322; x_wconf 90' lang='lat' dir='ltr'>qui</span> <span class='ocrx_word' id='word_1_20' title='bbox 292 284 506 323; x_wconf 81' lang='lat' dir='ltr'>componitur</span> <span class='ocrx_word' id='word_1_21' title='bbox 536 293 613 313; x_wconf 91' lang='lat' dir='ltr'>cum</span> <span class='ocrx_word' id='word_1_22' title='bbox 640 283 788 320; x_wconf 79' lang='lat' dir='ltr'>retiario,</span> <span class='ocrx_word' id='word_1_23' title='bbox 816 289 856 313; x_wconf 88' lang='lat' dir='ltr'>ut</span> 
     </span>
     <span class='ocr_line' id='line_1_7' title="bbox 129 326 854 366; baseline -0.001 -10"><span class='ocrx_word' id='word_1_24' title='bbox 129 332 226 365; x_wconf 87' lang='lat' dir='ltr'>putat</span> <span class='ocrx_word' id='word_1_25' title='bbox 256 326 347 366; x_wconf 85' lang='lat' dir='ltr'>Lips.</span> <span class='ocrx_word' id='word_1_26' title='bbox 376 328 511 356; x_wconf 88' lang='lat' dir='ltr'>Saturn.</span> <span class='ocrx_word' id='word_1_27' title='bbox 541 327 574 356; x_wconf 90' lang='lat' dir='ltr'>ii.</span> <span class='ocrx_word' id='word_1_28' title='bbox 603 330 634 360; x_wconf 86' lang='grc'>7.</span> <span class='ocrx_word' id='word_1_29' title='bbox 666 330 696 357; x_wconf 89' lang='grc'><strong>8.</strong></span> <span class='ocrx_word' id='word_1_30' title='bbox 720 326 777 356; x_wconf 89' lang='lat' dir='ltr'>ubi</span> <span class='ocrx_word' id='word_1_31' title='bbox 795 335 854 366; x_wconf 90' lang='lat' dir='ltr'>pro</span> 
     </span>
     <span class='ocr_line' id='line_1_8' title="bbox 128 369 853 409; baseline 0 -10"><span class='ocrx_word' id='word_1_32' title='bbox 128 369 188 400; x_wconf 75' lang='lat' dir='ltr'>loo</span> <span class='ocrx_word' id='word_1_33' title='bbox 202 369 430 409; x_wconf 88' lang='lat' dir='ltr'>reponendum</span> <span class='ocrx_word' id='word_1_34' title='bbox 455 377 570 400; x_wconf 88' lang='lat' dir='ltr'>censet</span> <span class='ocrx_word' id='word_1_35' title='bbox 590 370 650 401; x_wconf 76' lang='lat' dir='ltr'>clo</span> <span class='ocrx_word' id='word_1_36' title='bbox 672 369 745 400; x_wconf 74' lang='lat' dir='ltr'>clo.</span> <span class='ocrx_word' id='word_1_37' title='bbox 767 369 853 409; x_wconf 92' lang='lat' dir='ltr'>quod</span> 
     </span>
     <span class='ocr_line' id='line_1_9' title="bbox 127 412 855 452; baseline 0.001 -10"><span class='ocrx_word' id='word_1_38' title='bbox 127 412 182 442; x_wconf 92' lang='lat' dir='ltr'>ille</span> <span class='ocrx_word' id='word_1_39' title='bbox 207 423 365 444; x_wconf 89' lang='lat' dir='ltr'>numerus</span> <span class='ocrx_word' id='word_1_40' title='bbox 390 414 496 452; x_wconf 83' lang='lat' dir='ltr'>major</span> <span class='ocrx_word' id='word_1_41' title='bbox 519 414 583 443; x_wconf 79' lang='lat' dir='ltr'>fide</span> <span class='ocrx_word' id='word_1_42' title='bbox 608 413 750 444; x_wconf 90' lang='lat' dir='ltr'>videtur.</span> <span class='ocrx_word' id='word_1_43' title='bbox 785 413 855 443; x_wconf 89' lang='lat' dir='ltr'>Sal-</span> 
     </span>
     <span class='ocr_line' id='line_1_10' title="bbox 128 457 852 498; baseline 0.001 -12"><span class='ocrx_word' id='word_1_44' title='bbox 128 466 209 486; x_wconf 82' lang='lat' dir='ltr'>mas.</span> <span class='ocrx_word' id='word_1_45' title='bbox 233 457 275 486; x_wconf 85' lang='lat' dir='ltr'>ad</span> <span class='ocrx_word' id='word_1_46' title='bbox 298 457 468 498; x_wconf 85' lang='lat' dir='ltr'>Lamprid.</span> <span class='ocrx_word' id='word_1_47' title='bbox 496 457 625 488; x_wconf 88' lang='lat' dir='ltr'>Comm.</span> <span class='ocrx_word' id='word_1_48' title='bbox 656 461 705 488; x_wconf 90' lang='lat'>15.</span> <span class='ocrx_word' id='word_1_49' title='bbox 729 467 760 497; x_wconf 88' lang='lat' dir='ltr'>p.</span> <span class='ocrx_word' id='word_1_50' title='bbox 778 460 852 487; x_wconf 83' lang='lat'>515.</span> 
     </span>
     <span class='ocr_line' id='line_1_11' title="bbox 126 500 855 541; baseline 0.001 -12"><span class='ocrx_word' id='word_1_51' title='bbox 126 504 151 529; x_wconf 85' lang='lat' dir='ltr'>t.</span> <span class='ocrx_word' id='word_1_52' title='bbox 168 500 190 530; x_wconf 89' lang='lat' dir='ltr'>i.</span> <span class='ocrx_word' id='word_1_53' title='bbox 217 500 304 530; x_wconf 88' lang='lat' dir='ltr'>Hist.</span> <span class='ocrx_word' id='word_1_54' title='bbox 329 501 415 539; x_wconf 78' lang='lat' dir='ltr'>Aug.</span> <span class='ocrx_word' id='word_1_55' title='bbox 441 505 598 532; x_wconf 80' lang='lat' dir='ltr'>secutores</span> <span class='ocrx_word' id='word_1_56' title='bbox 627 501 733 531; x_wconf 84' lang='lat' dir='ltr'>dictos</span> <span class='ocrx_word' id='word_1_57' title='bbox 758 504 855 541; x_wconf 84' lang='lat' dir='ltr'>putat</span> 
     </span>
     <span class='ocr_line' id='line_1_12' title="bbox 125 543 856 584; baseline 0.001 -11"><span class='ocrx_word' id='word_1_58' title='bbox 125 543 337 582; x_wconf 76' lang='lat' dir='ltr'>gladiatores,</span> <span class='ocrx_word' id='word_1_59' title='bbox 354 545 410 584; x_wconf 93' lang='lat' dir='ltr'>qui</span> <span class='ocrx_word' id='word_1_60' title='bbox 435 550 523 575; x_wconf 80' lang='lat' dir='ltr'>sorte</span> <span class='ocrx_word' id='word_1_61' title='bbox 542 545 637 575; x_wconf 87' lang='lat' dir='ltr'>victis</span> <span class='ocrx_word' id='word_1_62' title='bbox 665 545 856 574; x_wconf 83' lang='lat' dir='ltr'>sufficeren-</span> 
     </span>
     <span class='ocr_line' id='line_1_13' title="bbox 124 588 851 629; baseline 0.004 -14"><span class='ocrx_word' id='word_1_63' title='bbox 124 593 192 623; x_wconf 77' lang='lat' dir='ltr'>tur,</span> <span class='ocrx_word' id='word_1_64' title='bbox 211 593 247 618; x_wconf 84' lang='lat' dir='ltr'>ct</span> <span class='ocrx_word' id='word_1_65' title='bbox 274 588 454 619; x_wconf 81' lang='lat' dir='ltr'>victoribus</span> <span class='ocrx_word' id='word_1_66' title='bbox 471 593 759 629; x_wconf 78' lang='lat' dir='ltr'>compararentur.</span> <span class='ocrx_word' id='word_1_67' title='bbox 794 588 851 618; x_wconf 89' lang='lat' dir='ltr'>Gr.</span> 
     </span>
     <span class='ocr_line' id='line_1_14' title="bbox 125 628 238 672; baseline 0.018 -13"><span class='ocrx_word' id='word_1_68' title='bbox 125 628 238 672; x_wconf 65' lang='grc' dir='ltr'><strong>ἵφιῖρω.</strong></span> 
     </span>
    </p>

    <p class='ocr_par' dir='ltr' id='par_1_5' title="bbox 125 673 854 878">
     <span class='ocr_line' id='line_1_15' title="bbox 169 673 854 715; baseline 0 -11"><span class='ocrx_word' id='word_1_69' title='bbox 169 673 246 712; x_wconf 85' lang='lat' dir='ltr'>Sed,</span> <span class='ocrx_word' id='word_1_70' title='bbox 261 675 435 715; x_wconf 77' lang='lat' dir='ltr'>eleganter</span> <span class='ocrx_word' id='word_1_71' title='bbox 446 675 624 706; x_wconf 82' lang='lat' dir='ltr'>adhibetur</span> <span class='ocrx_word' id='word_1_72' title='bbox 635 683 673 706; x_wconf 93' lang='lat' dir='ltr'>ut</span> <span class='ocrx_word' id='word_1_73' title='bbox 686 676 801 715; x_wconf 79' lang='lat' dir='ltr'>igitur,</span> <span class='ocrx_word' id='word_1_74' title='bbox 814 674 854 705; x_wconf 87' lang='lat' dir='ltr'>de</span> 
     </span>
     <span class='ocr_line' id='line_1_16' title="bbox 126 719 854 760; baseline 0.003 -14"><span class='ocrx_word' id='word_1_75' title='bbox 126 727 191 756; x_wconf 88' lang='lat' dir='ltr'>quo</span> <span class='ocrx_word' id='word_1_76' title='bbox 216 728 329 759; x_wconf 88' lang='lat' dir='ltr'>supra,</span> <span class='ocrx_word' id='word_1_77' title='bbox 353 724 429 759; x_wconf 88' lang='lat' dir='ltr'>post</span> <span class='ocrx_word' id='word_1_78' title='bbox 453 720 684 760; x_wconf 83' lang='lat' dir='ltr'>parenthesin,</span> <span class='ocrx_word' id='word_1_79' title='bbox 701 719 854 759; x_wconf 84' lang='lat' dir='ltr'>inprimis</span> 
     </span>
     <span class='ocr_line' id='line_1_17' title="bbox 125 760 854 803; baseline 0.003 -13"><span class='ocrx_word' id='word_1_80' title='bbox 125 760 322 800; x_wconf 81' lang='lat' dir='ltr'>longiorem.</span> <span class='ocrx_word' id='word_1_81' title='bbox 345 764 410 794; x_wconf 81' lang='lat' dir='ltr'>Off.</span> <span class='ocrx_word' id='word_1_82' title='bbox 437 764 458 793; x_wconf 92' lang='lat' dir='ltr'>i.</span> <span class='ocrx_word' id='word_1_83' title='bbox 485 766 538 795; x_wconf 84' lang='lat'>30.</span> <span class='ocrx_word' id='word_1_84' title='bbox 561 764 616 794; x_wconf 87' lang='lat' dir='ltr'>sed</span> <span class='ocrx_word' id='word_1_85' title='bbox 641 764 667 794; x_wconf 89' lang='lat' dir='ltr'>si</span> <span class='ocrx_word' id='word_1_86' title='bbox 691 764 764 803; x_wconf 88' lang='lat' dir='ltr'>quis</span> <span class='ocrx_word' id='word_1_87' title='bbox 791 766 854 793; x_wconf 89' lang='lat' dir='ltr'>est.</span> 
     </span>
     <span class='ocr_line' id='line_1_18' title="bbox 126 805 854 878; baseline 0.004 -44"><span class='ocrx_word' id='word_1_88' title='bbox 126 805 183 878; x_wconf 55' lang='lat' dir='ltr'>(gr.</span> <span class='ocrx_word' id='word_1_89' title='bbox 208 807 243 836; x_wconf 91' lang='lat' dir='ltr'>ii.</span> <span class='ocrx_word' id='word_1_90' title='bbox 266 811 319 841; x_wconf 88' lang='grc'>90.</span> <span class='ocrx_word' id='word_1_91' title='bbox 342 808 399 837; x_wconf 82' lang='lat' dir='ltr'>sed</span> <span class='ocrx_word' id='word_1_92' title='bbox 420 810 534 837; x_wconf 89' lang='lat' dir='ltr'>tamen</span> <span class='ocrx_word' id='word_1_93' title='bbox 561 809 621 838; x_wconf 84' lang='lat' dir='ltr'>&amp;c.</span> <span class='ocrx_word' id='word_1_94' title='bbox 646 808 704 838; x_wconf 91' lang='lat' dir='ltr'>Or.</span> <span class='ocrx_word' id='word_1_95' title='bbox 730 807 776 837; x_wconf 90' lang='lat' dir='ltr'>iii.</span> <span class='ocrx_word' id='word_1_96' title='bbox 804 808 854 837; x_wconf 85' lang='grc'>12.</span> 
     </span>
    </p>

    <p class='ocr_par' dir='ltr' id='par_1_6' title="bbox 161 858 189 879">
     <span class='ocr_line' id='line_1_19' title="bbox 161 858 189 879; baseline 0.036 -1"><span class='ocrx_word' id='word_1_97' title='bbox 161 858 189 879; x_wconf 92' lang='lat' dir='ltr'>c.</span> 
     </span>
    </p>

    <p class='ocr_par' dir='ltr' id='par_1_7' title="bbox 127 891 856 969">
     <span class='ocr_line' id='line_1_20' title="bbox 171 891 856 925; baseline 0.003 -2"><span class='ocrx_word' id='word_1_98' title='bbox 171 891 342 924; x_wconf 74' lang='lat' dir='ltr'>sedecula.</span> <span class='ocrx_word' id='word_1_99' title='bbox 374 892 444 924; x_wconf 90' lang='lat' dir='ltr'>Att.</span> <span class='ocrx_word' id='word_1_100' title='bbox 470 895 513 925; x_wconf 87' lang='lat' dir='ltr'>iv.</span> <span class='ocrx_word' id='word_1_101' title='bbox 545 898 593 925; x_wconf 92' lang='grc'>10.</span> <span class='ocrx_word' id='word_1_102' title='bbox 626 895 681 925; x_wconf 90' lang='lat' dir='ltr'>alii</span> <span class='ocrx_word' id='word_1_103' title='bbox 712 894 856 925; x_wconf 79' lang='lat' dir='ltr'>sedicula</span> 
     </span>
     <span class='ocr_line' id='line_1_21' title="bbox 127 936 559 969; baseline 0.009 -4"><span class='ocrx_word' id='word_1_104' title='bbox 127 936 270 967; x_wconf 87' lang='lat' dir='ltr'>malunt.</span> <span class='ocrx_word' id='word_1_105' title='bbox 288 948 318 968; x_wconf 91' lang='lat' dir='ltr'>v.</span> <span class='ocrx_word' id='word_1_106' title='bbox 336 937 448 968; x_wconf 81' lang='lat' dir='ltr'>Lexic.</span> <span class='ocrx_word' id='word_1_107' title='bbox 465 938 559 969; x_wconf 87' lang='lat' dir='ltr'>Fabr.</span> 
     </span>
    </p>

    <p class='ocr_par' dir='ltr' id='par_1_8' title="bbox 126 978 854 1065">
     <span class='ocr_line' id='line_1_22' title="bbox 169 978 852 1018; baseline -0.001 -7"><span class='ocrx_word' id='word_1_108' title='bbox 169 978 300 1018; x_wconf 77' lang='lat' dir='ltr'>Sedere,</span> <span class='ocrx_word' id='word_1_109' title='bbox 327 983 536 1012; x_wconf 88' lang='lat' dir='ltr'>commorari.</span> <span class='ocrx_word' id='word_1_110' title='bbox 571 982 612 1012; x_wconf 88' lang='lat' dir='ltr'>ad</span> <span class='ocrx_word' id='word_1_111' title='bbox 631 983 707 1013; x_wconf 91' lang='lat' dir='ltr'>Div.</span> <span class='ocrx_word' id='word_1_112' title='bbox 733 982 797 1012; x_wconf 87' lang='lat' dir='ltr'>xvi.</span> <span class='ocrx_word' id='word_1_113' title='bbox 821 985 852 1015; x_wconf 87' lang='grc'>7.</span> 
     </span>
     <span class='ocr_line' id='line_1_23' title="bbox 126 1025 854 1065; baseline 0.003 -12"><span class='ocrx_word' id='word_1_114' title='bbox 126 1026 217 1055; x_wconf 86' lang='lat' dir='ltr'>venti</span> <span class='ocrx_word' id='word_1_115' title='bbox 234 1025 260 1055; x_wconf 89' lang='lat' dir='ltr'>si</span> <span class='ocrx_word' id='word_1_116' title='bbox 273 1030 397 1062; x_wconf 82' lang='lat' dir='ltr'>essent,</span> <span class='ocrx_word' id='word_1_117' title='bbox 411 1034 470 1056; x_wconf 88' lang='lat' dir='ltr'>nos</span> <span class='ocrx_word' id='word_1_118' title='bbox 484 1026 635 1065; x_wconf 79' lang='lat' dir='ltr'>Corcyrae</span> <span class='ocrx_word' id='word_1_119' title='bbox 649 1036 716 1056; x_wconf 91' lang='lat' dir='ltr'>non</span> <span class='ocrx_word' id='word_1_120' title='bbox 731 1026 854 1056; x_wconf 83' lang='lat' dir='ltr'>sedere-</span> 
     </span>
    </p>
   </div>
   <div class='ocr_carea' id='block_1_5' title="bbox 89 1069 854 1110">
    <p class='ocr_par' dir='ltr' id='par_1_9' title="bbox 89 1069 854 1110">
     <span class='ocr_line' id='line_1_24' title="bbox 89 1069 854 1110; baseline 0.001 -13"><span class='ocrx_word' id='word_1_121' title='bbox 89 1102 92 1106; x_wconf 30' lang='lat'><em>¹</em></span> <span class='ocrx_word' id='word_1_122' title='bbox 124 1078 210 1098; x_wconf 83' lang='lat' dir='ltr'>mus.</span> <span class='ocrx_word' id='word_1_123' title='bbox 232 1070 323 1099; x_wconf 82' lang='lat' dir='ltr'>Sext.</span> <span class='ocrx_word' id='word_1_124' title='bbox 337 1070 388 1098; x_wconf 74' lang='lat'>⁶23.</span> <span class='ocrx_word' id='word_1_125' title='bbox 401 1070 511 1100; x_wconf 77' lang='lat' dir='ltr'>sedens</span> <span class='ocrx_word' id='word_1_126' title='bbox 526 1070 709 1110; x_wconf 87' lang='lat' dir='ltr'>imperator</span> <span class='ocrx_word' id='word_1_127' title='bbox 724 1069 766 1100; x_wconf 89' lang='lat' dir='ltr'>ad</span> <span class='ocrx_word' id='word_1_128' title='bbox 778 1079 854 1109; x_wconf 84' lang='lat' dir='ltr'>por-</span> 
     </span>
    </p>
   </div>
   <div class='ocr_carea' id='block_1_6' title="bbox 122 1112 858 2948">
    <p class='ocr_par' dir='ltr' id='par_1_10' title="bbox 122 1112 856 2807">
     <span class='ocr_line' id='line_1_25' title="bbox 124 1112 851 1153; baseline 0 -12"><span class='ocrx_word' id='word_1_129' title='bbox 124 1117 187 1142; x_wconf 81' lang='lat' dir='ltr'>tas.</span> <span class='ocrx_word' id='word_1_130' title='bbox 212 1112 231 1129; x_wconf 72' lang='lat'><em>*</em></span> <span class='ocrx_word' id='word_1_131' title='bbox 248 1112 332 1142; x_wconf 88' lang='lat' dir='ltr'>nihil</span> <span class='ocrx_word' id='word_1_132' title='bbox 364 1122 475 1151; x_wconf 88' lang='lat' dir='ltr'>agere,</span> <span class='ocrx_word' id='word_1_133' title='bbox 503 1114 685 1153; x_wconf 82' lang='lat' dir='ltr'>quiescere.</span> <span class='ocrx_word' id='word_1_134' title='bbox 709 1113 779 1143; x_wconf 84' lang='lat' dir='ltr'>Att.</span> <span class='ocrx_word' id='word_1_135' title='bbox 807 1113 851 1142; x_wconf 84' lang='lat' dir='ltr'>ix.</span> 
     </span>
     <span class='ocr_line' id='line_1_26' title="bbox 129 1156 854 1196; baseline 0.001 -11"><span class='ocrx_word' id='word_1_136' title='bbox 129 1157 177 1185; x_wconf 83' lang='lat'>12.</span> <span class='ocrx_word' id='word_1_137' title='bbox 210 1165 271 1195; x_wconf 86' lang='lat' dir='ltr'>ego</span> <span class='ocrx_word' id='word_1_138' title='bbox 288 1157 357 1196; x_wconf 87' lang='lat' dir='ltr'>ipse</span> <span class='ocrx_word' id='word_1_139' title='bbox 371 1156 486 1187; x_wconf 83' lang='lat' dir='ltr'>sedeo?</span> <span class='ocrx_word' id='word_1_140' title='bbox 510 1167 610 1187; x_wconf 92' lang='lat' dir='ltr'>coner</span> <span class='ocrx_word' id='word_1_141' title='bbox 633 1157 713 1187; x_wconf 90' lang='lat' dir='ltr'>illuc</span> <span class='ocrx_word' id='word_1_142' title='bbox 737 1157 798 1192; x_wconf 90' lang='lat' dir='ltr'>ire,</span> <span class='ocrx_word' id='word_1_143' title='bbox 816 1160 854 1186; x_wconf 90' lang='lat' dir='ltr'>ut</span> 
     </span>
     <span class='ocr_line' id='line_1_27' title="bbox 124 1199 853 1232; baseline 0.003 -4"><span class='ocrx_word' id='word_1_144' title='bbox 124 1199 283 1230; x_wconf 86' lang='lat' dir='ltr'>insanus?</span> <span class='ocrx_word' id='word_1_145' title='bbox 303 1200 363 1229; x_wconf 71' lang='grc' dir='ltr'><strong>διο.</strong></span> <span class='ocrx_word' id='word_1_146' title='bbox 387 1201 430 1230; x_wconf 87' lang='lat' dir='ltr'>ix.</span> <span class='ocrx_word' id='word_1_147' title='bbox 447 1204 477 1232; x_wconf 88' lang='grc'>8.</span> <span class='ocrx_word' id='word_1_148' title='bbox 503 1211 562 1231; x_wconf 87' lang='lat' dir='ltr'>nos</span> <span class='ocrx_word' id='word_1_149' title='bbox 576 1201 717 1231; x_wconf 78' lang='lat' dir='ltr'>sedentes</span> <span class='ocrx_word' id='word_1_150' title='bbox 733 1201 768 1231; x_wconf 90' lang='lat' dir='ltr'>in</span> <span class='ocrx_word' id='word_1_151' title='bbox 785 1200 853 1230; x_wconf 85' lang='lat' dir='ltr'>Ita-</span> 
     </span>
     <span class='ocr_line' id='line_1_28' title="bbox 127 1242 854 1285; baseline 0.003 -13"><span class='ocrx_word' id='word_1_152' title='bbox 127 1242 174 1272; x_wconf 87' lang='lat' dir='ltr'>lia</span> <span class='ocrx_word' id='word_1_153' title='bbox 196 1252 243 1273; x_wconf 91' lang='lat' dir='ltr'>sc.</span> <span class='ocrx_word' id='word_1_154' title='bbox 270 1243 383 1281; x_wconf 90' lang='lat' dir='ltr'>medii,</span> <span class='ocrx_word' id='word_1_155' title='bbox 402 1245 555 1275; x_wconf 78' lang='lat' dir='ltr'>neutrius</span> <span class='ocrx_word' id='word_1_156' title='bbox 579 1245 683 1285; x_wconf 90' lang='lat' dir='ltr'>partis</span> <span class='ocrx_word' id='word_1_157' title='bbox 708 1248 743 1274; x_wconf 89' lang='lat' dir='ltr'>et</span> <span class='ocrx_word' id='word_1_158' title='bbox 770 1244 854 1274; x_wconf 89' lang='lat' dir='ltr'>nihil</span> 
     </span>
     <span class='ocr_line' id='line_1_29' title="bbox 124 1287 852 1327; baseline 0.003 -11"><span class='ocrx_word' id='word_1_159' title='bbox 124 1294 272 1326; x_wconf 79' lang='lat' dir='ltr'>agentes.</span> <span class='ocrx_word' id='word_1_160' title='bbox 297 1287 348 1318; x_wconf 83' lang='lat' dir='ltr'>Fr.</span> <span class='ocrx_word' id='word_1_161' title='bbox 365 1287 444 1327; x_wconf 83' lang='lat' dir='ltr'>Agr.</span> <span class='ocrx_word' id='word_1_162' title='bbox 474 1292 502 1319; x_wconf 89' lang='lat'>1.</span> <span class='ocrx_word' id='word_1_163' title='bbox 534 1299 574 1318; x_wconf 89' lang='lat' dir='ltr'>ex</span> <span class='ocrx_word' id='word_1_164' title='bbox 600 1288 686 1319; x_wconf 91' lang='lat' dir='ltr'>Gell.</span> <span class='ocrx_word' id='word_1_165' title='bbox 706 1289 774 1319; x_wconf 88' lang='lat' dir='ltr'>xiii.</span> <span class='ocrx_word' id='word_1_166' title='bbox 799 1290 852 1318; x_wconf 77' lang='lat'>24.</span> 
     </span>
     <span class='ocr_line' id='line_1_30' title="bbox 125 1330 855 1371; baseline 0.001 -11"><span class='ocrx_word' id='word_1_167' title='bbox 125 1330 286 1370; x_wconf 84' lang='lat' dir='ltr'>praedam,</span> <span class='ocrx_word' id='word_1_168' title='bbox 305 1332 493 1370; x_wconf 86' lang='lat' dir='ltr'>manubias,</span> <span class='ocrx_word' id='word_1_169' title='bbox 519 1333 717 1371; x_wconf 85' lang='lat' dir='ltr'>sectionem,</span> <span class='ocrx_word' id='word_1_170' title='bbox 744 1337 855 1362; x_wconf 84' lang='lat' dir='ltr'>castra</span> 
     </span>
     <span class='ocr_line' id='line_1_31' title="bbox 123 1374 852 1417; baseline 0.001 -13"><span class='ocrx_word' id='word_1_171' title='bbox 123 1374 267 1414; x_wconf 83' lang='lat' dir='ltr'>denique</span> <span class='ocrx_word' id='word_1_172' title='bbox 292 1374 354 1405; x_wconf 88' lang='lat' dir='ltr'>Cn.</span> <span class='ocrx_word' id='word_1_173' title='bbox 380 1375 543 1417; x_wconf 87' lang='lat' dir='ltr'>Pompeii,</span> <span class='ocrx_word' id='word_1_174' title='bbox 558 1376 683 1407; x_wconf 76' lang='lat' dir='ltr'>sedente</span> <span class='ocrx_word' id='word_1_175' title='bbox 709 1377 852 1416; x_wconf 84' lang='lat' dir='ltr'>impera-</span> 
     </span>
     <span class='ocr_line' id='line_1_32' title="bbox 122 1418 853 1455; baseline 0.001 -7"><span class='ocrx_word' id='word_1_176' title='bbox 122 1421 209 1455; x_wconf 86' lang='lat' dir='ltr'>tore,</span> <span class='ocrx_word' id='word_1_177' title='bbox 241 1418 420 1449; x_wconf 87' lang='lat' dir='ltr'>decemviri</span> <span class='ocrx_word' id='word_1_178' title='bbox 450 1420 610 1450; x_wconf 88' lang='lat' dir='ltr'>vendent.</span> <span class='ocrx_word' id='word_1_179' title='bbox 641 1421 782 1451; x_wconf 62' lang='lat' dir='ltr'>*sedere</span> <span class='ocrx_word' id='word_1_180' title='bbox 805 1420 853 1449; x_wconf 87' lang='lat' dir='ltr'>di-</span> 
     </span>
     <span class='ocr_line' id='line_1_33' title="bbox 124 1463 853 1504; baseline 0.003 -12"><span class='ocrx_word' id='word_1_181' title='bbox 124 1467 263 1500; x_wconf 87' lang='lat' dir='ltr'>cuntur,</span> <span class='ocrx_word' id='word_1_182' title='bbox 280 1463 336 1502; x_wconf 92' lang='lat' dir='ltr'>qui</span> <span class='ocrx_word' id='word_1_183' title='bbox 362 1463 395 1492; x_wconf 90' lang='lat' dir='ltr'>in</span> <span class='ocrx_word' id='word_1_184' title='bbox 411 1464 572 1501; x_wconf 85' lang='lat' dir='ltr'>tabernis,</span> <span class='ocrx_word' id='word_1_185' title='bbox 589 1468 650 1494; x_wconf 87' lang='lat' dir='ltr'>aut</span> <span class='ocrx_word' id='word_1_186' title='bbox 673 1464 752 1494; x_wconf 89' lang='lat' dir='ltr'>locis</span> <span class='ocrx_word' id='word_1_187' title='bbox 769 1464 853 1504; x_wconf 90' lang='lat' dir='ltr'>pub-</span> 
     </span>
     <span class='ocr_line' id='line_1_34' title="bbox 124 1505 852 1543; baseline 0.003 -8"><span class='ocrx_word' id='word_1_188' title='bbox 124 1505 210 1543; x_wconf 91' lang='lat' dir='ltr'>licis,</span> <span class='ocrx_word' id='word_1_189' title='bbox 228 1515 354 1536; x_wconf 85' lang='lat' dir='ltr'>merces</span> <span class='ocrx_word' id='word_1_190' title='bbox 382 1507 543 1537; x_wconf 85' lang='lat' dir='ltr'>vendunt.</span> <span class='ocrx_word' id='word_1_191' title='bbox 566 1508 697 1538; x_wconf 89' lang='lat' dir='ltr'>Verrin.</span> <span class='ocrx_word' id='word_1_192' title='bbox 722 1508 768 1538; x_wconf 89' lang='lat' dir='ltr'>iii.</span> <span class='ocrx_word' id='word_1_193' title='bbox 798 1508 852 1538; x_wconf 87' lang='lat'>62.</span> 
     </span>
     <span class='ocr_line' id='line_1_35' title="bbox 125 1549 851 1582; baseline 0.003 -3"><span class='ocrx_word' id='word_1_194' title='bbox 125 1549 244 1580; x_wconf 83' lang='lat' dir='ltr'>Albam</span> <span class='ocrx_word' id='word_1_195' title='bbox 260 1549 434 1581; x_wconf 84' lang='lat' dir='ltr'>AEmilium</span> <span class='ocrx_word' id='word_1_196' title='bbox 459 1552 619 1582; x_wconf 79' lang='lat' dir='ltr'>sedentem</span> <span class='ocrx_word' id='word_1_197' title='bbox 643 1552 676 1581; x_wconf 93' lang='lat' dir='ltr'>in</span> <span class='ocrx_word' id='word_1_198' title='bbox 698 1551 851 1581; x_wconf 87' lang='lat' dir='ltr'>faucibus</span> 
     </span>
     <span class='ocr_line' id='line_1_36' title="bbox 126 1593 852 1635; baseline 0.001 -12"><span class='ocrx_word' id='word_1_199' title='bbox 126 1593 268 1623; x_wconf 86' lang='lat' dir='ltr'>macelli.</span> <span class='ocrx_word' id='word_1_200' title='bbox 292 1594 310 1612; x_wconf 59' lang='lat'>*²</span> <span class='ocrx_word' id='word_1_201' title='bbox 321 1594 462 1625; x_wconf 71' lang='lat' dir='ltr'>sedentes</span> <span class='ocrx_word' id='word_1_202' title='bbox 477 1601 695 1635; x_wconf 89' lang='lat' dir='ltr'>opponuntur</span> <span class='ocrx_word' id='word_1_203' title='bbox 710 1595 852 1625; x_wconf 88' lang='lat' dir='ltr'>dicenti-</span> 
     </span>
     <span class='ocr_line' id='line_1_37' title="bbox 124 1638 851 1679; baseline 0.003 -12"><span class='ocrx_word' id='word_1_204' title='bbox 124 1638 197 1675; x_wconf 87' lang='lat' dir='ltr'>bus,</span> <span class='ocrx_word' id='word_1_205' title='bbox 216 1647 293 1667; x_wconf 90' lang='lat' dir='ltr'>cum</span> <span class='ocrx_word' id='word_1_206' title='bbox 311 1638 345 1668; x_wconf 94' lang='lat' dir='ltr'>in</span> <span class='ocrx_word' id='word_1_207' title='bbox 360 1643 493 1676; x_wconf 87' lang='lat' dir='ltr'>senatu,</span> <span class='ocrx_word' id='word_1_208' title='bbox 509 1645 581 1669; x_wconf 90' lang='lat' dir='ltr'>tum</span> <span class='ocrx_word' id='word_1_209' title='bbox 601 1639 788 1679; x_wconf 87' lang='lat' dir='ltr'>injudiciis.</span> <span class='ocrx_word' id='word_1_210' title='bbox 811 1639 851 1669; x_wconf 87' lang='lat' dir='ltr'>ad</span> 
     </span>
     <span class='ocr_line' id='line_1_38' title="bbox 124 1681 853 1714; baseline 0.003 -3"><span class='ocrx_word' id='word_1_211' title='bbox 124 1681 201 1711; x_wconf 84' lang='lat' dir='ltr'>Div.</span> <span class='ocrx_word' id='word_1_212' title='bbox 219 1691 248 1711; x_wconf 82' lang='grc' dir='ltr'>ν.</span> <span class='ocrx_word' id='word_1_213' title='bbox 265 1683 295 1712; x_wconf 85' lang='grc'>2.</span> <span class='ocrx_word' id='word_1_214' title='bbox 319 1682 430 1712; x_wconf 79' lang='lat' dir='ltr'>Sedens</span> <span class='ocrx_word' id='word_1_215' title='bbox 445 1683 484 1712; x_wconf 93' lang='lat' dir='ltr'>iis</span> <span class='ocrx_word' id='word_1_216' title='bbox 500 1684 636 1714; x_wconf 74' lang='lat' dir='ltr'>assensi.</span> <span class='ocrx_word' id='word_1_217' title='bbox 655 1683 751 1713; x_wconf 81' lang='lat' dir='ltr'>Rose.</span> <span class='ocrx_word' id='word_1_218' title='bbox 766 1682 804 1713; x_wconf 82' lang='lat' dir='ltr'>A.</span> <span class='ocrx_word' id='word_1_219' title='bbox 825 1686 853 1713; x_wconf 96' lang='lat' dir='ltr'>l.</span> 
     </span>
     <span class='ocr_line' id='line_1_39' title="bbox 125 1727 853 1765; baseline 0.003 -11"><span class='ocrx_word' id='word_1_220' title='bbox 125 1734 202 1754; x_wconf 79' lang='lat' dir='ltr'>eum</span> <span class='ocrx_word' id='word_1_221' title='bbox 227 1729 279 1755; x_wconf 89' lang='lat' dir='ltr'>tot</span> <span class='ocrx_word' id='word_1_222' title='bbox 307 1727 430 1756; x_wconf 88' lang='lat' dir='ltr'>summi</span> <span class='ocrx_word' id='word_1_223' title='bbox 458 1730 617 1764; x_wconf 86' lang='lat' dir='ltr'>oratores,</span> <span class='ocrx_word' id='word_1_224' title='bbox 634 1727 853 1765; x_wconf 84' lang='lat' dir='ltr'>hominesque</span> 
     </span>
     <span class='ocr_line' id='line_1_40' title="bbox 125 1768 854 1811; baseline 0.005 -14"><span class='ocrx_word' id='word_1_225' title='bbox 125 1768 320 1799; x_wconf 85' lang='lat' dir='ltr'>nobilissimi</span> <span class='ocrx_word' id='word_1_226' title='bbox 331 1770 472 1808; x_wconf 81' lang='lat' dir='ltr'>sedeant,</span> <span class='ocrx_word' id='word_1_227' title='bbox 483 1781 544 1809; x_wconf 79' lang='lat' dir='ltr'>ego</span> <span class='ocrx_word' id='word_1_228' title='bbox 557 1771 769 1811; x_wconf 85' lang='lat' dir='ltr'>potissimum</span> <span class='ocrx_word' id='word_1_229' title='bbox 783 1780 854 1800; x_wconf 86' lang='lat' dir='ltr'>sur-</span> 
     </span>
     <span class='ocr_line' id='line_1_41' title="bbox 125 1813 854 1853; baseline 0.003 -11"><span class='ocrx_word' id='word_1_230' title='bbox 125 1813 277 1842; x_wconf 86' lang='lat' dir='ltr'>rexerim.</span> <span class='ocrx_word' id='word_1_231' title='bbox 311 1813 330 1831; x_wconf 71' lang='lat'><em>*</em></span> <span class='ocrx_word' id='word_1_232' title='bbox 355 1813 395 1843; x_wconf 81' lang='lat' dir='ltr'>(le</span> <span class='ocrx_word' id='word_1_233' title='bbox 426 1815 677 1853; x_wconf 78' lang='lat' dir='ltr'>magistratibus</span> <span class='ocrx_word' id='word_1_234' title='bbox 718 1814 854 1851; x_wconf 90' lang='lat' dir='ltr'>dicitur,</span> 
     </span>
     <span class='ocr_line' id='line_1_42' title="bbox 125 1858 853 1897; baseline 0.003 -11"><span class='ocrx_word' id='word_1_235' title='bbox 125 1866 201 1886; x_wconf 88' lang='lat' dir='ltr'>cum</span> <span class='ocrx_word' id='word_1_236' title='bbox 218 1866 276 1896; x_wconf 91' lang='lat' dir='ltr'>pro</span> <span class='ocrx_word' id='word_1_237' title='bbox 292 1858 407 1888; x_wconf 79' lang='lat' dir='ltr'>rostris</span> <span class='ocrx_word' id='word_1_238' title='bbox 431 1858 466 1888; x_wconf 92' lang='lat' dir='ltr'>in</span> <span class='ocrx_word' id='word_1_239' title='bbox 489 1864 650 1897; x_wconf 76' lang='lat' dir='ltr'>suggestu</span> <span class='ocrx_word' id='word_1_240' title='bbox 673 1859 792 1888; x_wconf 83' lang='lat' dir='ltr'>sedent</span> <span class='ocrx_word' id='word_1_241' title='bbox 818 1859 853 1888; x_wconf 90' lang='lat' dir='ltr'>in</span> 
     </span>
     <span class='ocr_line' id='line_1_43' title="bbox 124 1899 855 1941; baseline 0.004 -12"><span class='ocrx_word' id='word_1_242' title='bbox 124 1899 205 1930; x_wconf 85' lang='lat' dir='ltr'>sella</span> <span class='ocrx_word' id='word_1_243' title='bbox 221 1900 343 1938; x_wconf 90' lang='lat' dir='ltr'>curuli,</span> <span class='ocrx_word' id='word_1_244' title='bbox 361 1901 433 1931; x_wconf 89' lang='lat' dir='ltr'>aliis</span> <span class='ocrx_word' id='word_1_245' title='bbox 457 1902 659 1939; x_wconf 83' lang='lat' dir='ltr'>dicentibus,</span> <span class='ocrx_word' id='word_1_246' title='bbox 682 1902 790 1941; x_wconf 82' lang='lat' dir='ltr'>legem</span> <span class='ocrx_word' id='word_1_247' title='bbox 807 1902 855 1932; x_wconf 90' lang='lat' dir='ltr'>fe-</span> 
     </span>
     <span class='ocr_line' id='line_1_44' title="bbox 126 1944 855 1984; baseline 0.003 -10"><span class='ocrx_word' id='word_1_248' title='bbox 126 1944 290 1981; x_wconf 85' lang='lat' dir='ltr'>rentibus,</span> <span class='ocrx_word' id='word_1_249' title='bbox 312 1945 529 1976; x_wconf 85' lang='lat' dir='ltr'>suadentibus</span> <span class='ocrx_word' id='word_1_250' title='bbox 544 1958 553 1984; x_wconf 79' lang='lat'>3</span> <span class='ocrx_word' id='word_1_251' title='bbox 578 1953 637 1975; x_wconf 87' lang='lat' dir='ltr'>aut</span> <span class='ocrx_word' id='word_1_252' title='bbox 652 1947 685 1976; x_wconf 91' lang='lat' dir='ltr'>in</span> <span class='ocrx_word' id='word_1_253' title='bbox 702 1946 855 1976; x_wconf 84' lang='lat' dir='ltr'>tribuna-</span> 
     </span>
     <span class='ocr_line' id='line_1_45' title="bbox 124 1987 853 2030; baseline 0.005 -14"><span class='ocrx_word' id='word_1_254' title='bbox 124 1987 147 2017; x_wconf 89' lang='lat' dir='ltr'>li</span> <span class='ocrx_word' id='word_1_255' title='bbox 163 1987 282 2027; x_wconf 86' lang='lat' dir='ltr'>veljus</span> <span class='ocrx_word' id='word_1_256' title='bbox 295 1988 484 2026; x_wconf 79' lang='lat' dir='ltr'>dicunt,vel</span> <span class='ocrx_word' id='word_1_257' title='bbox 498 1990 676 2028; x_wconf 84' lang='lat' dir='ltr'>quaestioni</span> <span class='ocrx_word' id='word_1_258' title='bbox 693 1994 853 2030; x_wconf 82' lang='lat' dir='ltr'>praesunt.</span> 
     </span>
     <span class='ocr_line' id='line_1_46' title="bbox 126 2031 855 2073; baseline 0.004 -13"><span class='ocrx_word' id='word_1_259' title='bbox 126 2032 202 2061; x_wconf 79' lang='lat' dir='ltr'>Sen.</span> <span class='ocrx_word' id='word_1_260' title='bbox 219 2041 251 2071; x_wconf 88' lang='lat' dir='ltr'>p.</span> <span class='ocrx_word' id='word_1_261' title='bbox 276 2031 315 2062; x_wconf 88' lang='lat' dir='ltr'>R.</span> <span class='ocrx_word' id='word_1_262' title='bbox 343 2035 373 2063; x_wconf 88' lang='lat'>5.</span> <span class='ocrx_word' id='word_1_263' title='bbox 400 2043 465 2072; x_wconf 87' lang='lat' dir='ltr'>quo</span> <span class='ocrx_word' id='word_1_264' title='bbox 491 2034 619 2063; x_wconf 80' lang='lat' dir='ltr'>sedente</span> <span class='ocrx_word' id='word_1_265' title='bbox 643 2034 751 2073; x_wconf 82' lang='lat' dir='ltr'>legem</span> <span class='ocrx_word' id='word_1_266' title='bbox 775 2033 855 2064; x_wconf 89' lang='lat' dir='ltr'>trib.</span> 
     </span>
     <span class='ocr_line' id='line_1_47' title="bbox 126 2074 852 2114; baseline 0.004 -10"><span class='ocrx_word' id='word_1_267' title='bbox 126 2074 170 2114; x_wconf 88' lang='lat' dir='ltr'>pl.</span> <span class='ocrx_word' id='word_1_268' title='bbox 196 2074 289 2106; x_wconf 84' lang='lat' dir='ltr'>tulit.</span> <span class='ocrx_word' id='word_1_269' title='bbox 315 2077 406 2107; x_wconf 84' lang='lat' dir='ltr'>Sext.</span> <span class='ocrx_word' id='word_1_270' title='bbox 429 2080 477 2108; x_wconf 81' lang='lat'>15.</span> <span class='ocrx_word' id='word_1_271' title='bbox 500 2078 680 2107; x_wconf 75' lang='lat' dir='ltr'>sedentibus</span> <span class='ocrx_word' id='word_1_272' title='bbox 705 2077 852 2107; x_wconf 88' lang='lat' dir='ltr'>consuli-</span> 
     </span>
     <span class='ocr_line' id='line_1_48' title="bbox 126 2118 854 2151; baseline 0.005 -4"><span class='ocrx_word' id='word_1_273' title='bbox 126 2119 196 2148; x_wconf 86' lang='lat' dir='ltr'>bus.</span> <span class='ocrx_word' id='word_1_274' title='bbox 221 2118 316 2149; x_wconf 79' lang='lat' dir='ltr'>Brut.</span> <span class='ocrx_word' id='word_1_275' title='bbox 340 2123 393 2151; x_wconf 82' lang='lat'>43.</span> <span class='ocrx_word' id='word_1_276' title='bbox 417 2121 565 2151; x_wconf 74' lang='lat' dir='ltr'>Scaevola</span> <span class='ocrx_word' id='word_1_277' title='bbox 587 2122 724 2151; x_wconf 88' lang='lat' dir='ltr'>tribuno</span> <span class='ocrx_word' id='word_1_278' title='bbox 741 2122 775 2151; x_wconf 91' lang='grc'>111</span> <span class='ocrx_word' id='word_1_279' title='bbox 803 2131 854 2151; x_wconf 89' lang='lat' dir='ltr'>ro-</span> 
     </span>
     <span class='ocr_line' id='line_1_49' title="bbox 125 2162 852 2204; baseline 0.004 -13"><span class='ocrx_word' id='word_1_280' title='bbox 125 2162 201 2192; x_wconf 72' lang='lat' dir='ltr'>stris</span> <span class='ocrx_word' id='word_1_281' title='bbox 230 2163 369 2201; x_wconf 80' lang='lat' dir='ltr'>sedente,</span> <span class='ocrx_word' id='word_1_282' title='bbox 396 2165 501 2195; x_wconf 82' lang='lat' dir='ltr'>suasit</span> <span class='ocrx_word' id='word_1_283' title='bbox 533 2165 706 2195; x_wconf 80' lang='lat' dir='ltr'>Serviliam</span> <span class='ocrx_word' id='word_1_284' title='bbox 744 2165 852 2204; x_wconf 82' lang='lat' dir='ltr'>legem</span> 
     </span>
     <span class='ocr_line' id='line_1_50' title="bbox 124 2206 853 2247; baseline 0.004 -12"><span class='ocrx_word' id='word_1_285' title='bbox 124 2206 272 2236; x_wconf 86' lang='lat' dir='ltr'>Crassus.</span> <span class='ocrx_word' id='word_1_286' title='bbox 298 2206 317 2225; x_wconf 47' lang='grc' dir='ltr'>*Ψ</span> <span class='ocrx_word' id='word_1_287' title='bbox 334 2207 413 2237; x_wconf 90' lang='lat' dir='ltr'>item</span> <span class='ocrx_word' id='word_1_288' title='bbox 432 2208 471 2238; x_wconf 88' lang='lat' dir='ltr'>de</span> <span class='ocrx_word' id='word_1_289' title='bbox 483 2209 653 2247; x_wconf 87' lang='lat' dir='ltr'>judicibus</span> <span class='ocrx_word' id='word_1_290' title='bbox 669 2213 703 2238; x_wconf 89' lang='lat' dir='ltr'>et</span> <span class='ocrx_word' id='word_1_291' title='bbox 720 2208 853 2238; x_wconf 87' lang='lat' dir='ltr'>consili-</span> 
     </span>
     <span class='ocr_line' id='line_1_51' title="bbox 125 2249 856 2292; baseline 0.004 -13"><span class='ocrx_word' id='word_1_292' title='bbox 125 2249 328 2288; x_wconf 85' lang='lat' dir='ltr'>ariisjudicis</span> <span class='ocrx_word' id='word_1_293' title='bbox 343 2253 546 2291; x_wconf 68' lang='lat' dir='ltr'>praetorisie,</span> <span class='ocrx_word' id='word_1_294' title='bbox 557 2258 591 2282; x_wconf 90' lang='lat' dir='ltr'>et</span> <span class='ocrx_word' id='word_1_295' title='bbox 604 2252 771 2282; x_wconf 76' lang='lat' dir='ltr'>advocatis</span> <span class='ocrx_word' id='word_1_296' title='bbox 782 2263 856 2292; x_wconf 84' lang='lat' dir='ltr'>par·</span> 
     </span>
     <span class='ocr_line' id='line_1_52' title="bbox 124 2293 854 2333; baseline 0.005 -11"><span class='ocrx_word' id='word_1_297' title='bbox 124 2293 223 2323; x_wconf 88' lang='lat' dir='ltr'>tium.</span> <span class='ocrx_word' id='word_1_298' title='bbox 270 2294 328 2325; x_wconf 85' lang='lat' dir='ltr'>Or.</span> <span class='ocrx_word' id='word_1_299' title='bbox 343 2295 363 2325; x_wconf 92' lang='lat' dir='ltr'>i.</span> <span class='ocrx_word' id='word_1_300' title='bbox 379 2298 433 2329; x_wconf 86' lang='lat'>37.</span> <span class='ocrx_word' id='word_1_301' title='bbox 459 2305 583 2333; x_wconf 79' lang='lat' dir='ltr'>nonne,</span> <span class='ocrx_word' id='word_1_302' title='bbox 601 2297 694 2326; x_wconf 82' lang='lat' dir='ltr'>nobis</span> <span class='ocrx_word' id='word_1_303' title='bbox 716 2297 854 2326; x_wconf 75' lang='lat' dir='ltr'>sedenti-</span> 
     </span>
     <span class='ocr_line' id='line_1_53' title="bbox 129 2337 852 2380; baseline 0.006 -14"><span class='ocrx_word' id='word_1_304' title='bbox 129 2338 185 2367; x_wconf 81' lang='lat' dir='ltr'>bus</span> <span class='ocrx_word' id='word_1_305' title='bbox 200 2337 234 2367; x_wconf 89' lang='lat' dir='ltr'>in</span> <span class='ocrx_word' id='word_1_306' title='bbox 261 2339 424 2369; x_wconf 87' lang='lat' dir='ltr'>tribunali</span> <span class='ocrx_word' id='word_1_307' title='bbox 451 2340 492 2380; x_wconf 74' lang='grc' dir='ltr'>Ω.</span> <span class='ocrx_word' id='word_1_308' title='bbox 521 2340 670 2380; x_wconf 81' lang='lat' dir='ltr'>Pompeii</span> <span class='ocrx_word' id='word_1_309' title='bbox 701 2341 852 2379; x_wconf 82' lang='lat' dir='ltr'>praetoris</span> 
     </span>
     <span class='ocr_line' id='line_1_54' title="bbox 123 2381 853 2418; baseline 0.004 -8"><span class='ocrx_word' id='word_1_310' title='bbox 123 2381 256 2418; x_wconf 88' lang='lat' dir='ltr'>urbani,</span> <span class='ocrx_word' id='word_1_311' title='bbox 282 2381 457 2414; x_wconf 86' lang='lat' dir='ltr'>familiaris</span> <span class='ocrx_word' id='word_1_312' title='bbox 486 2384 590 2413; x_wconf 88' lang='lat' dir='ltr'>nostri</span> <span class='ocrx_word' id='word_1_313' title='bbox 615 2384 675 2414; x_wconf 66' lang='grc' dir='ltr'><strong>ἃς.</strong></span> <span class='ocrx_word' id='word_1_314' title='bbox 699 2384 797 2414; x_wconf 79' lang='lat' dir='ltr'>Rose.</span> <span class='ocrx_word' id='word_1_315' title='bbox 815 2384 853 2414; x_wconf 91' lang='lat' dir='ltr'>C.</span> 
     </span>
     <span class='ocr_line' id='line_1_55' title="bbox 125 2425 855 2458; baseline 0.005 -4"><span class='ocrx_word' id='word_1_316' title='bbox 125 2427 156 2455; x_wconf 79' lang='lat'>4.</span> <span class='ocrx_word' id='word_1_317' title='bbox 179 2425 288 2455; x_wconf 82' lang='lat' dir='ltr'>sedere</span> <span class='ocrx_word' id='word_1_318' title='bbox 304 2427 337 2456; x_wconf 89' lang='lat' dir='ltr'>in</span> <span class='ocrx_word' id='word_1_319' title='bbox 355 2427 504 2457; x_wconf 88' lang='lat' dir='ltr'>consilio.</span> <span class='ocrx_word' id='word_1_320' title='bbox 529 2427 664 2457; x_wconf 86' lang='lat' dir='ltr'>Cluent.</span> <span class='ocrx_word' id='word_1_321' title='bbox 691 2431 744 2458; x_wconf 74' lang='lat'>38.</span> <span class='ocrx_word' id='word_1_322' title='bbox 767 2428 855 2458; x_wconf 77' lang='lat' dir='ltr'>sede-</span> 
     </span>
     <span class='ocr_line' id='line_1_56' title="bbox 127 2468 853 2511; baseline 0.004 -13"><span class='ocrx_word' id='word_1_323' title='bbox 127 2478 162 2498; x_wconf 84' lang='lat' dir='ltr'>re</span> <span class='ocrx_word' id='word_1_324' title='bbox 179 2468 211 2498; x_wconf 89' lang='lat' dir='ltr'>in</span> <span class='ocrx_word' id='word_1_325' title='bbox 228 2468 386 2508; x_wconf 85' lang='lat' dir='ltr'>aliquem.</span> <span class='ocrx_word' id='word_1_326' title='bbox 403 2471 482 2500; x_wconf 89' lang='lat' dir='ltr'>ibid.</span> <span class='ocrx_word' id='word_1_327' title='bbox 509 2474 561 2505; x_wconf 83' lang='lat'>37.</span> <span class='ocrx_word' id='word_1_328' title='bbox 586 2481 709 2511; x_wconf 78' lang='lat' dir='ltr'>paucos</span> <span class='ocrx_word' id='word_1_329' title='bbox 728 2471 796 2501; x_wconf 83' lang='lat' dir='ltr'>dies</span> <span class='ocrx_word' id='word_1_330' title='bbox 813 2482 853 2502; x_wconf 80' lang='lat' dir='ltr'>ex</span> 
     </span>
     <span class='ocr_line' id='line_1_57' title="bbox 123 2511 854 2549; baseline 0.005 -8"><span class='ocrx_word' id='word_1_331' title='bbox 123 2511 359 2543; x_wconf 82' lang='lat' dir='ltr'>subsortitione</span> <span class='ocrx_word' id='word_1_332' title='bbox 372 2515 489 2545; x_wconf 80' lang='lat' dir='ltr'>sedere.</span> <span class='ocrx_word' id='word_1_333' title='bbox 512 2515 553 2544; x_wconf 88' lang='lat' dir='ltr'>ad</span> <span class='ocrx_word' id='word_1_334' title='bbox 567 2515 643 2545; x_wconf 88' lang='lat' dir='ltr'>Div.</span> <span class='ocrx_word' id='word_1_335' title='bbox 657 2516 678 2544; x_wconf 92' lang='lat' dir='ltr'>i.</span> <span class='ocrx_word' id='word_1_336' title='bbox 697 2520 727 2549; x_wconf 87' lang='lat'>9.</span> <span class='ocrx_word' id='word_1_337' title='bbox 744 2516 854 2545; x_wconf 73' lang='lat' dir='ltr'>seden-</span> 
     </span>
     <span class='ocr_line' id='line_1_58' title="bbox 124 2555 855 2597; baseline 0.005 -12"><span class='ocrx_word' id='word_1_338' title='bbox 124 2560 154 2586; x_wconf 82' lang='lat' dir='ltr'>te</span> <span class='ocrx_word' id='word_1_339' title='bbox 172 2555 232 2586; x_wconf 89' lang='lat' dir='ltr'>Cn.</span> <span class='ocrx_word' id='word_1_340' title='bbox 252 2556 419 2597; x_wconf 88' lang='lat' dir='ltr'>Pompeio.</span> <span class='ocrx_word' id='word_1_341' title='bbox 437 2560 493 2589; x_wconf 90' lang='lat' dir='ltr'>Or.</span> <span class='ocrx_word' id='word_1_342' title='bbox 513 2559 547 2588; x_wconf 93' lang='lat' dir='ltr'>ii.</span> <span class='ocrx_word' id='word_1_343' title='bbox 564 2561 616 2592; x_wconf 73' lang='grc'>47.</span> <span class='ocrx_word' id='word_1_344' title='bbox 635 2569 711 2589; x_wconf 88' lang='lat' dir='ltr'>cum</span> <span class='ocrx_word' id='word_1_345' title='bbox 727 2559 764 2589; x_wconf 89' lang='lat' dir='ltr'>C.</span> <span class='ocrx_word' id='word_1_346' title='bbox 781 2559 855 2589; x_wconf 87' lang='lat' dir='ltr'>Ma-</span> 
     </span>
     <span class='ocr_line' id='line_1_59' title="bbox 126 2600 854 2642; baseline 0.004 -13"><span class='ocrx_word' id='word_1_347' title='bbox 126 2600 194 2629; x_wconf 88' lang='lat' dir='ltr'>rius</span> <span class='ocrx_word' id='word_1_348' title='bbox 218 2609 395 2632; x_wconf 89' lang='lat' dir='ltr'>moerorem</span> <span class='ocrx_word' id='word_1_349' title='bbox 418 2602 579 2632; x_wconf 87' lang='lat' dir='ltr'>orationis</span> <span class='ocrx_word' id='word_1_350' title='bbox 597 2612 681 2633; x_wconf 85' lang='lat' dir='ltr'>mcae</span> <span class='ocrx_word' id='word_1_351' title='bbox 710 2612 854 2642; x_wconf 80' lang='lat' dir='ltr'>praesens</span> 
     </span>
     <span class='ocr_line' id='line_1_60' title="bbox 125 2643 856 2685; baseline 0.005 -13"><span class='ocrx_word' id='word_1_352' title='bbox 125 2652 163 2673; x_wconf 91' lang='lat' dir='ltr'>ac</span> <span class='ocrx_word' id='word_1_353' title='bbox 184 2643 294 2674; x_wconf 72' lang='lat' dir='ltr'>sedens</span> <span class='ocrx_word' id='word_1_354' title='bbox 316 2645 464 2676; x_wconf 86' lang='lat' dir='ltr'>multum</span> <span class='ocrx_word' id='word_1_355' title='bbox 489 2645 643 2685; x_wconf 80' lang='lat' dir='ltr'>lacrymis</span> <span class='ocrx_word' id='word_1_356' title='bbox 668 2647 735 2676; x_wconf 79' lang='lat' dir='ltr'>suis</span> <span class='ocrx_word' id='word_1_357' title='bbox 760 2647 856 2685; x_wconf 85' lang='lat' dir='ltr'>adju-</span> 
     </span>
     <span class='ocr_line' id='line_1_61' title="bbox 125 2689 854 2730; baseline 0.005 -14"><span class='ocrx_word' id='word_1_358' title='bbox 125 2691 364 2727; x_wconf 85' lang='lat' dir='ltr'>varet—atque</span> <span class='ocrx_word' id='word_1_359' title='bbox 408 2690 518 2730; x_wconf 86' lang='lat' dir='ltr'>ipsum</span> <span class='ocrx_word' id='word_1_360' title='bbox 556 2689 771 2727; x_wconf 86' lang='lat' dir='ltr'>advocatum,</span> <span class='ocrx_word' id='word_1_361' title='bbox 812 2690 854 2721; x_wconf 86' lang='lat' dir='ltr'>ad</span> 
     </span>
     <span class='ocr_line' id='line_1_62' title="bbox 125 2733 852 2773; baseline 0.006 -13"><span class='ocrx_word' id='word_1_362' title='bbox 125 2740 340 2762; x_wconf 86' lang='lat' dir='ltr'>communem</span> <span class='ocrx_word' id='word_1_363' title='bbox 388 2733 630 2773; x_wconf 86' lang='lat' dir='ltr'>imperatorum</span> <span class='ocrx_word' id='word_1_364' title='bbox 683 2734 852 2764; x_wconf 85' lang='lat' dir='ltr'>fortunam</span> 
     </span>
     <span class='ocr_line' id='line_1_63' title="bbox 127 2774 595 2807; baseline 0.004 -3"><span class='ocrx_word' id='word_1_365' title='bbox 127 2774 375 2806; x_wconf 85' lang='lat' dir='ltr'>defendendam</span> <span class='ocrx_word' id='word_1_366' title='bbox 394 2778 595 2807; x_wconf 88' lang='lat' dir='ltr'>invocarem.</span> 
     </span>
    </p>

    <p class='ocr_par' dir='ltr' id='par_1_11' title="bbox 124 2817 858 2948">
     <span class='ocr_line' id='line_1_64' title="bbox 169 2817 857 2859; baseline 0.004 -11"><span class='ocrx_word' id='word_1_367' title='bbox 169 2817 277 2849; x_wconf 85' lang='lat' dir='ltr'>Sedes.</span> <span class='ocrx_word' id='word_1_368' title='bbox 295 2824 404 2850; x_wconf 88' lang='lat' dir='ltr'>certus</span> <span class='ocrx_word' id='word_1_369' title='bbox 428 2821 533 2857; x_wconf 86' lang='lat' dir='ltr'>locus,</span> <span class='ocrx_word' id='word_1_370' title='bbox 551 2821 606 2850; x_wconf 93' lang='lat' dir='ltr'>ubi</span> <span class='ocrx_word' id='word_1_371' title='bbox 622 2820 666 2850; x_wconf 82' lang='lat' dir='ltr'>sit</span> <span class='ocrx_word' id='word_1_372' title='bbox 678 2823 779 2859; x_wconf 84' lang='lat' dir='ltr'>caput</span> <span class='ocrx_word' id='word_1_373' title='bbox 796 2821 857 2858; x_wconf 90' lang='lat' dir='ltr'>rei,</span> 
     </span>
     <span class='ocr_line' id='line_1_65' title="bbox 124 2861 857 2904; baseline 0.004 -13"><span class='ocrx_word' id='word_1_374' title='bbox 124 2861 204 2892; x_wconf 88' lang='lat' dir='ltr'>belli</span> <span class='ocrx_word' id='word_1_375' title='bbox 222 2863 282 2892; x_wconf 71' lang='grc' dir='ltr'><strong>διε.</strong></span> <span class='ocrx_word' id='word_1_376' title='bbox 306 2863 378 2894; x_wconf 82' lang='lat' dir='ltr'>Att.</span> <span class='ocrx_word' id='word_1_377' title='bbox 404 2865 472 2894; x_wconf 89' lang='lat' dir='ltr'>viii.</span> <span class='ocrx_word' id='word_1_378' title='bbox 496 2867 526 2894; x_wconf 75' lang='lat'>3.</span> <span class='ocrx_word' id='word_1_379' title='bbox 552 2863 647 2894; x_wconf 84' lang='lat' dir='ltr'>nulla</span> <span class='ocrx_word' id='word_1_380' title='bbox 673 2864 774 2902; x_wconf 81' lang='lat' dir='ltr'>sedes,</span> <span class='ocrx_word' id='word_1_381' title='bbox 791 2875 857 2904; x_wconf 88' lang='lat' dir='ltr'>quo</span> 
     </span>
     <span class='ocr_line' id='line_1_66' title="bbox 125 2907 858 2948; baseline 0.007 -13"><span class='ocrx_word' id='word_1_382' title='bbox 125 2911 344 2946; x_wconf 83' lang='lat' dir='ltr'>concurrant,</span> <span class='ocrx_word' id='word_1_383' title='bbox 356 2908 413 2947; x_wconf 87' lang='lat' dir='ltr'>qui</span> <span class='ocrx_word' id='word_1_384' title='bbox 430 2917 535 2948; x_wconf 90' lang='lat' dir='ltr'>remp.</span> <span class='ocrx_word' id='word_1_385' title='bbox 552 2907 723 2938; x_wconf 76' lang='lat' dir='ltr'>defensam</span> <span class='ocrx_word' id='word_1_386' title='bbox 740 2907 858 2940; x_wconf 84' lang='lat' dir='ltr'>velint.</span> 
     </span>
    </p>
   </div>
   <div class='ocr_carea' id='block_1_7' title="bbox 1554 95 1637 132">
    <p class='ocr_par' dir='ltr' id='par_1_12' title="bbox 1554 95 1637 132">
     <span class='ocr_line' id='line_1_67' title="bbox 1554 95 1637 132; baseline 0 -1"><span class='ocrx_word' id='word_1_387' title='bbox 1554 95 1637 132; x_wconf 82' lang='lat'>423</span> 
     </span>
    </p>
   </div>
   <div class='ocr_carea' id='block_1_8' title="bbox 892 192 1642 2983">
    <p class='ocr_par' dir='ltr' id='par_1_13' title="bbox 899 192 1633 320">
     <span class='ocr_line' id='line_1_68' title="bbox 899 192 1633 225; baseline -0.003 -1"><span class='ocrx_word' id='word_1_388' title='bbox 899 194 979 224; x_wconf 82' lang='lat' dir='ltr'>Coel.</span> <span class='ocrx_word' id='word_1_389' title='bbox 1002 197 1049 225; x_wconf 87' lang='grc'>13.</span> <span class='ocrx_word' id='word_1_390' title='bbox 1075 192 1206 223; x_wconf 82' lang='grc'><strong>11111111111</strong></span> <span class='ocrx_word' id='word_1_391' title='bbox 1223 196 1273 223; x_wconf 86' lang='lat' dir='ltr'>est</span> <span class='ocrx_word' id='word_1_392' title='bbox 1296 192 1558 223; x_wconf 79' lang='lat' dir='ltr'>fundamentum</span> <span class='ocrx_word' id='word_1_393' title='bbox 1574 192 1633 223; x_wconf 85' lang='lat' dir='ltr'>ho-</span> 
     </span>
     <span class='ocr_line' id='line_1_69' title="bbox 900 236 1632 274; baseline -0.003 -6"><span class='ocrx_word' id='word_1_394' title='bbox 900 248 975 268; x_wconf 89' lang='lat' dir='ltr'>rum</span> <span class='ocrx_word' id='word_1_395' title='bbox 993 238 1187 274; x_wconf 86' lang='lat' dir='ltr'>criminum,</span> <span class='ocrx_word' id='word_1_396' title='bbox 1204 237 1297 267; x_wconf 88' lang='lat' dir='ltr'>nulla</span> <span class='ocrx_word' id='word_1_397' title='bbox 1319 237 1422 267; x_wconf 77' lang='lat' dir='ltr'>sedes:</span> <span class='ocrx_word' id='word_1_398' title='bbox 1447 236 1480 267; x_wconf 91' lang='lat' dir='ltr'>h.</span> <span class='ocrx_word' id='word_1_399' title='bbox 1509 246 1539 266; x_wconf 89' lang='lat' dir='ltr'>e.</span> <span class='ocrx_word' id='word_1_400' title='bbox 1567 237 1632 267; x_wconf 89' lang='lat' dir='ltr'>cri-</span> 
     </span>
     <span class='ocr_line' id='line_1_70' title="bbox 902 281 1439 320; baseline -0.004 -9"><span class='ocrx_word' id='word_1_401' title='bbox 902 291 979 311; x_wconf 87' lang='lat' dir='ltr'>men</span> <span class='ocrx_word' id='word_1_402' title='bbox 996 281 1216 311; x_wconf 83' lang='lat' dir='ltr'>demonstrari</span> <span class='ocrx_word' id='word_1_403' title='bbox 1234 290 1300 310; x_wconf 88' lang='lat' dir='ltr'>non</span> <span class='ocrx_word' id='word_1_404' title='bbox 1318 284 1439 320; x_wconf 83' lang='lat' dir='ltr'>potest.</span> 
     </span>
    </p>

    <p class='ocr_par' dir='ltr' id='par_1_14' title="bbox 897 324 1630 574">
     <span class='ocr_line' id='line_1_71' title="bbox 944 324 1629 363; baseline -0.004 -7"><span class='ocrx_word' id='word_1_405' title='bbox 944 325 1116 356; x_wconf 81' lang='lat' dir='ltr'>Seducere.</span> <span class='ocrx_word' id='word_1_406' title='bbox 1134 324 1175 354; x_wconf 91' lang='lat' dir='ltr'>ad</span> <span class='ocrx_word' id='word_1_407' title='bbox 1195 325 1325 354; x_wconf 84' lang='lat' dir='ltr'>Divers.</span> <span class='ocrx_word' id='word_1_408' title='bbox 1352 325 1372 353; x_wconf 95' lang='lat' dir='ltr'>i.</span> <span class='ocrx_word' id='word_1_409' title='bbox 1390 328 1420 358; x_wconf 80' lang='grc'>9.</span> <span class='ocrx_word' id='word_1_410' title='bbox 1446 333 1534 363; x_wconf 84' lang='lat' dir='ltr'>saepe</span> <span class='ocrx_word' id='word_1_411' title='bbox 1550 334 1629 353; x_wconf 86' lang='lat' dir='ltr'>eum</span> 
     </span>
     <span class='ocr_line' id='line_1_72' title="bbox 899 368 1630 406; baseline -0.003 -8"><span class='ocrx_word' id='word_1_412' title='bbox 899 369 933 398; x_wconf 89' lang='lat' dir='ltr'>in</span> <span class='ocrx_word' id='word_1_413' title='bbox 947 376 1081 406; x_wconf 81' lang='lat' dir='ltr'>senatu,</span> <span class='ocrx_word' id='word_1_414' title='bbox 1106 368 1204 398; x_wconf 87' lang='lat' dir='ltr'>modo</span> <span class='ocrx_word' id='word_1_415' title='bbox 1229 378 1342 397; x_wconf 86' lang='lat' dir='ltr'>severe</span> <span class='ocrx_word' id='word_1_416' title='bbox 1366 368 1566 403; x_wconf 70' lang='lat' dir='ltr'>seducerent,</span> <span class='ocrx_word' id='word_1_417' title='bbox 1584 377 1630 397; x_wconf 86' lang='lat' dir='ltr'>sc.</span> 
     </span>
     <span class='ocr_line' id='line_1_73' title="bbox 897 411 1628 451; baseline -0.004 -9"><span class='ocrx_word' id='word_1_418' title='bbox 897 418 1071 451; x_wconf 81' lang='lat' dir='ltr'>tamquam</span> <span class='ocrx_word' id='word_1_419' title='bbox 1103 412 1129 442; x_wconf 87' lang='lat' dir='ltr'>si</span> <span class='ocrx_word' id='word_1_420' title='bbox 1150 422 1217 450; x_wconf 78' lang='lat' dir='ltr'>qua</span> <span class='ocrx_word' id='word_1_421' title='bbox 1245 411 1288 441; x_wconf 83' lang='lat' dir='ltr'>de</span> <span class='ocrx_word' id='word_1_422' title='bbox 1308 421 1342 440; x_wconf 87' lang='lat' dir='ltr'>re</span> <span class='ocrx_word' id='word_1_423' title='bbox 1367 412 1457 449; x_wconf 82' lang='lat' dir='ltr'>gravi</span> <span class='ocrx_word' id='word_1_424' title='bbox 1483 421 1561 440; x_wconf 90' lang='lat' dir='ltr'>cum</span> <span class='ocrx_word' id='word_1_425' title='bbox 1589 421 1628 440; x_wconf 83' lang='lat' dir='ltr'>eo</span> 
     </span>
     <span class='ocr_line' id='line_1_74' title="bbox 898 454 1628 495; baseline -0.003 -9"><span class='ocrx_word' id='word_1_426' title='bbox 898 455 1041 495; x_wconf 89' lang='lat' dir='ltr'>colloqui</span> <span class='ocrx_word' id='word_1_427' title='bbox 1063 459 1098 485; x_wconf 82' lang='lat' dir='ltr'>et</span> <span class='ocrx_word' id='word_1_428' title='bbox 1121 455 1303 485; x_wconf 81' lang='lat' dir='ltr'>deliberare</span> <span class='ocrx_word' id='word_1_429' title='bbox 1320 454 1457 491; x_wconf 91' lang='lat' dir='ltr'>vellent,</span> <span class='ocrx_word' id='word_1_430' title='bbox 1475 459 1533 484; x_wconf 89' lang='lat' dir='ltr'>aut</span> <span class='ocrx_word' id='word_1_431' title='bbox 1550 464 1628 484; x_wconf 83' lang='lat' dir='ltr'>cum</span> 
     </span>
     <span class='ocr_line' id='line_1_75' title="bbox 898 497 1626 530; baseline -0.001 0"><span class='ocrx_word' id='word_1_432' title='bbox 898 510 937 530; x_wconf 88' lang='lat' dir='ltr'>eo</span> <span class='ocrx_word' id='word_1_433' title='bbox 976 499 1226 530; x_wconf 85' lang='lat' dir='ltr'>communicare</span> <span class='ocrx_word' id='word_1_434' title='bbox 1263 503 1297 528; x_wconf 82' lang='lat' dir='ltr'>et</span> <span class='ocrx_word' id='word_1_435' title='bbox 1319 497 1505 528; x_wconf 87' lang='lat' dir='ltr'>consulere.</span> <span class='ocrx_word' id='word_1_436' title='bbox 1538 498 1626 529; x_wconf 86' lang='lat' dir='ltr'>conf.</span> 
     </span>
     <span class='ocr_line' id='line_1_76' title="bbox 898 542 1266 574; baseline -0.005 0"><span class='ocrx_word' id='word_1_437' title='bbox 898 542 968 574; x_wconf 82' lang='lat' dir='ltr'>Att.</span> <span class='ocrx_word' id='word_1_438' title='bbox 984 553 1013 573; x_wconf 84' lang='lat' dir='ltr'>v.</span> <span class='ocrx_word' id='word_1_439' title='bbox 1031 546 1083 574; x_wconf 84' lang='grc'>21.</span> <span class='ocrx_word' id='word_1_440' title='bbox 1100 543 1157 573; x_wconf 93' lang='lat' dir='ltr'>Or.</span> <span class='ocrx_word' id='word_1_441' title='bbox 1174 543 1195 572; x_wconf 93' lang='lat' dir='ltr'>i.</span> <span class='ocrx_word' id='word_1_442' title='bbox 1215 543 1266 573; x_wconf 80' lang='lat'>56.</span> 
     </span>
    </p>

    <p class='ocr_par' dir='ltr' id='par_1_15' title="bbox 895 585 1631 705">
     <span class='ocr_line' id='line_1_77' title="bbox 943 585 1631 617; baseline -0.003 0"><span class='ocrx_word' id='word_1_443' title='bbox 943 586 1102 617; x_wconf 78' lang='lat' dir='ltr'>Seductz&#39;o.</span> <span class='ocrx_word' id='word_1_444' title='bbox 1126 586 1216 616; x_wconf 91' lang='lat' dir='ltr'>Mur.</span> <span class='ocrx_word' id='word_1_445' title='bbox 1239 588 1292 617; x_wconf 87' lang='lat'>24.</span> <span class='ocrx_word' id='word_1_446' title='bbox 1316 585 1513 616; x_wconf 77' lang='lat' dir='ltr'>seductiones</span> <span class='ocrx_word' id='word_1_447' title='bbox 1535 586 1631 615; x_wconf 87' lang='lat' dir='ltr'>testi-</span> 
     </span>
     <span class='ocr_line' id='line_1_78' title="bbox 897 630 1628 669; baseline -0.001 -9"><span class='ocrx_word' id='word_1_448' title='bbox 897 641 968 668; x_wconf 89' lang='lat' dir='ltr'>um,</span> <span class='ocrx_word' id='word_1_449' title='bbox 983 631 1206 660; x_wconf 86' lang='lat' dir='ltr'>secessionem</span> <span class='ocrx_word' id='word_1_450' title='bbox 1224 630 1489 669; x_wconf 85' lang='lat' dir='ltr'>subscriptorum</span> <span class='ocrx_word' id='word_1_451' title='bbox 1518 630 1628 659; x_wconf 88' lang='lat' dir='ltr'>anim-</span> 
     </span>
     <span class='ocr_line' id='line_1_79' title="bbox 895 673 1382 705; baseline -0.006 0"><span class='ocrx_word' id='word_1_452' title='bbox 895 675 1124 705; x_wconf 86' lang='lat' dir='ltr'>advertebant.</span> <span class='ocrx_word' id='word_1_453' title='bbox 1142 673 1206 704; x_wconf 87' lang='lat' dir='ltr'>vid.</span> <span class='ocrx_word' id='word_1_454' title='bbox 1221 673 1382 703; x_wconf 77' lang='lat' dir='ltr'>seducere.</span> 
     </span>
    </p>

    <p class='ocr_par' dir='ltr' id='par_1_16' title="bbox 900 717 1628 846">
     <span class='ocr_line' id='line_1_80' title="bbox 943 717 1628 757; baseline -0.004 -8"><span class='ocrx_word' id='word_1_455' title='bbox 943 718 1052 757; x_wconf 76' lang='lat' dir='ltr'>Seges.</span> <span class='ocrx_word' id='word_1_456' title='bbox 1077 717 1195 749; x_wconf 92' lang='lat' dir='ltr'>Milon.</span> <span class='ocrx_word' id='word_1_457' title='bbox 1218 720 1266 748; x_wconf 86' lang='lat'>13.</span> <span class='ocrx_word' id='word_1_458' title='bbox 1291 717 1371 756; x_wconf 85' lang='lat' dir='ltr'>quid</span> <span class='ocrx_word' id='word_1_459' title='bbox 1387 717 1479 746; x_wconf 86' lang='lat' dir='ltr'>enim</span> <span class='ocrx_word' id='word_1_460' title='bbox 1504 717 1628 747; x_wconf 82' lang='lat' dir='ltr'>odisset</span> 
     </span>
     <span class='ocr_line' id='line_1_81' title="bbox 900 760 1627 801; baseline -0.003 -9"><span class='ocrx_word' id='word_1_461' title='bbox 900 761 1055 792; x_wconf 91' lang='lat' dir='ltr'>Clodium</span> <span class='ocrx_word' id='word_1_462' title='bbox 1087 761 1184 800; x_wconf 90' lang='lat' dir='ltr'>Milo,</span> <span class='ocrx_word' id='word_1_463' title='bbox 1213 765 1351 801; x_wconf 81' lang='lat' dir='ltr'>segetem</span> <span class='ocrx_word' id='word_1_464' title='bbox 1382 771 1420 790; x_wconf 87' lang='lat' dir='ltr'>ac</span> <span class='ocrx_word' id='word_1_465' title='bbox 1454 760 1627 790; x_wconf 82' lang='lat' dir='ltr'>materiam</span> 
     </span>
     <span class='ocr_line' id='line_1_82' title="bbox 900 805 1124 846; baseline -0.004 -10"><span class='ocrx_word' id='word_1_466' title='bbox 900 816 969 836; x_wconf 88' lang='lat' dir='ltr'>suae</span> <span class='ocrx_word' id='word_1_467' title='bbox 986 805 1124 846; x_wconf 69' lang='lat' dir='ltr'>gloriae?</span> 
     </span>
    </p>

    <p class='ocr_par' dir='ltr' id='par_1_17' title="bbox 898 848 1630 967">
     <span class='ocr_line' id='line_1_83' title="bbox 945 848 1629 889; baseline -0.003 -9"><span class='ocrx_word' id='word_1_468' title='bbox 945 849 1105 889; x_wconf 68' lang='lat' dir='ltr'>segnitia.</span> <span class='ocrx_word' id='word_1_469' title='bbox 1133 849 1228 879; x_wconf 89' lang='lat' dir='ltr'>Brut.</span> <span class='ocrx_word' id='word_1_470' title='bbox 1248 851 1300 880; x_wconf 88' lang='grc'><strong>81.</strong></span> <span class='ocrx_word' id='word_1_471' title='bbox 1316 849 1366 878; x_wconf 90' lang='lat' dir='ltr'>vir</span> <span class='ocrx_word' id='word_1_472' title='bbox 1382 848 1455 878; x_wconf 77' lang='lat' dir='ltr'>sine</span> <span class='ocrx_word' id='word_1_473' title='bbox 1472 857 1629 887; x_wconf 88' lang='lat' dir='ltr'>arrogan-</span> 
     </span>
     <span class='ocr_line' id='line_1_84' title="bbox 898 892 1630 933; baseline -0.001 -10"><span class='ocrx_word' id='word_1_474' title='bbox 898 893 948 923; x_wconf 85' lang='lat' dir='ltr'>tia</span> <span class='ocrx_word' id='word_1_475' title='bbox 979 894 1100 933; x_wconf 88' lang='lat' dir='ltr'>gravis,</span> <span class='ocrx_word' id='word_1_476' title='bbox 1129 897 1163 922; x_wconf 89' lang='lat' dir='ltr'>et</span> <span class='ocrx_word' id='word_1_477' title='bbox 1193 892 1265 922; x_wconf 90' lang='lat' dir='ltr'>sine</span> <span class='ocrx_word' id='word_1_478' title='bbox 1300 893 1442 931; x_wconf 75' lang='lat' dir='ltr'>segnitia</span> <span class='ocrx_word' id='word_1_479' title='bbox 1468 902 1630 923; x_wconf 82' lang='lat' dir='ltr'>verecun-</span> 
     </span>
     <span class='ocr_line' id='line_1_85' title="bbox 901 937 974 967; baseline 0 0"><span class='ocrx_word' id='word_1_480' title='bbox 901 937 974 967; x_wconf 85' lang='lat' dir='ltr'>dus.</span> 
     </span>
    </p>

    <p class='ocr_par' dir='ltr' id='par_1_18' title="bbox 898 978 1631 1153">
     <span class='ocr_line' id='line_1_86' title="bbox 944 978 1631 1022; baseline -0.003 -10"><span class='ocrx_word' id='word_1_481' title='bbox 944 979 1139 1022; x_wconf 72' lang='lat' dir='ltr'>Sejugntus,</span> <span class='ocrx_word' id='word_1_482' title='bbox 1155 979 1347 1010; x_wconf 84' lang='lat' dir='ltr'>distinctus.</span> <span class='ocrx_word' id='word_1_483' title='bbox 1365 979 1442 1011; x_wconf 92' lang='lat' dir='ltr'>Div.</span> <span class='ocrx_word' id='word_1_484' title='bbox 1459 979 1481 1010; x_wconf 83' lang='lat' dir='ltr'>i.</span> <span class='ocrx_word' id='word_1_485' title='bbox 1498 981 1551 1010; x_wconf 87' lang='grc'>32.</span> <span class='ocrx_word' id='word_1_486' title='bbox 1568 978 1631 1010; x_wconf 91' lang='lat' dir='ltr'>hu·</span> 
     </span>
     <span class='ocr_line' id='line_1_87' title="bbox 899 1025 1629 1064; baseline -0.003 -9"><span class='ocrx_word' id='word_1_487' title='bbox 899 1026 991 1055; x_wconf 88' lang='lat' dir='ltr'>mani</span> <span class='ocrx_word' id='word_1_488' title='bbox 1008 1025 1112 1055; x_wconf 90' lang='lat' dir='ltr'>animi</span> <span class='ocrx_word' id='word_1_489' title='bbox 1136 1027 1279 1064; x_wconf 85' lang='lat' dir='ltr'>partem,</span> <span class='ocrx_word' id='word_1_490' title='bbox 1297 1033 1371 1063; x_wconf 88' lang='lat' dir='ltr'>quae</span> <span class='ocrx_word' id='word_1_491' title='bbox 1388 1033 1539 1061; x_wconf 90' lang='lat' dir='ltr'>sensum,</span> <span class='ocrx_word' id='word_1_492' title='bbox 1557 1033 1629 1054; x_wconf 87' lang='lat' dir='ltr'>mo—</span> 
     </span>
     <span class='ocr_line' id='line_1_88' title="bbox 898 1067 1630 1105; baseline -0.001 -7"><span class='ocrx_word' id='word_1_493' title='bbox 898 1069 1155 1105; x_wconf 82' lang='lat' dir='ltr'>tum—habeat,</span> <span class='ocrx_word' id='word_1_494' title='bbox 1178 1077 1246 1097; x_wconf 88' lang='lat' dir='ltr'>non</span> <span class='ocrx_word' id='word_1_495' title='bbox 1262 1077 1333 1097; x_wconf 90' lang='lat' dir='ltr'>esse</span> <span class='ocrx_word' id='word_1_496' title='bbox 1350 1067 1391 1097; x_wconf 89' lang='lat' dir='ltr'>ab</span> <span class='ocrx_word' id='word_1_497' title='bbox 1407 1067 1541 1097; x_wconf 82' lang='lat' dir='ltr'>actione</span> <span class='ocrx_word' id='word_1_498' title='bbox 1557 1077 1630 1098; x_wconf 80' lang='lat' dir='ltr'>cor-</span> 
     </span>
     <span class='ocr_line' id='line_1_89' title="bbox 898 1110 1203 1153; baseline -0.01 -10"><span class='ocrx_word' id='word_1_499' title='bbox 898 1114 987 1153; x_wconf 85' lang='lat' dir='ltr'>poris</span> <span class='ocrx_word' id='word_1_500' title='bbox 1002 1110 1203 1153; x_wconf 66' lang='lat' dir='ltr'>squtgatam.</span> 
     </span>
    </p>

    <p class='ocr_par' dir='ltr' id='par_1_19' title="bbox 896 1153 1630 1318">
     <span class='ocr_line' id='line_1_90' title="bbox 943 1153 1630 1197; baseline -0.003 -10"><span class='ocrx_word' id='word_1_501' title='bbox 943 1153 1132 1197; x_wconf 70' lang='lat' dir='ltr'>Seiunctus,</span> <span class='ocrx_word' id='word_1_502' title='bbox 1159 1155 1349 1185; x_wconf 82' lang='lat' dir='ltr'>distinctus.</span> <span class='ocrx_word' id='word_1_503' title='bbox 1372 1155 1429 1185; x_wconf 87' lang='lat' dir='ltr'>Or.</span> <span class='ocrx_word' id='word_1_504' title='bbox 1446 1156 1499 1185; x_wconf 89' lang='grc'>20.</span> <span class='ocrx_word' id='word_1_505' title='bbox 1522 1153 1630 1197; x_wconf 83' lang='lat' dir='ltr'>sejun-</span> 
     </span>
     <span class='ocr_line' id='line_1_91' title="bbox 896 1197 1629 1239; baseline -0.003 -8"><span class='ocrx_word' id='word_1_506' title='bbox 896 1205 967 1231; x_wconf 74' lang='lat' dir='ltr'>ctus</span> <span class='ocrx_word' id='word_1_507' title='bbox 978 1201 1083 1239; x_wconf 83' lang='lat' dir='ltr'>igitur</span> <span class='ocrx_word' id='word_1_508' title='bbox 1099 1204 1213 1230; x_wconf 73' lang='lat' dir='ltr'>orator</span> <span class='ocrx_word' id='word_1_509' title='bbox 1228 1209 1248 1228; x_wconf 89' lang='lat' dir='ltr'>a</span> <span class='ocrx_word' id='word_1_510' title='bbox 1259 1197 1534 1238; x_wconf 85' lang='lat' dir='ltr'>philosophorum</span> <span class='ocrx_word' id='word_1_511' title='bbox 1561 1199 1629 1229; x_wconf 92' lang='lat' dir='ltr'>elo-</span> 
     </span>
     <span class='ocr_line' id='line_1_92' title="bbox 898 1242 1625 1283; baseline -0.001 -8"><span class='ocrx_word' id='word_1_512' title='bbox 898 1242 1312 1283; x_wconf 83' lang='lat' dir='ltr'>quentia,—explicandus</span> <span class='ocrx_word' id='word_1_513' title='bbox 1337 1248 1388 1272; x_wconf 89' lang='lat' dir='ltr'>est</span> <span class='ocrx_word' id='word_1_514' title='bbox 1413 1242 1521 1279; x_wconf 87' lang='lat' dir='ltr'>nobis,</span> <span class='ocrx_word' id='word_1_515' title='bbox 1543 1253 1625 1282; x_wconf 84' lang='lat' dir='ltr'>qua-</span> 
     </span>
     <span class='ocr_line' id='line_1_93' title="bbox 899 1288 1159 1318; baseline -0.008 0"><span class='ocrx_word' id='word_1_516' title='bbox 899 1288 939 1318; x_wconf 85' lang='lat' dir='ltr'>lis</span> <span class='ocrx_word' id='word_1_517' title='bbox 956 1289 1090 1318; x_wconf 88' lang='lat' dir='ltr'>futurus</span> <span class='ocrx_word' id='word_1_518' title='bbox 1105 1288 1159 1317; x_wconf 87' lang='lat' dir='ltr'>sit.</span> 
     </span>
    </p>

    <p class='ocr_par' dir='ltr' id='par_1_20' title="bbox 892 1329 1634 1625">
     <span class='ocr_line' id='line_1_94' title="bbox 943 1329 1631 1373; baseline -0.003 -10"><span class='ocrx_word' id='word_1_519' title='bbox 943 1330 1138 1373; x_wconf 74' lang='lat' dir='ltr'>Scjzmgere,</span> <span class='ocrx_word' id='word_1_520' title='bbox 1161 1331 1360 1361; x_wconf 83' lang='lat' dir='ltr'>discernere.</span> <span class='ocrx_word' id='word_1_521' title='bbox 1386 1330 1444 1360; x_wconf 91' lang='lat' dir='ltr'>Or.</span> <span class='ocrx_word' id='word_1_522' title='bbox 1465 1329 1499 1360; x_wconf 89' lang='lat' dir='ltr'>ii.</span> <span class='ocrx_word' id='word_1_523' title='bbox 1517 1331 1570 1360; x_wconf 86' lang='grc'>25.</span> <span class='ocrx_word' id='word_1_524' title='bbox 1591 1335 1631 1361; x_wconf 87' lang='lat' dir='ltr'>ut</span> 
     </span>
     <span class='ocr_line' id='line_1_95' title="bbox 898 1370 1631 1416; baseline 0 -13"><span class='ocrx_word' id='word_1_525' title='bbox 898 1377 1001 1416; x_wconf 86' lang='lat' dir='ltr'>possis</span> <span class='ocrx_word' id='word_1_526' title='bbox 1020 1374 1254 1406; x_wconf 74' lang='lat' dir='ltr'>liberalitatem</span> <span class='ocrx_word' id='word_1_527' title='bbox 1271 1384 1291 1404; x_wconf 91' lang='lat' dir='ltr'>a</span> <span class='ocrx_word' id='word_1_528' title='bbox 1316 1374 1494 1413; x_wconf 85' lang='lat' dir='ltr'>largitione</span> <span class='ocrx_word' id='word_1_529' title='bbox 1520 1370 1631 1413; x_wconf 84' lang='lat' dir='ltr'>sejun-</span> 
     </span>
     <span class='ocr_line' id='line_1_96' title="bbox 892 1415 1631 1459; baseline -0.004 -9"><span class='ocrx_word' id='word_1_530' title='bbox 892 1430 983 1459; x_wconf 81' lang='lat' dir='ltr'>gere.</span> <span class='ocrx_word' id='word_1_531' title='bbox 1005 1418 1106 1449; x_wconf 87' lang='lat' dir='ltr'>Tusc.</span> <span class='ocrx_word' id='word_1_532' title='bbox 1130 1419 1171 1449; x_wconf 88' lang='lat' dir='ltr'>iv.</span> <span class='ocrx_word' id='word_1_533' title='bbox 1203 1421 1249 1448; x_wconf 90' lang='grc'>13.</span> <span class='ocrx_word' id='word_1_534' title='bbox 1273 1415 1445 1459; x_wconf 79' lang='lat' dir='ltr'>sejungere</span> <span class='ocrx_word' id='word_1_535' title='bbox 1471 1417 1631 1456; x_wconf 86' lang='lat' dir='ltr'>cogitati-</span> 
     </span>
     <span class='ocr_line' id='line_1_97' title="bbox 895 1461 1631 1501; baseline -0.001 -8"><span class='ocrx_word' id='word_1_536' title='bbox 895 1473 958 1493; x_wconf 91' lang='lat' dir='ltr'>one</span> <span class='ocrx_word' id='word_1_537' title='bbox 977 1464 1129 1493; x_wconf 88' lang='lat' dir='ltr'>morbum</span> <span class='ocrx_word' id='word_1_538' title='bbox 1144 1462 1184 1492; x_wconf 86' lang='lat' dir='ltr'>ab</span> <span class='ocrx_word' id='word_1_539' title='bbox 1196 1462 1428 1501; x_wconf 67' lang='lat' dir='ltr'>aegrotatione.</span> <span class='ocrx_word' id='word_1_540' title='bbox 1445 1461 1463 1479; x_wconf 67' lang='lat'>*⁶</span> <span class='ocrx_word' id='word_1_541' title='bbox 1479 1471 1631 1492; x_wconf 90' lang='lat' dir='ltr'>avocare.</span> 
     </span>
     <span class='ocr_line' id='line_1_98' title="bbox 895 1503 1631 1547; baseline -0.003 -10"><span class='ocrx_word' id='word_1_542' title='bbox 895 1507 966 1538; x_wconf 87' lang='lat' dir='ltr'>Fin.</span> <span class='ocrx_word' id='word_1_543' title='bbox 977 1508 998 1537; x_wconf 90' lang='lat' dir='ltr'>i.</span> <span class='ocrx_word' id='word_1_544' title='bbox 1015 1509 1068 1538; x_wconf 89' lang='grc'><strong>20.</strong></span> <span class='ocrx_word' id='word_1_545' title='bbox 1080 1507 1214 1537; x_wconf 85' lang='lat' dir='ltr'>animus</span> <span class='ocrx_word' id='word_1_546' title='bbox 1230 1516 1249 1536; x_wconf 86' lang='lat' dir='ltr'>a</span> <span class='ocrx_word' id='word_1_547' title='bbox 1260 1515 1317 1546; x_wconf 90' lang='lat' dir='ltr'>spe</span> <span class='ocrx_word' id='word_1_548' title='bbox 1328 1503 1458 1547; x_wconf 70' lang='lat' dir='ltr'>sejungi</span> <span class='ocrx_word' id='word_1_549' title='bbox 1475 1514 1542 1535; x_wconf 88' lang='lat' dir='ltr'>non</span> <span class='ocrx_word' id='word_1_550' title='bbox 1556 1510 1631 1545; x_wconf 87' lang='lat' dir='ltr'>pot-</span> 
     </span>
     <span class='ocr_line' id='line_1_99' title="bbox 896 1547 1634 1591; baseline -0.003 -10"><span class='ocrx_word' id='word_1_551' title='bbox 896 1558 958 1581; x_wconf 90' lang='lat' dir='ltr'>est.</span> <span class='ocrx_word' id='word_1_552' title='bbox 982 1551 1000 1569; x_wconf 71' lang='lat'><em>*</em></span> <span class='ocrx_word' id='word_1_553' title='bbox 1014 1551 1190 1581; x_wconf 87' lang='lat' dir='ltr'>abstinere.</span> <span class='ocrx_word' id='word_1_554' title='bbox 1223 1549 1304 1580; x_wconf 84' lang='lat' dir='ltr'>Coel.</span> <span class='ocrx_word' id='word_1_555' title='bbox 1321 1553 1352 1580; x_wconf 91' lang='lat'>3.</span> <span class='ocrx_word' id='word_1_556' title='bbox 1374 1547 1548 1591; x_wconf 63' lang='lat' dir='ltr'>sejungere</span> <span class='ocrx_word' id='word_1_557' title='bbox 1562 1559 1596 1579; x_wconf 87' lang='lat' dir='ltr'>se</span> <span class='ocrx_word' id='word_1_558' title='bbox 1614 1559 1634 1580; x_wconf 86' lang='lat' dir='ltr'>a</span> 
     </span>
     <span class='ocr_line' id='line_1_100' title="bbox 897 1594 1258 1625; baseline -0.003 0"><span class='ocrx_word' id='word_1_559' title='bbox 897 1594 1052 1625; x_wconf 86' lang='lat' dir='ltr'>libertate</span> <span class='ocrx_word' id='word_1_560' title='bbox 1070 1595 1258 1624; x_wconf 88' lang='lat' dir='ltr'>verborum.</span> 
     </span>
    </p>

    <p class='ocr_par' dir='ltr' id='par_1_21' title="bbox 899 1636 1635 2510">
     <span class='ocr_line' id='line_1_101' title="bbox 943 1636 1632 1676; baseline -0.003 -7"><span class='ocrx_word' id='word_1_561' title='bbox 943 1638 1097 1669; x_wconf 79' lang='lat' dir='ltr'>Selectus.</span> <span class='ocrx_word' id='word_1_562' title='bbox 1119 1638 1214 1668; x_wconf 92' lang='lat' dir='ltr'>Verr.</span> <span class='ocrx_word' id='word_1_563' title='bbox 1230 1637 1264 1668; x_wconf 93' lang='lat' dir='ltr'>ii.</span> <span class='ocrx_word' id='word_1_564' title='bbox 1285 1640 1333 1668; x_wconf 87' lang='lat'>13.</span> <span class='ocrx_word' id='word_1_565' title='bbox 1352 1636 1484 1676; x_wconf 87' lang='lat' dir='ltr'>judices</span> <span class='ocrx_word' id='word_1_566' title='bbox 1510 1639 1632 1675; x_wconf 79' lang='lat' dir='ltr'>selecti,</span> 
     </span>
     <span class='ocr_line' id='line_1_102' title="bbox 900 1681 1629 1722; baseline 0 -10"><span class='ocrx_word' id='word_1_567' title='bbox 900 1688 980 1713; x_wconf 85' lang='lat' dir='ltr'>sunt</span> <span class='ocrx_word' id='word_1_568' title='bbox 1019 1684 1075 1721; x_wconf 89' lang='lat' dir='ltr'>qui</span> <span class='ocrx_word' id='word_1_569' title='bbox 1117 1682 1248 1722; x_wconf 84' lang='lat' dir='ltr'>judicia</span> <span class='ocrx_word' id='word_1_570' title='bbox 1286 1681 1423 1721; x_wconf 90' lang='lat' dir='ltr'>publica</span> <span class='ocrx_word' id='word_1_571' title='bbox 1458 1685 1629 1712; x_wconf 86' lang='lat' dir='ltr'>exercent.</span> 
     </span>
     <span class='ocr_line' id='line_1_103' title="bbox 902 1725 1632 1766; baseline 0 -10"><span class='ocrx_word' id='word_1_572' title='bbox 902 1726 1037 1756; x_wconf 87' lang='lat' dir='ltr'>Cluent.</span> <span class='ocrx_word' id='word_1_573' title='bbox 1061 1729 1113 1757; x_wconf 86' lang='lat'>43.</span> <span class='ocrx_word' id='word_1_574' title='bbox 1148 1731 1308 1766; x_wconf 82' lang='lat' dir='ltr'>praetores</span> <span class='ocrx_word' id='word_1_575' title='bbox 1349 1725 1467 1755; x_wconf 86' lang='lat' dir='ltr'>urbani</span> <span class='ocrx_word' id='word_1_576' title='bbox 1507 1725 1632 1756; x_wconf 90' lang='lat' dir='ltr'>debent</span> 
     </span>
     <span class='ocr_line' id='line_1_104' title="bbox 899 1769 1633 1810; baseline -0.001 -10"><span class='ocrx_word' id='word_1_577' title='bbox 899 1771 1068 1810; x_wconf 81' lang='lat' dir='ltr'>optimum</span> <span class='ocrx_word' id='word_1_578' title='bbox 1094 1779 1262 1809; x_wconf 88' lang='lat' dir='ltr'>quemque</span> <span class='ocrx_word' id='word_1_579' title='bbox 1294 1769 1328 1799; x_wconf 92' lang='lat' dir='ltr'>in</span> <span class='ocrx_word' id='word_1_580' title='bbox 1349 1770 1476 1799; x_wconf 82' lang='lat' dir='ltr'>selectos</span> <span class='ocrx_word' id='word_1_581' title='bbox 1499 1769 1633 1809; x_wconf 78' lang='lat' dir='ltr'>judices</span> 
     </span>
     <span class='ocr_line' id='line_1_105' title="bbox 903 1812 1632 1854; baseline -0.001 -10"><span class='ocrx_word' id='word_1_582' title='bbox 903 1814 950 1854; x_wconf 86' lang='lat' dir='ltr'>(h.</span> <span class='ocrx_word' id='word_1_583' title='bbox 967 1824 995 1844; x_wconf 90' lang='lat' dir='ltr'>e.</span> <span class='ocrx_word' id='word_1_584' title='bbox 1023 1814 1173 1844; x_wconf 86' lang='lat' dir='ltr'>decurias</span> <span class='ocrx_word' id='word_1_585' title='bbox 1201 1812 1331 1852; x_wconf 90' lang='lat' dir='ltr'>eorum)</span> <span class='ocrx_word' id='word_1_586' title='bbox 1362 1812 1497 1843; x_wconf 85' lang='lat' dir='ltr'>referre.</span> <span class='ocrx_word' id='word_1_587' title='bbox 1543 1812 1632 1843; x_wconf 88' lang='lat' dir='ltr'>Nam</span> 
     </span>
     <span class='ocr_line' id='line_1_106' title="bbox 902 1857 1633 1896; baseline -0.001 -9"><span class='ocrx_word' id='word_1_588' title='bbox 902 1859 935 1888; x_wconf 92' lang='lat' dir='ltr'>in</span> <span class='ocrx_word' id='word_1_589' title='bbox 946 1857 1084 1896; x_wconf 83' lang='lat' dir='ltr'>judiciis</span> <span class='ocrx_word' id='word_1_590' title='bbox 1101 1858 1220 1887; x_wconf 86' lang='lat' dir='ltr'>sedent</span> <span class='ocrx_word' id='word_1_591' title='bbox 1238 1862 1326 1886; x_wconf 84' lang='lat' dir='ltr'>sorte</span> <span class='ocrx_word' id='word_1_592' title='bbox 1353 1857 1553 1895; x_wconf 67' lang='lat' dir='ltr'>quaesstoris,</span> <span class='ocrx_word' id='word_1_593' title='bbox 1571 1866 1633 1887; x_wconf 91' lang='lat' dir='ltr'>nec</span> 
     </span>
     <span class='ocr_line' id='line_1_107' title="bbox 900 1900 1634 1938; baseline -0.001 -6"><span class='ocrx_word' id='word_1_594' title='bbox 900 1903 1007 1932; x_wconf 76' lang='lat' dir='ltr'>selecti</span> <span class='ocrx_word' id='word_1_595' title='bbox 1029 1902 1069 1932; x_wconf 91' lang='lat' dir='ltr'>ab</span> <span class='ocrx_word' id='word_1_596' title='bbox 1097 1901 1159 1931; x_wconf 89' lang='lat' dir='ltr'>hac</span> <span class='ocrx_word' id='word_1_597' title='bbox 1186 1901 1361 1931; x_wconf 84' lang='lat' dir='ltr'>sortitione</span> <span class='ocrx_word' id='word_1_598' title='bbox 1393 1900 1567 1938; x_wconf 75' lang='lat' dir='ltr'>dicuntur,</span> <span class='ocrx_word' id='word_1_599' title='bbox 1594 1905 1634 1931; x_wconf 82' lang='lat' dir='ltr'>ut</span> 
     </span>
     <span class='ocr_line' id='line_1_108' title="bbox 901 1944 1633 1985; baseline 0 -10"><span class='ocrx_word' id='word_1_600' title='bbox 901 1945 1100 1984; x_wconf 84' lang='lat' dir='ltr'>quibusdam</span> <span class='ocrx_word' id='word_1_601' title='bbox 1119 1945 1240 1985; x_wconf 85' lang='lat' dir='ltr'>placet.</span> <span class='ocrx_word' id='word_1_602' title='bbox 1265 1944 1428 1974; x_wconf 86' lang='lat' dir='ltr'>Asconius</span> <span class='ocrx_word' id='word_1_603' title='bbox 1442 1944 1579 1983; x_wconf 88' lang='lat' dir='ltr'>quidem</span> <span class='ocrx_word' id='word_1_604' title='bbox 1592 1945 1633 1975; x_wconf 92' lang='lat' dir='ltr'>ad</span> 
     </span>
     <span class='ocr_line' id='line_1_109' title="bbox 900 1988 1632 2020; baseline 0 -1"><span class='ocrx_word' id='word_1_605' title='bbox 900 1990 975 2019; x_wconf 83' lang='lat' dir='ltr'>Act.</span> <span class='ocrx_word' id='word_1_606' title='bbox 993 1991 1013 2020; x_wconf 89' lang='lat' dir='ltr'>i.</span> <span class='ocrx_word' id='word_1_607' title='bbox 1039 1990 1073 2019; x_wconf 92' lang='lat' dir='ltr'>in</span> <span class='ocrx_word' id='word_1_608' title='bbox 1090 1989 1228 2019; x_wconf 89' lang='lat' dir='ltr'>Verrem</span> <span class='ocrx_word' id='word_1_609' title='bbox 1254 1999 1282 2018; x_wconf 92' lang='lat' dir='ltr'>c.</span> <span class='ocrx_word' id='word_1_610' title='bbox 1307 1989 1338 2018; x_wconf 90' lang='lat'>6.</span> <span class='ocrx_word' id='word_1_611' title='bbox 1363 1988 1405 2018; x_wconf 85' lang='lat' dir='ltr'>ad</span> <span class='ocrx_word' id='word_1_612' title='bbox 1420 1989 1632 2019; x_wconf 85' lang='lat' dir='ltr'>sortitionem</span> 
     </span>
     <span class='ocr_line' id='line_1_110' title="bbox 901 2031 1635 2064; baseline -0.003 -1"><span class='ocrx_word' id='word_1_613' title='bbox 901 2033 1002 2064; x_wconf 81' lang='lat' dir='ltr'>refert</span> <span class='ocrx_word' id='word_1_614' title='bbox 1029 2033 1092 2063; x_wconf 88' lang='lat' dir='ltr'>hoc</span> <span class='ocrx_word' id='word_1_615' title='bbox 1109 2041 1232 2062; x_wconf 88' lang='lat' dir='ltr'>nomen</span> <span class='ocrx_word' id='word_1_616' title='bbox 1249 2044 1254 2061; x_wconf 93' lang='lat'>:</span> <span class='ocrx_word' id='word_1_617' title='bbox 1281 2032 1338 2062; x_wconf 90' lang='lat' dir='ltr'>sed</span> <span class='ocrx_word' id='word_1_618' title='bbox 1359 2031 1449 2061; x_wconf 81' lang='lat' dir='ltr'>haud</span> <span class='ocrx_word' id='word_1_619' title='bbox 1465 2031 1565 2062; x_wconf 90' lang='lat' dir='ltr'>dubie</span> <span class='ocrx_word' id='word_1_620' title='bbox 1582 2042 1635 2062; x_wconf 88' lang='lat' dir='ltr'>er-</span> 
     </span>
     <span class='ocr_line' id='line_1_111' title="bbox 900 2075 1634 2116; baseline 0 -10"><span class='ocrx_word' id='word_1_621' title='bbox 900 2078 1007 2116; x_wconf 84' lang='lat' dir='ltr'>ravit;</span> <span class='ocrx_word' id='word_1_622' title='bbox 1033 2087 1111 2106; x_wconf 91' lang='lat' dir='ltr'>cum</span> <span class='ocrx_word' id='word_1_623' title='bbox 1123 2077 1238 2106; x_wconf 87' lang='lat' dir='ltr'>Cicero</span> <span class='ocrx_word' id='word_1_624' title='bbox 1251 2075 1373 2105; x_wconf 85' lang='lat' dir='ltr'>diserte</span> <span class='ocrx_word' id='word_1_625' title='bbox 1389 2075 1634 2115; x_wconf 82' lang='lat' dir='ltr'>lectionemju-</span> 
     </span>
     <span class='ocr_line' id='line_1_112' title="bbox 899 2119 1634 2151; baseline 0.001 -1"><span class='ocrx_word' id='word_1_626' title='bbox 899 2121 1012 2151; x_wconf 89' lang='lat' dir='ltr'>dicum</span> <span class='ocrx_word' id='word_1_627' title='bbox 1035 2120 1171 2151; x_wconf 81' lang='lat' dir='ltr'>Praetori</span> <span class='ocrx_word' id='word_1_628' title='bbox 1198 2120 1326 2150; x_wconf 88' lang='lat' dir='ltr'>urbano</span> <span class='ocrx_word' id='word_1_629' title='bbox 1345 2120 1475 2149; x_wconf 81' lang='lat' dir='ltr'>tribuat</span> <span class='ocrx_word' id='word_1_630' title='bbox 1503 2119 1525 2149; x_wconf 95' lang='lat' dir='ltr'>l.</span> <span class='ocrx_word' id='word_1_631' title='bbox 1555 2131 1584 2149; x_wconf 91' lang='lat' dir='ltr'>c.</span> <span class='ocrx_word' id='word_1_632' title='bbox 1614 2130 1634 2151; x_wconf 82' lang='lat' dir='ltr'>a</span> 
     </span>
     <span class='ocr_line' id='line_1_113' title="bbox 900 2163 1632 2205; baseline 0 -11"><span class='ocrx_word' id='word_1_633' title='bbox 900 2175 965 2204; x_wconf 91' lang='lat' dir='ltr'>quo</span> <span class='ocrx_word' id='word_1_634' title='bbox 981 2170 1056 2205; x_wconf 76' lang='lat' dir='ltr'>post</span> <span class='ocrx_word' id='word_1_635' title='bbox 1073 2164 1356 2203; x_wconf 80' lang='lat' dir='ltr'>adlmperatores</span> <span class='ocrx_word' id='word_1_636' title='bbox 1378 2163 1545 2193; x_wconf 82' lang='lat' dir='ltr'>translata</span> <span class='ocrx_word' id='word_1_637' title='bbox 1567 2171 1632 2202; x_wconf 85' lang='lat' dir='ltr'>est,</span> 
     </span>
     <span class='ocr_line' id='line_1_114' title="bbox 900 2207 1632 2247; baseline 0 -9"><span class='ocrx_word' id='word_1_638' title='bbox 900 2219 981 2247; x_wconf 91' lang='lat' dir='ltr'>quos</span> <span class='ocrx_word' id='word_1_639' title='bbox 1005 2209 1157 2239; x_wconf 82' lang='lat' dir='ltr'>decurias</span> <span class='ocrx_word' id='word_1_640' title='bbox 1171 2207 1354 2244; x_wconf 83' lang='lat' dir='ltr'>ordinasse,</span> <span class='ocrx_word' id='word_1_641' title='bbox 1372 2212 1494 2247; x_wconf 80' lang='lat' dir='ltr'>praeter</span> <span class='ocrx_word' id='word_1_642' title='bbox 1512 2208 1632 2238; x_wconf 79' lang='lat' dir='ltr'>Sueto-</span> 
     </span>
     <span class='ocr_line' id='line_1_115' title="bbox 900 2251 1634 2289; baseline 0 -7"><span class='ocrx_word' id='word_1_643' title='bbox 900 2253 1009 2287; x_wconf 81' lang='lat' dir='ltr'>nium,</span> <span class='ocrx_word' id='word_1_644' title='bbox 1027 2252 1143 2282; x_wconf 81' lang='lat' dir='ltr'>multis</span> <span class='ocrx_word' id='word_1_645' title='bbox 1162 2251 1254 2289; x_wconf 86' lang='lat' dir='ltr'>loeis,</span> <span class='ocrx_word' id='word_1_646' title='bbox 1282 2251 1379 2281; x_wconf 87' lang='lat' dir='ltr'>docet</span> <span class='ocrx_word' id='word_1_647' title='bbox 1409 2251 1493 2281; x_wconf 91' lang='lat' dir='ltr'>Plin.</span> <span class='ocrx_word' id='word_1_648' title='bbox 1521 2252 1634 2282; x_wconf 81' lang='lat' dir='ltr'>xxxiii.</span> 
     </span>
     <span class='ocr_line' id='line_1_116' title="bbox 903 2295 1633 2335; baseline -0.001 -9"><span class='ocrx_word' id='word_1_649' title='bbox 903 2299 930 2326; x_wconf 93' lang='lat' dir='ltr'>l.</span> <span class='ocrx_word' id='word_1_650' title='bbox 954 2296 1085 2335; x_wconf 79' lang='lat' dir='ltr'>fuitque</span> <span class='ocrx_word' id='word_1_651' title='bbox 1111 2306 1151 2325; x_wconf 77' lang='lat' dir='ltr'>ea</span> <span class='ocrx_word' id='word_1_652' title='bbox 1167 2295 1268 2324; x_wconf 85' lang='lat' dir='ltr'>lectio</span> <span class='ocrx_word' id='word_1_653' title='bbox 1286 2305 1360 2335; x_wconf 88' lang='lat' dir='ltr'>pars</span> <span class='ocrx_word' id='word_1_654' title='bbox 1385 2301 1480 2325; x_wconf 88' lang='lat' dir='ltr'>actus</span> <span class='ocrx_word' id='word_1_655' title='bbox 1505 2305 1633 2333; x_wconf 76' lang='lat' dir='ltr'>rerum,</span> 
     </span>
     <span class='ocr_line' id='line_1_117' title="bbox 900 2339 1635 2379; baseline 0 -10"><span class='ocrx_word' id='word_1_656' title='bbox 900 2341 995 2379; x_wconf 83' lang='lat' dir='ltr'>cujus</span> <span class='ocrx_word' id='word_1_657' title='bbox 1012 2339 1101 2379; x_wconf 74' lang='lat' dir='ltr'>apud</span> <span class='ocrx_word' id='word_1_658' title='bbox 1125 2340 1325 2369; x_wconf 79' lang='lat' dir='ltr'>Suetonium</span> <span class='ocrx_word' id='word_1_659' title='bbox 1349 2339 1508 2378; x_wconf 88' lang='lat' dir='ltr'>frequens</span> <span class='ocrx_word' id='word_1_660' title='bbox 1539 2349 1635 2370; x_wconf 88' lang='lat' dir='ltr'>men-</span> 
     </span>
     <span class='ocr_line' id='line_1_118' title="bbox 899 2382 1634 2422; baseline 0 -9"><span class='ocrx_word' id='word_1_661' title='bbox 899 2384 958 2413; x_wconf 90' lang='lat' dir='ltr'>tio.</span> <span class='ocrx_word' id='word_1_662' title='bbox 983 2385 1050 2413; x_wconf 84' lang='lat' dir='ltr'>Sub</span> <span class='ocrx_word' id='word_1_663' title='bbox 1088 2383 1274 2413; x_wconf 60' lang='lat' dir='ltr'>Caesaribus</span> <span class='ocrx_word' id='word_1_664' title='bbox 1321 2382 1461 2412; x_wconf 83' lang='lat' dir='ltr'>selectos</span> <span class='ocrx_word' id='word_1_665' title='bbox 1500 2383 1634 2422; x_wconf 82' lang='lat' dir='ltr'>judices</span> 
     </span>
     <span class='ocr_line' id='line_1_119' title="bbox 900 2426 1633 2467; baseline 0.001 -10"><span class='ocrx_word' id='word_1_666' title='bbox 900 2427 1001 2467; x_wconf 84' lang='lat' dir='ltr'>paulo</span> <span class='ocrx_word' id='word_1_667' title='bbox 1025 2427 1135 2463; x_wconf 82' lang='lat' dir='ltr'>aliter,</span> <span class='ocrx_word' id='word_1_668' title='bbox 1153 2432 1187 2456; x_wconf 84' lang='lat' dir='ltr'>et</span> <span class='ocrx_word' id='word_1_669' title='bbox 1213 2426 1347 2456; x_wconf 76' lang='lat' dir='ltr'>arctiori</span> <span class='ocrx_word' id='word_1_670' title='bbox 1372 2426 1517 2465; x_wconf 88' lang='lat' dir='ltr'>quodam</span> <span class='ocrx_word' id='word_1_671' title='bbox 1534 2437 1633 2458; x_wconf 89' lang='lat' dir='ltr'>sensu</span> 
     </span>
     <span class='ocr_line' id='line_1_120' title="bbox 901 2470 1432 2510; baseline -0.004 -9"><span class='ocrx_word' id='word_1_672' title='bbox 901 2471 1006 2501; x_wconf 84' lang='lat' dir='ltr'>dictos</span> <span class='ocrx_word' id='word_1_673' title='bbox 1020 2474 1114 2510; x_wconf 85' lang='lat' dir='ltr'>patet</span> <span class='ocrx_word' id='word_1_674' title='bbox 1130 2481 1167 2500; x_wconf 85' lang='lat' dir='ltr'>ex</span> <span class='ocrx_word' id='word_1_675' title='bbox 1183 2470 1299 2500; x_wconf 82' lang='lat' dir='ltr'>eodem</span> <span class='ocrx_word' id='word_1_676' title='bbox 1315 2470 1432 2500; x_wconf 84' lang='lat' dir='ltr'>Plinio.</span> 
     </span>
    </p>

    <p class='ocr_par' dir='ltr' id='par_1_22' title="bbox 900 2514 1635 2641">
     <span class='ocr_line' id='line_1_121' title="bbox 944 2514 1635 2552; baseline -0.001 -7"><span class='ocrx_word' id='word_1_677' title='bbox 944 2514 1092 2552; x_wconf 83' lang='lat' dir='ltr'>Selectz&#39;o,</span> <span class='ocrx_word' id='word_1_678' title='bbox 1107 2514 1267 2544; x_wconf 81' lang='lat' dir='ltr'>delectus.</span> <span class='ocrx_word' id='word_1_679' title='bbox 1294 2514 1365 2544; x_wconf 83' lang='lat' dir='ltr'>Fin.</span> <span class='ocrx_word' id='word_1_680' title='bbox 1381 2515 1415 2543; x_wconf 92' lang='lat' dir='ltr'>ii.</span> <span class='ocrx_word' id='word_1_681' title='bbox 1440 2517 1486 2544; x_wconf 77' lang='grc'>13.</span> <span class='ocrx_word' id='word_1_682' title='bbox 1502 2519 1543 2544; x_wconf 88' lang='lat' dir='ltr'>ut</span> <span class='ocrx_word' id='word_1_683' title='bbox 1559 2524 1635 2544; x_wconf 87' lang='lat' dir='ltr'>eam</span> 
     </span>
     <span class='ocr_line' id='line_1_122' title="bbox 900 2557 1634 2599; baseline -0.001 -10"><span class='ocrx_word' id='word_1_684' title='bbox 900 2569 1012 2589; x_wconf 84' lang='lat' dir='ltr'>rerum</span> <span class='ocrx_word' id='word_1_685' title='bbox 1036 2560 1198 2589; x_wconf 81' lang='lat' dir='ltr'>selectione</span> <span class='ocrx_word' id='word_1_686' title='bbox 1231 2557 1467 2597; x_wconf 75' lang='lat' dir='ltr'>exspoliarent.</span> <span class='ocrx_word' id='word_1_687' title='bbox 1493 2559 1634 2599; x_wconf 83' lang='lat' dir='ltr'>opponi·</span> 
     </span>
     <span class='ocr_line' id='line_1_123' title="bbox 901 2603 1160 2641; baseline -0.008 -8"><span class='ocrx_word' id='word_1_688' title='bbox 901 2608 958 2633; x_wconf 86' lang='lat' dir='ltr'>tur</span> <span class='ocrx_word' id='word_1_689' title='bbox 975 2603 1160 2641; x_wconf 83' lang='lat' dir='ltr'>rejectioni.</span> 
     </span>
    </p>

    <p class='ocr_par' dir='ltr' id='par_1_23' title="bbox 901 2645 1638 2852">
     <span class='ocr_line' id='line_1_124' title="bbox 946 2645 1635 2685; baseline 0 -9"><span class='ocrx_word' id='word_1_690' title='bbox 946 2646 1154 2676; x_wconf 68' lang='lat' dir='ltr'>sellularias.</span> <span class='ocrx_word' id='word_1_691' title='bbox 1171 2645 1292 2683; x_wconf 83' lang='lat' dir='ltr'>fragm.</span> <span class='ocrx_word' id='word_1_692' title='bbox 1310 2646 1429 2675; x_wconf 86' lang='lat' dir='ltr'>incert.</span> <span class='ocrx_word' id='word_1_693' title='bbox 1444 2645 1484 2675; x_wconf 87' lang='lat' dir='ltr'>de</span> <span class='ocrx_word' id='word_1_694' title='bbox 1503 2646 1635 2685; x_wconf 81' lang='lat' dir='ltr'>plebeia</span> 
     </span>
     <span class='ocr_line' id='line_1_125' title="bbox 901 2688 1634 2729; baseline 0 -9"><span class='ocrx_word' id='word_1_695' title='bbox 901 2691 982 2720; x_wconf 73' lang='lat' dir='ltr'>faece</span> <span class='ocrx_word' id='word_1_696' title='bbox 1005 2691 1263 2720; x_wconf 63' lang='lat' dir='ltr'>setlnlurimvmz.</span> <span class='ocrx_word' id='word_1_697' title='bbox 1310 2688 1363 2718; x_wconf 77' lang='lat' dir='ltr'>lta</span> <span class='ocrx_word' id='word_1_698' title='bbox 1386 2689 1558 2726; x_wconf 87' lang='lat' dir='ltr'>dicuntur,</span> <span class='ocrx_word' id='word_1_699' title='bbox 1577 2690 1634 2729; x_wconf 90' lang='lat' dir='ltr'>qui</span> 
     </span>
     <span class='ocr_line' id='line_1_126' title="bbox 901 2732 1638 2773; baseline -0.001 -9"><span class='ocrx_word' id='word_1_700' title='bbox 901 2734 1015 2764; x_wconf 72' lang='lat' dir='ltr'>Graece</span> <span class='ocrx_word' id='word_1_701' title='bbox 1028 2734 1165 2771; x_wconf 74' lang='grc' dir='ltr'>βάναυσοι</span> <span class='ocrx_word' id='word_1_702' title='bbox 1189 2732 1428 2773; x_wconf 80' lang='lat' dir='ltr'>appellantur:</span> <span class='ocrx_word' id='word_1_703' title='bbox 1455 2733 1488 2763; x_wconf 91' lang='lat' dir='ltr'>h.</span> <span class='ocrx_word' id='word_1_704' title='bbox 1515 2744 1543 2762; x_wconf 87' lang='lat' dir='ltr'>e.</span> <span class='ocrx_word' id='word_1_705' title='bbox 1565 2734 1638 2773; x_wconf 87' lang='lat' dir='ltr'>opi·-</span> 
     </span>
     <span class='ocr_line' id='line_1_127' title="bbox 902 2777 1636 2815; baseline 0 -8"><span class='ocrx_word' id='word_1_706' title='bbox 902 2778 979 2807; x_wconf 79' lang='lat' dir='ltr'>ficia</span> <span class='ocrx_word' id='word_1_707' title='bbox 1008 2782 1208 2813; x_wconf 64' lang='lat' dir='ltr'>tractantes,</span> <span class='ocrx_word' id='word_1_708' title='bbox 1239 2786 1313 2815; x_wconf 84' lang='lat' dir='ltr'>quae</span> <span class='ocrx_word' id='word_1_709' title='bbox 1343 2782 1431 2806; x_wconf 89' lang='lat' dir='ltr'>artes</span> <span class='ocrx_word' id='word_1_710' title='bbox 1458 2777 1636 2807; x_wconf 81' lang='lat' dir='ltr'>sellulariae</span> 
     </span>
     <span class='ocr_line' id='line_1_128' title="bbox 902 2820 1242 2852; baseline -0.006 0"><span class='ocrx_word' id='word_1_711' title='bbox 902 2822 1072 2852; x_wconf 83' lang='lat' dir='ltr'>dicuntur.</span> <span class='ocrx_word' id='word_1_712' title='bbox 1088 2820 1129 2850; x_wconf 86' lang='lat' dir='ltr'>cf.</span> <span class='ocrx_word' id='word_1_713' title='bbox 1143 2820 1242 2850; x_wconf 88' lang='lat' dir='ltr'>Sella.</span> 
     </span>
    </p>

    <p class='ocr_par' dir='ltr' id='par_1_24' title="bbox 906 2864 1642 2948">
     <span class='ocr_line' id='line_1_129' title="bbox 950 2864 1640 2904; baseline -0.003 -9"><span class='ocrx_word' id='word_1_714' title='bbox 950 2864 1053 2901; x_wconf 81' lang='lat' dir='ltr'>Sella,</span> <span class='ocrx_word' id='word_1_715' title='bbox 1084 2864 1283 2904; x_wconf 84' lang='lat' dir='ltr'>simpliciter</span> <span class='ocrx_word' id='word_1_716' title='bbox 1315 2873 1375 2904; x_wconf 89' lang='lat' dir='ltr'>pro</span> <span class='ocrx_word' id='word_1_717' title='bbox 1409 2865 1490 2894; x_wconf 80' lang='lat' dir='ltr'>setta</span> <span class='ocrx_word' id='word_1_718' title='bbox 1517 2865 1640 2894; x_wconf 78' lang='lat' dir='ltr'>curuli.</span> 
     </span>
     <span class='ocr_line' id='line_1_130' title="bbox 906 2907 1642 2948; baseline -0.004 -8"><span class='ocrx_word' id='word_1_719' title='bbox 906 2910 1095 2948; x_wconf 77' lang='lat' dir='ltr'>junguntur</span> <span class='ocrx_word' id='word_1_720' title='bbox 1111 2908 1283 2940; x_wconf 87' lang='lat' dir='ltr'>interdum</span> <span class='ocrx_word' id='word_1_721' title='bbox 1311 2909 1392 2938; x_wconf 80' lang='lat' dir='ltr'>sella</span> <span class='ocrx_word' id='word_1_722' title='bbox 1418 2918 1457 2938; x_wconf 88' lang='lat' dir='ltr'>ac</span> <span class='ocrx_word' id='word_1_723' title='bbox 1479 2907 1642 2945; x_wconf 83' lang='lat' dir='ltr'>tribunal,</span> 
     </span>
    </p>

    <p class='ocr_par' dir='ltr' id='par_1_25' title="bbox 957 2955 1061 2983">
     <span class='ocr_line' id='line_1_131' title="bbox 957 2955 1061 2983; baseline 0 0"><span class='ocrx_word' id='word_1_724' title='bbox 957 2961 978 2983; x_wconf 78' lang='lat' dir='ltr'>F.</span> <span class='ocrx_word' id='word_1_725' title='bbox 997 2962 1014 2982; x_wconf 91' lang='lat' dir='ltr'>e</span> <span class='ocrx_word' id='word_1_726' title='bbox 1041 2955 1061 2983; x_wconf 86' lang='lat'>4</span> 
     </span>
    </p>
   </div>
  </div>
 </body>
</html>
