<?xml version="1.0" encoding="UTF-8"?>
<!DOCTYPE html PUBLIC "-//W3C//DTD XHTML 1.0 Transitional//EN"
    "http://www.w3.org/TR/xhtml1/DTD/xhtml1-transitional.dtd">
<html xmlns="http://www.w3.org/1999/xhtml" xml:lang="en" lang="en">
 <head>
  <title>
</title>
<meta http-equiv="Content-Type" content="text/html;charset=utf-8" />
  <meta name='ocr-system' content='tesseract 3.04.00' />
  <meta name='ocr-capabilities' content='ocr_page ocr_carea ocr_par ocr_line ocrx_word'/>
</head>
<body>
  <div class='ocr_page' id='page_1' title='image "./clavisciceronian00erneuoft/clavisciceronian00erneuoft_0241.png"; bbox 0 0 1985 3206; ppageno 0'>
   <div class='ocr_carea' id='block_1_1' title="bbox 15 1416 21 1971">
    <p class='ocr_par' dir='ltr' id='par_1_1' title="bbox 15 1416 21 1971">
     <span class='ocr_line' id='line_1_1' title="bbox 15 1416 21 1971; baseline 0 0"><span class='ocrx_word' id='word_1_1' title='bbox 15 1416 21 1971; x_wconf 95' lang='lat' dir='ltr'> </span> 
     </span>
    </p>
   </div>
   <div class='ocr_carea' id='block_1_2' title="bbox 0 0 46 3206">
    <p class='ocr_par' dir='ltr' id='par_1_2' title="bbox 0 0 46 3206">
     <span class='ocr_line' id='line_1_2' title="bbox 0 0 46 3206; baseline 0 0"><span class='ocrx_word' id='word_1_2' title='bbox 0 0 46 3206; x_wconf 95' lang='lat' dir='ltr'> </span> 
     </span>
    </p>
   </div>
   <div class='ocr_carea' id='block_1_3' title="bbox 728 97 1193 129">
    <p class='ocr_par' dir='ltr' id='par_1_3' title="bbox 728 97 1193 129">
     <span class='ocr_line' id='line_1_3' title="bbox 728 97 1193 129; baseline -0.004 -1"><span class='ocrx_word' id='word_1_3' title='bbox 728 99 874 129; x_wconf 71' lang='lat' dir='ltr'>INDEX</span> <span class='ocrx_word' id='word_1_4' title='bbox 897 99 1031 129; x_wconf 77' lang='lat' dir='ltr'>LATIN</span> <span class='ocrx_word' id='word_1_5' title='bbox 1037 97 1193 127; x_wconf 75' lang='lat' dir='ltr'>rrATts.</span> 
     </span>
    </p>
   </div>
   <div class='ocr_carea' id='block_1_4' title="bbox 215 186 946 1309">
    <p class='ocr_par' dir='ltr' id='par_1_4' title="bbox 215 186 946 1309">
     <span class='ocr_line' id='line_1_4' title="bbox 215 186 937 221; baseline -0.007 0"><span class='ocrx_word' id='word_1_6' title='bbox 215 192 268 221; x_wconf 73' lang='lat'>23.</span> <span class='ocrx_word' id='word_1_7' title='bbox 299 189 398 220; x_wconf 85' lang='lat' dir='ltr'>nimis</span> <span class='ocrx_word' id='word_1_8' title='bbox 419 191 556 220; x_wconf 76' lang='lat' dir='ltr'><em>concreti</em></span> <span class='ocrx_word' id='word_1_9' title='bbox 578 188 747 219; x_wconf 80' lang='lat' dir='ltr'>humores.</span> <span class='ocrx_word' id='word_1_10' title='bbox 784 186 861 217; x_wconf 83' lang='lat' dir='ltr'><strong>ibid.</strong></span> <span class='ocrx_word' id='word_1_11' title='bbox 889 188 937 217; x_wconf 85' lang='lat'>16.</span> 
     </span>
     <span class='ocr_line' id='line_1_5' title="bbox 215 231 937 267; baseline -0.006 -4"><span class='ocrx_word' id='word_1_12' title='bbox 215 232 336 263; x_wconf 85' lang='lat' dir='ltr'>coelum</span> <span class='ocrx_word' id='word_1_13' title='bbox 359 242 507 263; x_wconf 83' lang='lat' dir='ltr'>crassum</span> <span class='ocrx_word' id='word_1_14' title='bbox 531 236 566 262; x_wconf 85' lang='lat' dir='ltr'>et</span> <span class='ocrx_word' id='word_1_15' title='bbox 579 236 771 262; x_wconf 72' lang='lat' dir='ltr'>coru-retum.</span> <span class='ocrx_word' id='word_1_16' title='bbox 794 231 937 267; x_wconf 78' lang='lat' dir='ltr'>*natus‚</span> 
     </span>
     <span class='ocr_line' id='line_1_6' title="bbox 216 274 939 314; baseline -0.006 -8"><span class='ocrx_word' id='word_1_17' title='bbox 216 282 320 307; x_wconf 86' lang='lat' dir='ltr'>ortus.</span> <span class='ocrx_word' id='word_1_18' title='bbox 343 275 443 306; x_wconf 85' lang='lat' dir='ltr'>Tusc.</span> <span class='ocrx_word' id='word_1_19' title='bbox 457 277 476 306; x_wconf 94' lang='lat' dir='ltr'>i.</span> <span class='ocrx_word' id='word_1_20' title='bbox 489 278 541 306; x_wconf 74' lang='lat'>⁴24.</span> <span class='ocrx_word' id='word_1_21' title='bbox 562 275 793 314; x_wconf 65' lang='lat' dir='ltr'>*compositus</span> <span class='ocrx_word' id='word_1_22' title='bbox 806 284 823 304; x_wconf 88' lang='lat' dir='ltr'>e</span> <span class='ocrx_word' id='word_1_23' title='bbox 835 274 939 303; x_wconf 80' lang='lat' dir='ltr'>diver-</span> 
     </span>
     <span class='ocr_line' id='line_1_7' title="bbox 216 317 939 359; baseline -0.004 -10"><span class='ocrx_word' id='word_1_24' title='bbox 216 320 259 349; x_wconf 89' lang='lat' dir='ltr'>sis</span> <span class='ocrx_word' id='word_1_25' title='bbox 283 319 443 359; x_wconf 85' lang='lat' dir='ltr'>partibus.</span> <span class='ocrx_word' id='word_1_26' title='bbox 477 319 576 349; x_wconf 85' lang='lat' dir='ltr'>Tusc.</span> <span class='ocrx_word' id='word_1_27' title='bbox 597 320 618 348; x_wconf 86' lang='lat' dir='ltr'>i.</span> <span class='ocrx_word' id='word_1_28' title='bbox 638 320 689 351; x_wconf 67' lang='grc' dir='ltr'>Ξῖ.</span> <span class='ocrx_word' id='word_1_29' title='bbox 724 317 809 347; x_wconf 82' lang='lat' dir='ltr'>nihil</span> <span class='ocrx_word' id='word_1_30' title='bbox 832 322 883 347; x_wconf 80' lang='lat' dir='ltr'>est</span> <span class='ocrx_word' id='word_1_31' title='bbox 906 317 939 347; x_wconf 87' lang='lat' dir='ltr'>in</span> 
     </span>
     <span class='ocr_line' id='line_1_8' title="bbox 216 363 754 392; baseline -0.002 0"><span class='ocrx_word' id='word_1_32' title='bbox 216 363 335 392; x_wconf 77' lang='lat' dir='ltr'>animis</span> <span class='ocrx_word' id='word_1_33' title='bbox 352 364 496 392; x_wconf 84' lang='lat' dir='ltr'>mixtum</span> <span class='ocrx_word' id='word_1_34' title='bbox 513 368 547 392; x_wconf 83' lang='lat' dir='ltr'>et</span> <span class='ocrx_word' id='word_1_35' title='bbox 562 366 754 392; x_wconf 74' lang='lat' dir='ltr'>concretum.</span> 
     </span>
     <span class='ocr_line' id='line_1_9' title="bbox 265 405 942 445; baseline -0.004 -9"><span class='ocrx_word' id='word_1_36' title='bbox 265 406 458 445; x_wconf 57' lang='lat' dir='ltr'>Ome-tepesco.</span> <span class='ocrx_word' id='word_1_37' title='bbox 489 405 530 435; x_wconf 86' lang='lat' dir='ltr'>ad</span> <span class='ocrx_word' id='word_1_38' title='bbox 553 406 630 436; x_wconf 89' lang='lat' dir='ltr'>Div.</span> <span class='ocrx_word' id='word_1_39' title='bbox 655 415 685 434; x_wconf 88' lang='lat' dir='ltr'>x.</span> <span class='ocrx_word' id='word_1_40' title='bbox 701 410 733 439; x_wconf 84' lang='lat'>9.</span> <span class='ocrx_word' id='word_1_41' title='bbox 763 405 942 443; x_wconf 75' lang='lat' dir='ltr'><em>concupisco</em></span> 
     </span>
     <span class='ocr_line' id='line_1_10' title="bbox 219 448 877 487; baseline -0.005 -8"><span class='ocrx_word' id='word_1_42' title='bbox 219 449 300 479; x_wconf 87' lang='lat' dir='ltr'>mihi</span> <span class='ocrx_word' id='word_1_43' title='bbox 318 449 414 486; x_wconf 85' lang='lat' dir='ltr'>nihil,</span> <span class='ocrx_word' id='word_1_44' title='bbox 431 453 547 478; x_wconf 86' lang='lat' dir='ltr'>contra</span> <span class='ocrx_word' id='word_1_45' title='bbox 563 448 651 487; x_wconf 88' lang='lat' dir='ltr'>quod</span> <span class='ocrx_word' id='word_1_46' title='bbox 668 449 736 487; x_wconf 86' lang='lat' dir='ltr'>ipse</span> <span class='ocrx_word' id='word_1_47' title='bbox 752 456 877 487; x_wconf 82' lang='lat' dir='ltr'>pugno.</span> 
     </span>
     <span class='ocr_line' id='line_1_11' title="bbox 267 490 942 529; baseline -0.006 -6"><span class='ocrx_word' id='word_1_48' title='bbox 267 494 474 529; x_wconf 79' lang='lat' dir='ltr'><strong><em>Concurrere,</em></strong></span> <span class='ocrx_word' id='word_1_49' title='bbox 499 492 538 521; x_wconf 90' lang='lat' dir='ltr'>de</span> <span class='ocrx_word' id='word_1_50' title='bbox 555 501 623 521; x_wconf 89' lang='lat' dir='ltr'>uno</span> <span class='ocrx_word' id='word_1_51' title='bbox 647 491 795 527; x_wconf 84' lang='lat' dir='ltr'>homine,</span> <span class='ocrx_word' id='word_1_52' title='bbox 811 490 868 520; x_wconf 88' lang='lat' dir='ltr'>sed</span> <span class='ocrx_word' id='word_1_53' title='bbox 883 499 942 519; x_wconf 88' lang='lat' dir='ltr'>an-</span> 
     </span>
     <span class='ocr_line' id='line_1_12' title="bbox 218 533 943 573; baseline -0.004 -7"><span class='ocrx_word' id='word_1_54' title='bbox 218 536 270 565; x_wconf 81' lang='lat' dir='ltr'>xie</span> <span class='ocrx_word' id='word_1_55' title='bbox 298 540 334 566; x_wconf 88' lang='lat' dir='ltr'>et</span> <span class='ocrx_word' id='word_1_56' title='bbox 356 536 504 566; x_wconf 83' lang='lat' dir='ltr'>studiose</span> <span class='ocrx_word' id='word_1_57' title='bbox 532 540 699 565; x_wconf 86' lang='lat' dir='ltr'>currente.</span> <span class='ocrx_word' id='word_1_58' title='bbox 726 534 863 573; x_wconf 71' lang='lat' dir='ltr'>Quinct.</span> <span class='ocrx_word' id='word_1_59' title='bbox 894 533 943 564; x_wconf 85' lang='lat'>16.</span> 
     </span>
     <span class='ocr_line' id='line_1_13' title="bbox 219 578 943 617; baseline -0.004 -8"><span class='ocrx_word' id='word_1_60' title='bbox 219 588 285 609; x_wconf 92' lang='lat' dir='ltr'>non</span> <span class='ocrx_word' id='word_1_61' title='bbox 308 580 426 609; x_wconf 80' lang='lat' dir='ltr'>statim</span> <span class='ocrx_word' id='word_1_62' title='bbox 448 579 491 609; x_wconf 89' lang='lat' dir='ltr'>ad</span> <span class='ocrx_word' id='word_1_63' title='bbox 513 578 699 617; x_wconf 74' lang='lat' dir='ltr'>Aquillium</span> <span class='ocrx_word' id='word_1_64' title='bbox 723 579 943 607; x_wconf 71' lang='lat' dir='ltr'>concurrisses.</span> 
     </span>
     <span class='ocr_line' id='line_1_14' title="bbox 218 620 942 661; baseline -0.003 -10"><span class='ocrx_word' id='word_1_65' title='bbox 218 633 248 653; x_wconf 82' lang='lat' dir='ltr'>v.</span> <span class='ocrx_word' id='word_1_66' title='bbox 273 631 490 661; x_wconf 84' lang='lat' dir='ltr'><strong>concoquere,</strong></span> <span class='ocrx_word' id='word_1_67' title='bbox 507 623 680 652; x_wconf 70' lang='lat' dir='ltr'>concursio.</span> <span class='ocrx_word' id='word_1_68' title='bbox 703 620 805 650; x_wconf 59' lang='lat' dir='ltr'>*Atn</span> <span class='ocrx_word' id='word_1_69' title='bbox 831 621 895 650; x_wconf 81' lang='lat' dir='ltr'>xvi.</span> <span class='ocrx_word' id='word_1_70' title='bbox 912 622 942 650; x_wconf 85' lang='lat'>3.</span> 
     </span>
     <span class='ocr_line' id='line_1_15' title="bbox 217 665 943 703; baseline -0.004 -7"><span class='ocrx_word' id='word_1_71' title='bbox 217 675 407 696; x_wconf 81' lang='lat' dir='ltr'>concurrere</span> <span class='ocrx_word' id='word_1_72' title='bbox 431 667 580 701; x_wconf 87' lang='lat' dir='ltr'>nomina,</span> <span class='ocrx_word' id='word_1_73' title='bbox 597 665 769 700; x_wconf 79' lang='lat' dir='ltr'>dicuntur,</span> <span class='ocrx_word' id='word_1_74' title='bbox 787 674 864 694; x_wconf 88' lang='lat' dir='ltr'>cum</span> <span class='ocrx_word' id='word_1_75' title='bbox 887 673 943 703; x_wconf 87' lang='lat' dir='ltr'>pe-</span> 
     </span>
     <span class='ocr_line' id='line_1_16' title="bbox 220 707 943 743; baseline -0.004 -4"><span class='ocrx_word' id='word_1_76' title='bbox 220 709 441 740; x_wconf 81' lang='lat' dir='ltr'>cuniadebita</span> <span class='ocrx_word' id='word_1_77' title='bbox 455 719 522 739; x_wconf 86' lang='lat' dir='ltr'>non</span> <span class='ocrx_word' id='word_1_78' title='bbox 531 709 668 738; x_wconf 82' lang='lat' dir='ltr'>solvitur</span> <span class='ocrx_word' id='word_1_79' title='bbox 679 707 721 737; x_wconf 85' lang='lat' dir='ltr'>ad</span> <span class='ocrx_word' id='word_1_80' title='bbox 733 707 834 743; x_wconf 84' lang='lat' dir='ltr'>diem,</span> <span class='ocrx_word' id='word_1_81' title='bbox 847 707 943 737; x_wconf 81' lang='lat' dir='ltr'>adeo-</span> 
     </span>
     <span class='ocr_line' id='line_1_17' title="bbox 220 751 943 792; baseline -0.004 -10"><span class='ocrx_word' id='word_1_82' title='bbox 220 763 284 792; x_wconf 85' lang='lat' dir='ltr'>que</span> <span class='ocrx_word' id='word_1_83' title='bbox 308 752 532 783; x_wconf 84' lang='lat' dir='ltr'>destituimur.</span> <span class='ocrx_word' id='word_1_84' title='bbox 556 751 643 782; x_wconf 60' lang='lat' dir='ltr'>*Oin</span> <span class='ocrx_word' id='word_1_85' title='bbox 667 755 718 785; x_wconf 85' lang='lat'>59.</span> <span class='ocrx_word' id='word_1_86' title='bbox 751 751 943 780; x_wconf 72' lang='lat' dir='ltr'>confestim-</span> 
     </span>
     <span class='ocr_line' id='line_1_18' title="bbox 220 795 942 835; baseline -0.004 -9"><span class='ocrx_word' id='word_1_87' title='bbox 220 806 283 835; x_wconf 84' lang='lat' dir='ltr'>que</span> <span class='ocrx_word' id='word_1_88' title='bbox 307 796 406 826; x_wconf 73' lang='lat' dir='ltr'>verba</span> <span class='ocrx_word' id='word_1_89' title='bbox 427 800 642 827; x_wconf 79' lang='lat' dir='ltr'>concurrunt,-</span> <span class='ocrx_word' id='word_1_90' title='bbox 668 795 688 824; x_wconf 89' lang='lat' dir='ltr'>i.</span> <span class='ocrx_word' id='word_1_91' title='bbox 706 805 735 824; x_wconf 88' lang='lat' dir='ltr'>e.</span> <span class='ocrx_word' id='word_1_92' title='bbox 751 804 811 824; x_wconf 80' lang='lat' dir='ltr'>sua.</span> <span class='ocrx_word' id='word_1_93' title='bbox 825 798 942 834; x_wconf 82' lang='lat' dir='ltr'>sponte</span> 
     </span>
     <span class='ocr_line' id='line_1_19' title="bbox 219 838 942 876; baseline -0.004 -7"><span class='ocrx_word' id='word_1_94' title='bbox 219 846 400 870; x_wconf 89' lang='lat' dir='ltr'>occurrunt</span> <span class='ocrx_word' id='word_1_95' title='bbox 423 840 547 876; x_wconf 83' lang='lat' dir='ltr'>auimo,</span> <span class='ocrx_word' id='word_1_96' title='bbox 572 839 605 868; x_wconf 86' lang='lat' dir='ltr'>in</span> <span class='ocrx_word' id='word_1_97' title='bbox 631 844 780 868; x_wconf 81' lang='lat' dir='ltr'>mentem</span> <span class='ocrx_word' id='word_1_98' title='bbox 804 838 942 868; x_wconf 82' lang='lat' dir='ltr'>veniunt</span> 
     </span>
     <span class='ocr_line' id='line_1_20' title="bbox 221 881 749 923; baseline -0.006 -10"><span class='ocrx_word' id='word_1_99' title='bbox 221 883 345 913; x_wconf 85' lang='lat' dir='ltr'>dicenti</span> <span class='ocrx_word' id='word_1_100' title='bbox 361 887 396 913; x_wconf 78' lang='lat' dir='ltr'>et</span> <span class='ocrx_word' id='word_1_101' title='bbox 410 893 444 912; x_wconf 85' lang='lat' dir='ltr'>se</span> <span class='ocrx_word' id='word_1_102' title='bbox 461 884 532 923; x_wconf 74' lang='lat' dir='ltr'>ipsa</span> <span class='ocrx_word' id='word_1_103' title='bbox 546 883 576 912; x_wconf 89' lang='lat' dir='ltr'>ei</span> <span class='ocrx_word' id='word_1_104' title='bbox 593 881 749 912; x_wconf 80' lang='lat' dir='ltr'>offerunt.</span> 
     </span>
     <span class='ocr_line' id='line_1_21' title="bbox 270 923 943 965; baseline -0.007 -8"><span class='ocrx_word' id='word_1_105' title='bbox 270 927 477 963; x_wconf 57' lang='lat' dir='ltr'>concursare,</span> <span class='ocrx_word' id='word_1_106' title='bbox 495 926 534 955; x_wconf 91' lang='lat' dir='ltr'>de</span> <span class='ocrx_word' id='word_1_107' title='bbox 550 925 704 965; x_wconf 83' lang='lat' dir='ltr'>singulis,</span> <span class='ocrx_word' id='word_1_108' title='bbox 718 925 805 954; x_wconf 85' lang='lat' dir='ltr'>vario</span> <span class='ocrx_word' id='word_1_109' title='bbox 817 923 943 962; x_wconf 85' lang='lat' dir='ltr'>signifi-</span> 
     </span>
     <span class='ocr_line' id='line_1_22' title="bbox 221 967 942 1007; baseline -0.006 -8"><span class='ocrx_word' id='word_1_110' title='bbox 221 975 309 1000; x_wconf 86' lang='lat' dir='ltr'>catu.</span> <span class='ocrx_word' id='word_1_111' title='bbox 340 971 435 1001; x_wconf 72' lang='lat' dir='ltr'>Rosc.</span> <span class='ocrx_word' id='word_1_112' title='bbox 459 971 532 999; x_wconf 81' lang='lat' dir='ltr'>Am.</span> <span class='ocrx_word' id='word_1_113' title='bbox 555 971 607 1003; x_wconf 69' lang='lat'>29.</span> <span class='ocrx_word' id='word_1_114' title='bbox 636 969 692 1007; x_wconf 82' lang='lat' dir='ltr'>qui</span> <span class='ocrx_word' id='word_1_115' title='bbox 708 973 782 998; x_wconf 87' lang='lat' dir='ltr'>tum</span> <span class='ocrx_word' id='word_1_116' title='bbox 799 967 867 997; x_wconf 77' lang='lat' dir='ltr'>dies</span> <span class='ocrx_word' id='word_1_117' title='bbox 885 977 942 996; x_wconf 90' lang='lat' dir='ltr'>no-</span> 
     </span>
     <span class='ocr_line' id='line_1_23' title="bbox 222 1010 943 1052; baseline -0.006 -9"><span class='ocrx_word' id='word_1_118' title='bbox 222 1018 356 1052; x_wconf 82' lang='lat' dir='ltr'>ctesque</span> <span class='ocrx_word' id='word_1_119' title='bbox 380 1014 500 1043; x_wconf 83' lang='lat' dir='ltr'>armati</span> <span class='ocrx_word' id='word_1_120' title='bbox 522 1013 763 1042; x_wconf 76' lang='lat' dir='ltr'>concursabant.</span> <span class='ocrx_word' id='word_1_121' title='bbox 795 1010 888 1040; x_wconf 74' lang='lat' dir='ltr'>verr.</span> <span class='ocrx_word' id='word_1_122' title='bbox 913 1019 943 1039; x_wconf 79' lang='lat' dir='ltr'>v,</span> 
     </span>
     <span class='ocr_line' id='line_1_24' title="bbox 222 1056 944 1096; baseline -0.007 -9"><span class='ocrx_word' id='word_1_123' title='bbox 222 1059 274 1087; x_wconf 88' lang='grc'>31.</span> <span class='ocrx_word' id='word_1_124' title='bbox 304 1064 459 1096; x_wconf 80' lang='lat' dir='ltr'>praetores</span> <span class='ocrx_word' id='word_1_125' title='bbox 482 1056 572 1085; x_wconf 84' lang='lat' dir='ltr'>obire</span> <span class='ocrx_word' id='word_1_126' title='bbox 596 1056 799 1095; x_wconf 79' lang='lat' dir='ltr'>provinciam</span> <span class='ocrx_word' id='word_1_127' title='bbox 823 1058 857 1084; x_wconf 89' lang='lat' dir='ltr'>et</span> <span class='ocrx_word' id='word_1_128' title='bbox 871 1063 944 1083; x_wconf 82' lang='lat' dir='ltr'>con-</span> 
     </span>
     <span class='ocr_line' id='line_1_25' title="bbox 220 1099 944 1130; baseline -0.006 0"><span class='ocrx_word' id='word_1_129' title='bbox 220 1110 359 1130; x_wconf 76' lang='lat' dir='ltr'>cursare</span> <span class='ocrx_word' id='word_1_130' title='bbox 390 1104 644 1130; x_wconf 76' lang='lat' dir='ltr'>consueverunt.</span> <span class='ocrx_word' id='word_1_131' title='bbox 679 1099 758 1128; x_wconf 82' lang='lat' dir='ltr'><strong>ibid.</strong></span> <span class='ocrx_word' id='word_1_132' title='bbox 788 1099 836 1128; x_wconf 74' lang='lat'>1⁴2.</span> <span class='ocrx_word' id='word_1_133' title='bbox 867 1106 944 1127; x_wconf 84' lang='lat' dir='ltr'>cum</span> 
     </span>
     <span class='ocr_line' id='line_1_26' title="bbox 222 1141 945 1182; baseline -0.006 -9"><span class='ocrx_word' id='word_1_134' title='bbox 222 1147 414 1174; x_wconf 73' lang='lat' dir='ltr'>concursant</span> <span class='ocrx_word' id='word_1_135' title='bbox 438 1143 539 1172; x_wconf 85' lang='lat' dir='ltr'>ceteri</span> <span class='ocrx_word' id='word_1_136' title='bbox 563 1146 738 1182; x_wconf 68' lang='lat' dir='ltr'>px-aetores:</span> <span class='ocrx_word' id='word_1_137' title='bbox 772 1141 804 1171; x_wconf 88' lang='lat' dir='ltr'>h.</span> <span class='ocrx_word' id='word_1_138' title='bbox 822 1152 850 1170; x_wconf 90' lang='lat' dir='ltr'>e.</span> <span class='ocrx_word' id='word_1_139' title='bbox 867 1150 945 1170; x_wconf 84' lang='lat' dir='ltr'>cum</span> 
     </span>
     <span class='ocr_line' id='line_1_27' title="bbox 223 1183 946 1227; baseline -0.004 -11"><span class='ocrx_word' id='word_1_140' title='bbox 223 1192 402 1227; x_wconf 73' lang='lat' dir='ltr'>peragrant</span> <span class='ocrx_word' id='word_1_141' title='bbox 428 1187 644 1226; x_wconf 75' lang='lat' dir='ltr'>provinciam,</span> <span class='ocrx_word' id='word_1_142' title='bbox 662 1186 788 1215; x_wconf 87' lang='lat' dir='ltr'>obeunt</span> <span class='ocrx_word' id='word_1_143' title='bbox 812 1183 885 1214; x_wconf 80' lang='lat' dir='ltr'>fora</span> <span class='ocrx_word' id='word_1_144' title='bbox 911 1190 946 1213; x_wconf 79' lang='lat' dir='ltr'>et</span> 
     </span>
     <span class='ocr_line' id='line_1_28' title="bbox 218 1230 671 1270; baseline -0.004 -10"><span class='ocrx_word' id='word_1_145' title='bbox 218 1230 488 1270; x_wconf 78' lang='lat' dir='ltr'>jurisdictionem</span> <span class='ocrx_word' id='word_1_146' title='bbox 505 1233 671 1259; x_wconf 73' lang='lat' dir='ltr'>exercent.</span> 
     </span>
     <span class='ocr_line' id='line_1_29' title="bbox 272 1270 945 1309; baseline -0.007 -5"><span class='ocrx_word' id='word_1_147' title='bbox 272 1275 484 1304; x_wconf 58' lang='lat' dir='ltr'>(hnc-ursatio.</span> <span class='ocrx_word' id='word_1_148' title='bbox 515 1273 679 1309; x_wconf 71' lang='lat' dir='ltr'>studium,</span> <span class='ocrx_word' id='word_1_149' title='bbox 695 1271 868 1302; x_wconf 79' lang='lat' dir='ltr'>contentio</span> <span class='ocrx_word' id='word_1_150' title='bbox 884 1270 945 1300; x_wconf 85' lang='lat' dir='ltr'>eti-</span> 
     </span>
    </p>
   </div>
   <div class='ocr_carea' id='block_1_5' title="bbox 222 1315 945 1356">
    <p class='ocr_par' dir='ltr' id='par_1_5' title="bbox 222 1315 958 1356">
     <span class='ocr_line' id='line_1_30' title="bbox 222 1315 945 1356; baseline -0.005 -8"><span class='ocrx_word' id='word_1_151' title='bbox 222 1327 276 1348; x_wconf 86' lang='lat' dir='ltr'>am</span> <span class='ocrx_word' id='word_1_152' title='bbox 316 1318 525 1356; x_wconf 71' lang='lat' dir='ltr'>singulorum</span> <span class='ocrx_word' id='word_1_153' title='bbox 555 1316 741 1346; x_wconf 79' lang='lat' dir='ltr'>hominum.</span> <span class='ocrx_word' id='word_1_154' title='bbox 781 1315 863 1345; x_wconf 68' lang='lat' dir='ltr'>Suu.</span> <span class='ocrx_word' id='word_1_155' title='bbox 893 1316 945 1345; x_wconf 69' lang='lat'>23.</span> 
     </span>
    </p>
   </div>
   <div class='ocr_carea' id='block_1_6' title="bbox 221 1358 955 2921">
    <p class='ocr_par' dir='ltr' id='par_1_6' title="bbox 221 1358 950 1919">
     <span class='ocr_line' id='line_1_31' title="bbox 223 1358 946 1400; baseline -0.007 -9"><span class='ocrx_word' id='word_1_156' title='bbox 223 1362 294 1400; x_wconf 88' lang='lat' dir='ltr'>ejus</span> <span class='ocrx_word' id='word_1_157' title='bbox 317 1362 524 1391; x_wconf 61' lang='lat' dir='ltr'>eonem-:casio</span> <span class='ocrx_word' id='word_1_158' title='bbox 555 1359 596 1389; x_wconf 81' lang='lat' dir='ltr'>ad</span> <span class='ocrx_word' id='word_1_159' title='bbox 619 1361 694 1390; x_wconf 83' lang='lat' dir='ltr'>Div.</span> <span class='ocrx_word' id='word_1_160' title='bbox 712 1360 732 1388; x_wconf 84' lang='lat' dir='ltr'>i.</span> <span class='ocrx_word' id='word_1_161' title='bbox 753 1362 779 1388; x_wconf 89' lang='grc'>1.</span> <span class='ocrx_word' id='word_1_162' title='bbox 811 1358 946 1388; x_wconf 84' lang='lat' dir='ltr'>Libonis</span> 
     </span>
     <span class='ocr_line' id='line_1_32' title="bbox 224 1403 948 1444; baseline -0.006 -10"><span class='ocrx_word' id='word_1_163' title='bbox 224 1409 261 1434; x_wconf 88' lang='lat' dir='ltr'>et</span> <span class='ocrx_word' id='word_1_164' title='bbox 285 1404 419 1444; x_wconf 75' lang='lat' dir='ltr'>Hypsaei</span> <span class='ocrx_word' id='word_1_165' title='bbox 442 1413 509 1434; x_wconf 86' lang='lat' dir='ltr'>non</span> <span class='ocrx_word' id='word_1_166' title='bbox 533 1404 673 1433; x_wconf 81' lang='lat' dir='ltr'>obseura</span> <span class='ocrx_word' id='word_1_167' title='bbox 694 1403 891 1433; x_wconf 56' lang='lat' dir='ltr'>concursatio</span> <span class='ocrx_word' id='word_1_168' title='bbox 913 1404 948 1430; x_wconf 90' lang='lat' dir='ltr'>et</span> 
     </span>
     <span class='ocr_line' id='line_1_33' title="bbox 223 1446 948 1487; baseline -0.004 -10"><span class='ocrx_word' id='word_1_169' title='bbox 223 1449 406 1478; x_wconf 78' lang='lat' dir='ltr'>contemio.</span> <span class='ocrx_word' id='word_1_170' title='bbox 438 1448 497 1477; x_wconf 55' lang='lat' dir='ltr'>&amp;a</span> <span class='ocrx_word' id='word_1_171' title='bbox 521 1446 630 1487; x_wconf 60' lang='lat' dir='ltr'>*Agn</span> <span class='ocrx_word' id='word_1_172' title='bbox 653 1447 674 1476; x_wconf 90' lang='lat' dir='ltr'>i.</span> <span class='ocrx_word' id='word_1_173' title='bbox 691 1449 721 1477; x_wconf 85' lang='lat'>3.</span> <span class='ocrx_word' id='word_1_174' title='bbox 751 1446 948 1476; x_wconf 66' lang='lat' dir='ltr'>concursatio</span> 
     </span>
     <span class='ocr_line' id='line_1_34' title="bbox 224 1488 948 1530; baseline -0.006 -9"><span class='ocrx_word' id='word_1_175' title='bbox 224 1491 463 1528; x_wconf 72' lang='lat' dir='ltr'>decemviralis,</span> <span class='ocrx_word' id='word_1_176' title='bbox 474 1491 513 1520; x_wconf 89' lang='lat' dir='ltr'>de</span> <span class='ocrx_word' id='word_1_177' title='bbox 525 1490 755 1530; x_wconf 77' lang='lat' dir='ltr'>peragratione</span> <span class='ocrx_word' id='word_1_178' title='bbox 765 1488 948 1528; x_wconf 77' lang='lat' dir='ltr'>provincia-</span> 
     </span>
     <span class='ocr_line' id='line_1_35' title="bbox 224 1532 947 1573; baseline -0.004 -9"><span class='ocrx_word' id='word_1_179' title='bbox 224 1544 299 1565; x_wconf 85' lang='lat' dir='ltr'>rum</span> <span class='ocrx_word' id='word_1_180' title='bbox 324 1545 343 1564; x_wconf 84' lang='lat' dir='ltr'>a</span> <span class='ocrx_word' id='word_1_181' title='bbox 365 1535 473 1564; x_wconf 66' lang='lat' dir='ltr'>xviris</span> <span class='ocrx_word' id='word_1_182' title='bbox 489 1533 710 1573; x_wconf 74' lang='lat' dir='ltr'>suscipienda.</span> <span class='ocrx_word' id='word_1_183' title='bbox 735 1532 947 1568; x_wconf 45' lang='lat' dir='ltr'>*tumultuffi</span> 
     </span>
     <span class='ocr_line' id='line_1_36' title="bbox 224 1577 947 1616; baseline -0.004 -8"><span class='ocrx_word' id='word_1_184' title='bbox 224 1578 360 1608; x_wconf 82' lang='lat' dir='ltr'>auflauf.</span> <span class='ocrx_word' id='word_1_185' title='bbox 385 1579 484 1609; x_wconf 74' lang='lat' dir='ltr'>Doni.</span> <span class='ocrx_word' id='word_1_186' title='bbox 501 1579 530 1607; x_wconf 76' lang='lat'>6.</span> <span class='ocrx_word' id='word_1_187' title='bbox 555 1577 750 1607; x_wconf 68' lang='lat' dir='ltr'>eonem-satio</span> <span class='ocrx_word' id='word_1_188' title='bbox 766 1585 947 1616; x_wconf 88' lang='lat' dir='ltr'>puerorum</span> 
     </span>
     <span class='ocr_line' id='line_1_37' title="bbox 225 1619 948 1658; baseline -0.006 -6"><span class='ocrx_word' id='word_1_189' title='bbox 225 1628 401 1652; x_wconf 85' lang='lat' dir='ltr'>nocturna.</span> <span class='ocrx_word' id='word_1_190' title='bbox 431 1622 538 1652; x_wconf 50' lang='lat' dir='ltr'>*Dim</span> <span class='ocrx_word' id='word_1_191' title='bbox 563 1622 597 1650; x_wconf 91' lang='lat' dir='ltr'>ii.</span> <span class='ocrx_word' id='word_1_192' title='bbox 623 1624 674 1654; x_wconf 70' lang='grc' dir='ltr'>ῙΙ.</span> <span class='ocrx_word' id='word_1_193' title='bbox 706 1620 798 1656; x_wconf 87' lang='lat' dir='ltr'>cedo,</span> <span class='ocrx_word' id='word_1_194' title='bbox 823 1619 880 1658; x_wconf 88' lang='lat' dir='ltr'>qui</span> <span class='ocrx_word' id='word_1_195' title='bbox 904 1619 948 1649; x_wconf 87' lang='lat' dir='ltr'>sit</span> 
     </span>
     <span class='ocr_line' id='line_1_38' title="bbox 223 1664 946 1704; baseline -0.004 -9"><span class='ocrx_word' id='word_1_196' title='bbox 223 1665 304 1696; x_wconf 89' lang='lat' dir='ltr'>ordo</span> <span class='ocrx_word' id='word_1_197' title='bbox 331 1672 390 1695; x_wconf 87' lang='lat' dir='ltr'>aut</span> <span class='ocrx_word' id='word_1_198' title='bbox 413 1675 486 1704; x_wconf 75' lang='lat' dir='ltr'>quae</span> <span class='ocrx_word' id='word_1_199' title='bbox 509 1666 707 1694; x_wconf 62' lang='lat' dir='ltr'>concursatio</span> <span class='ocrx_word' id='word_1_200' title='bbox 730 1664 946 1697; x_wconf 80' lang='lat' dir='ltr'>somniorum.</span> 
     </span>
     <span class='ocr_line' id='line_1_39' title="bbox 221 1707 948 1743; baseline -0.006 -4"><span class='ocrx_word' id='word_1_201' title='bbox 221 1709 349 1739; x_wconf 55' lang='lat' dir='ltr'>*Brut</span> <span class='ocrx_word' id='word_1_202' title='bbox 372 1709 424 1743; x_wconf 84' lang='lat'>69.</span> <span class='ocrx_word' id='word_1_203' title='bbox 450 1709 486 1738; x_wconf 88' lang='lat' dir='ltr'>C.</span> <span class='ocrx_word' id='word_1_204' title='bbox 512 1708 811 1737; x_wconf 68' lang='lat' dir='ltr'>Cosconius—eain</span> <span class='ocrx_word' id='word_1_205' title='bbox 834 1707 948 1736; x_wconf 77' lang='lat' dir='ltr'>verbo-</span> 
     </span>
     <span class='ocr_line' id='line_1_40' title="bbox 224 1750 950 1792; baseline -0.006 -9"><span class='ocrx_word' id='word_1_206' title='bbox 224 1763 299 1783; x_wconf 85' lang='lat' dir='ltr'>rum</span> <span class='ocrx_word' id='word_1_207' title='bbox 335 1752 677 1792; x_wconf 65' lang='lat' dir='ltr'>copiam—praebebat</span> <span class='ocrx_word' id='word_1_208' title='bbox 710 1750 844 1790; x_wconf 78' lang='lat' dir='ltr'>populo,</span> <span class='ocrx_word' id='word_1_209' title='bbox 871 1760 950 1780; x_wconf 84' lang='lat' dir='ltr'>cum</span> 
     </span>
     <span class='ocr_line' id='line_1_41' title="bbox 225 1787 950 1831; baseline -0.004 -5"><span class='ocrx_word' id='word_1_210' title='bbox 225 1797 335 1826; x_wconf 68' lang='lat' dir='ltr'>multa</span> <span class='ocrx_word' id='word_1_211' title='bbox 357 1797 593 1826; x_wconf 73' lang='lat' dir='ltr'>concursatione</span> <span class='ocrx_word' id='word_1_212' title='bbox 611 1798 645 1824; x_wconf 85' lang='lat' dir='ltr'>et</span> <span class='ocrx_word' id='word_1_213' title='bbox 665 1795 830 1831; x_wconf 79' lang='lat' dir='ltr'>clamorc3</span> <span class='ocrx_word' id='word_1_214' title='bbox 863 1793 895 1823; x_wconf 92' lang='lat' dir='ltr'>h.</span> <span class='ocrx_word' id='word_1_215' title='bbox 919 1787 950 1823; x_wconf 54' lang='lat' dir='ltr'>e:</span> 
     </span>
     <span class='ocr_line' id='line_1_42' title="bbox 225 1838 950 1879; baseline -0.004 -10"><span class='ocrx_word' id='word_1_216' title='bbox 225 1846 265 1870; x_wconf 88' lang='lat' dir='ltr'>ut</span> <span class='ocrx_word' id='word_1_217' title='bbox 281 1839 422 1879; x_wconf 80' lang='lat' dir='ltr'>populus</span> <span class='ocrx_word' id='word_1_218' title='bbox 437 1844 642 1870; x_wconf 67' lang='lat' dir='ltr'>concursat-et</span> <span class='ocrx_word' id='word_1_219' title='bbox 657 1838 699 1868; x_wconf 83' lang='lat' dir='ltr'>ad</span> <span class='ocrx_word' id='word_1_220' title='bbox 715 1848 792 1868; x_wconf 82' lang='lat' dir='ltr'>euni</span> <span class='ocrx_word' id='word_1_221' title='bbox 813 1838 950 1867; x_wconf 78' lang='lat' dir='ltr'>audien-</span> 
     </span>
     <span class='ocr_line' id='line_1_43' title="bbox 224 1883 697 1919; baseline -0.006 -5"><span class='ocrx_word' id='word_1_222' title='bbox 224 1884 318 1919; x_wconf 89' lang='lat' dir='ltr'>dum,</span> <span class='ocrx_word' id='word_1_223' title='bbox 335 1886 370 1912; x_wconf 85' lang='lat' dir='ltr'>et</span> <span class='ocrx_word' id='word_1_224' title='bbox 383 1883 543 1913; x_wconf 84' lang='lat' dir='ltr'>clamores</span> <span class='ocrx_word' id='word_1_225' title='bbox 562 1883 697 1912; x_wconf 78' lang='lat' dir='ltr'>faceret.</span> 
     </span>
    </p>

    <p class='ocr_par' dir='ltr' id='par_1_7' title="bbox 224 1923 949 2087">
     <span class='ocr_line' id='line_1_44' title="bbox 274 1923 949 1963; baseline -0.007 -6"><span class='ocrx_word' id='word_1_226' title='bbox 274 1926 450 1957; x_wconf 73' lang='lat' dir='ltr'>Com-ursio.</span> <span class='ocrx_word' id='word_1_227' title='bbox 482 1926 574 1957; x_wconf 78' lang='lat' dir='ltr'>verr.</span> <span class='ocrx_word' id='word_1_228' title='bbox 605 1926 625 1955; x_wconf 88' lang='lat' dir='ltr'>i.</span> <span class='ocrx_word' id='word_1_229' title='bbox 657 1928 710 1956; x_wconf 85' lang='lat'>30.</span> <span class='ocrx_word' id='word_1_230' title='bbox 740 1924 819 1963; x_wconf 84' lang='lat' dir='ltr'>quid</span> <span class='ocrx_word' id='word_1_231' title='bbox 850 1923 949 1963; x_wconf 79' lang='lat' dir='ltr'>hujus</span> 
     </span>
     <span class='ocr_line' id='line_1_45' title="bbox 227 1968 948 2010; baseline -0.004 -10"><span class='ocrx_word' id='word_1_232' title='bbox 227 1970 386 2010; x_wconf 78' lang='lat' dir='ltr'>lacrymas</span> <span class='ocrx_word' id='word_1_233' title='bbox 403 1974 438 2000; x_wconf 83' lang='lat' dir='ltr'>et</span> <span class='ocrx_word' id='word_1_234' title='bbox 452 1970 668 2000; x_wconf 65' lang='lat' dir='ltr'>concursu‘nes</span> <span class='ocrx_word' id='word_1_235' title='bbox 685 1968 866 2008; x_wconf 70' lang='lat' dir='ltr'>proferam:</span> <span class='ocrx_word' id='word_1_236' title='bbox 895 1968 948 1997; x_wconf 86' lang='lat' dir='ltr'>ubi</span> 
     </span>
     <span class='ocr_line' id='line_1_46' title="bbox 224 2013 949 2044; baseline -0.004 -1"><span class='ocrx_word' id='word_1_237' title='bbox 224 2014 460 2044; x_wconf 82' lang='lat' dir='ltr'>Hotomannus</span> <span class='ocrx_word' id='word_1_238' title='bbox 482 2013 628 2043; x_wconf 71' lang='lat' dir='ltr'>malebat</span> <span class='ocrx_word' id='word_1_239' title='bbox 642 2013 902 2042; x_wconf 56' lang='lat' dir='ltr'>concursatione&amp;</span> <span class='ocrx_word' id='word_1_240' title='bbox 920 2021 949 2041; x_wconf 91' lang='lat' dir='ltr'>v.</span> 
     </span>
     <span class='ocr_line' id='line_1_47' title="bbox 226 2067 427 2087; baseline 0 0"><span class='ocrx_word' id='word_1_241' title='bbox 226 2067 427 2087; x_wconf 80' lang='lat' dir='ltr'>concurrere.</span> 
     </span>
    </p>

    <p class='ocr_par' dir='ltr' id='par_1_8' title="bbox 225 2098 953 2609">
     <span class='ocr_line' id='line_1_48' title="bbox 275 2098 950 2137; baseline -0.004 -6"><span class='ocrx_word' id='word_1_242' title='bbox 275 2100 463 2137; x_wconf 77' lang='lat' dir='ltr'>Concursus,</span> <span class='ocrx_word' id='word_1_243' title='bbox 494 2099 677 2136; x_wconf 81' lang='lat' dir='ltr'>tumultus,</span> <span class='ocrx_word' id='word_1_244' title='bbox 701 2098 838 2129; x_wconf 81' lang='lat' dir='ltr'>auflauf.</span> <span class='ocrx_word' id='word_1_245' title='bbox 868 2098 950 2128; x_wconf 86' lang='lat' dir='ltr'>Sull.</span> 
     </span>
     <span class='ocr_line' id='line_1_49' title="bbox 227 2142 950 2184; baseline -0.004 -10"><span class='ocrx_word' id='word_1_246' title='bbox 227 2147 258 2175; x_wconf 89' lang='lat'>5.</span> <span class='ocrx_word' id='word_1_247' title='bbox 281 2144 440 2184; x_wconf 86' lang='lat' dir='ltr'>lapidatio</span> <span class='ocrx_word' id='word_1_248' title='bbox 463 2150 562 2182; x_wconf 86' lang='lat' dir='ltr'>atque</span> <span class='ocrx_word' id='word_1_249' title='bbox 586 2153 767 2173; x_wconf 70' lang='lat' dir='ltr'>concursus.</span> <span class='ocrx_word' id='word_1_250' title='bbox 807 2142 904 2172; x_wconf 58' lang='lat' dir='ltr'>Catil.</span> <span class='ocrx_word' id='word_1_251' title='bbox 929 2143 950 2171; x_wconf 92' lang='lat' dir='ltr'>i.</span> 
     </span>
     <span class='ocr_line' id='line_1_50' title="bbox 230 2185 952 2218; baseline -0.004 0"><span class='ocrx_word' id='word_1_252' title='bbox 230 2190 258 2218; x_wconf 92' lang='lat' dir='ltr'>l.</span> <span class='ocrx_word' id='word_1_253' title='bbox 291 2197 461 2218; x_wconf 74' lang='lat' dir='ltr'>concursus</span> <span class='ocrx_word' id='word_1_254' title='bbox 486 2187 659 2217; x_wconf 81' lang='lat' dir='ltr'>bonorum.</span> <span class='ocrx_word' id='word_1_255' title='bbox 693 2186 782 2216; x_wconf 84' lang='lat' dir='ltr'>Hinc</span> <span class='ocrx_word' id='word_1_256' title='bbox 810 2190 845 2215; x_wconf 88' lang='lat' dir='ltr'>ct</span> <span class='ocrx_word' id='word_1_257' title='bbox 869 2185 952 2215; x_wconf 86' lang='lat' dir='ltr'>illud</span> 
     </span>
     <span class='ocr_line' id='line_1_51' title="bbox 226 2230 951 2269; baseline -0.004 -8"><span class='ocrx_word' id='word_1_258' title='bbox 226 2231 327 2261; x_wconf 87' lang='lat' dir='ltr'>Acad.</span> <span class='ocrx_word' id='word_1_259' title='bbox 345 2231 385 2261; x_wconf 85' lang='lat' dir='ltr'>iv.</span> <span class='ocrx_word' id='word_1_260' title='bbox 404 2233 456 2262; x_wconf 66' lang='lat'>2⁶2.</span> <span class='ocrx_word' id='word_1_261' title='bbox 483 2231 648 2260; x_wconf 80' lang='lat' dir='ltr'>sustinere</span> <span class='ocrx_word' id='word_1_262' title='bbox 673 2239 739 2259; x_wconf 85' lang='lat' dir='ltr'>non</span> <span class='ocrx_word' id='word_1_263' title='bbox 757 2230 865 2269; x_wconf 76' lang='lat' dir='ltr'>potuit</span> <span class='ocrx_word' id='word_1_264' title='bbox 880 2239 951 2259; x_wconf 71' lang='lat' dir='ltr'>con-</span> 
     </span>
     <span class='ocr_line' id='line_1_52' title="bbox 225 2273 950 2313; baseline -0.004 -8"><span class='ocrx_word' id='word_1_265' title='bbox 225 2285 360 2305; x_wconf 83' lang='lat' dir='ltr'>cursum</span> <span class='ocrx_word' id='word_1_266' title='bbox 398 2275 549 2304; x_wconf 68' lang='lat' dir='ltr'>oninium</span> <span class='ocrx_word' id='word_1_267' title='bbox 590 2273 872 2313; x_wconf 71' lang='lat' dir='ltr'>philosophorum,</span> <span class='ocrx_word' id='word_1_268' title='bbox 905 2282 950 2302; x_wconf 88' lang='lat' dir='ltr'>sc.</span> 
     </span>
     <span class='ocr_line' id='line_1_53' title="bbox 225 2316 951 2357; baseline -0.006 -8"><span class='ocrx_word' id='word_1_269' title='bbox 225 2325 344 2349; x_wconf 76' lang='lat' dir='ltr'>contra</span> <span class='ocrx_word' id='word_1_270' title='bbox 354 2317 611 2357; x_wconf 73' lang='lat' dir='ltr'>disputantium.</span> <span class='ocrx_word' id='word_1_271' title='bbox 634 2317 652 2334; x_wconf 33' lang='grc' dir='ltr'>ᾗ</span> <span class='ocrx_word' id='word_1_272' title='bbox 665 2321 844 2347; x_wconf 72' lang='lat' dir='ltr'>structura.</span> <span class='ocrx_word' id='word_1_273' title='bbox 858 2316 951 2346; x_wconf 83' lang='lat' dir='ltr'><strong>Orat.</strong></span> 
     </span>
     <span class='ocr_line' id='line_1_54' title="bbox 227 2359 952 2392; baseline -0.003 0"><span class='ocrx_word' id='word_1_274' title='bbox 227 2362 274 2392; x_wconf 88' lang='lat' dir='ltr'>iii.</span> <span class='ocrx_word' id='word_1_275' title='bbox 310 2364 363 2392; x_wconf 79' lang='lat'>43.</span> <span class='ocrx_word' id='word_1_276' title='bbox 401 2370 574 2391; x_wconf 63' lang='lat' dir='ltr'>concursus</span> <span class='ocrx_word' id='word_1_277' title='bbox 605 2361 778 2390; x_wconf 79' lang='lat' dir='ltr'>verborum</span> <span class='ocrx_word' id='word_1_278' title='bbox 809 2359 952 2390; x_wconf 77' lang='lat' dir='ltr'>hiulcus.</span> 
     </span>
     <span class='ocr_line' id='line_1_55' title="bbox 227 2403 950 2441; baseline -0.006 -5"><span class='ocrx_word' id='word_1_279' title='bbox 227 2406 373 2436; x_wconf 57' lang='lat' dir='ltr'>*Deion</span> <span class='ocrx_word' id='word_1_280' title='bbox 410 2408 456 2435; x_wconf 73' lang='lat' dir='ltr'>lt).</span> <span class='ocrx_word' id='word_1_281' title='bbox 487 2414 657 2434; x_wconf 78' lang='lat' dir='ltr'>concursus</span> <span class='ocrx_word' id='word_1_282' title='bbox 682 2403 805 2440; x_wconf 77' lang='lat' dir='ltr'>facere,</span> <span class='ocrx_word' id='word_1_283' title='bbox 833 2404 872 2433; x_wconf 89' lang='lat' dir='ltr'>de</span> <span class='ocrx_word' id='word_1_284' title='bbox 900 2413 950 2441; x_wconf 88' lang='lat' dir='ltr'>eo,</span> 
     </span>
     <span class='ocr_line' id='line_1_56' title="bbox 226 2447 953 2488; baseline -0.004 -10"><span class='ocrx_word' id='word_1_285' title='bbox 226 2459 294 2488; x_wconf 85' lang='lat' dir='ltr'>quo</span> <span class='ocrx_word' id='word_1_286' title='bbox 317 2452 496 2488; x_wconf 85' lang='lat' dir='ltr'>conspecto</span> <span class='ocrx_word' id='word_1_287' title='bbox 517 2447 669 2477; x_wconf 73' lang='lat' dir='ltr'>homines</span> <span class='ocrx_word' id='word_1_288' title='bbox 690 2456 885 2477; x_wconf 86' lang='lat' dir='ltr'>concurrere</span> <span class='ocrx_word' id='word_1_289' title='bbox 902 2456 953 2476; x_wconf 91' lang='lat' dir='ltr'>so-</span> 
     </span>
     <span class='ocr_line' id='line_1_57' title="bbox 228 2491 953 2522; baseline -0.004 0"><span class='ocrx_word' id='word_1_290' title='bbox 228 2492 310 2522; x_wconf 84' lang='lat' dir='ltr'>lent.</span> <span class='ocrx_word' id='word_1_291' title='bbox 335 2492 354 2510; x_wconf 68' lang='lat'>*⁵</span> <span class='ocrx_word' id='word_1_292' title='bbox 367 2491 561 2521; x_wconf 82' lang='lat' dir='ltr'>multitudo.</span> <span class='ocrx_word' id='word_1_293' title='bbox 585 2491 625 2520; x_wconf 87' lang='lat' dir='ltr'>ad</span> <span class='ocrx_word' id='word_1_294' title='bbox 642 2491 718 2521; x_wconf 89' lang='lat' dir='ltr'>Div.</span> <span class='ocrx_word' id='word_1_295' title='bbox 734 2491 788 2520; x_wconf 82' lang='lat' dir='ltr'>vii.</span> <span class='ocrx_word' id='word_1_296' title='bbox 806 2494 859 2521; x_wconf 80' lang='lat'>33.</span> <span class='ocrx_word' id='word_1_297' title='bbox 882 2500 953 2520; x_wconf 72' lang='lat' dir='ltr'>con-</span> 
     </span>
     <span class='ocr_line' id='line_1_58' title="bbox 227 2534 952 2574; baseline -0.003 -9"><span class='ocrx_word' id='word_1_298' title='bbox 227 2546 341 2566; x_wconf 73' lang='lat' dir='ltr'>cursus</span> <span class='ocrx_word' id='word_1_299' title='bbox 362 2535 632 2574; x_wconf 84' lang='lat' dir='ltr'>occupationum.</span> <span class='ocrx_word' id='word_1_300' title='bbox 666 2534 736 2564; x_wconf 85' lang='lat' dir='ltr'>Fiu.</span> <span class='ocrx_word' id='word_1_301' title='bbox 754 2535 786 2563; x_wconf 88' lang='lat' dir='ltr'>ii.</span> <span class='ocrx_word' id='word_1_302' title='bbox 805 2536 857 2564; x_wconf 81' lang='lat'>34.</span> <span class='ocrx_word' id='word_1_303' title='bbox 881 2543 952 2564; x_wconf 81' lang='lat' dir='ltr'>con-</span> 
     </span>
     <span class='ocr_line' id='line_1_59' title="bbox 227 2577 882 2609; baseline -0.005 0"><span class='ocrx_word' id='word_1_304' title='bbox 227 2587 342 2609; x_wconf 77' lang='lat' dir='ltr'>cursus</span> <span class='ocrx_word' id='word_1_305' title='bbox 356 2578 667 2609; x_wconf 76' lang='lat' dir='ltr'>honestissimorum</span> <span class='ocrx_word' id='word_1_306' title='bbox 684 2577 882 2607; x_wconf 83' lang='lat' dir='ltr'>studiorum.</span> 
     </span>
    </p>

    <p class='ocr_par' dir='ltr' id='par_1_9' title="bbox 229 2621 955 2783">
     <span class='ocr_line' id='line_1_60' title="bbox 277 2621 954 2653; baseline -0.003 0"><span class='ocrx_word' id='word_1_307' title='bbox 277 2622 492 2653; x_wconf 66' lang='lat' dir='ltr'>andecemia.</span> <span class='ocrx_word' id='word_1_308' title='bbox 517 2622 574 2651; x_wconf 88' lang='lat' dir='ltr'>Or.</span> <span class='ocrx_word' id='word_1_309' title='bbox 591 2622 637 2651; x_wconf 91' lang='lat' dir='ltr'>iii.</span> <span class='ocrx_word' id='word_1_310' title='bbox 651 2623 703 2652; x_wconf 69' lang='lat'>52.</span> <span class='ocrx_word' id='word_1_311' title='bbox 730 2621 882 2650; x_wconf 81' lang='lat' dir='ltr'>Pearcius</span> <span class='ocrx_word' id='word_1_312' title='bbox 896 2631 954 2651; x_wconf 80' lang='lat' dir='ltr'>au-</span> 
     </span>
     <span class='ocr_line' id='line_1_61' title="bbox 229 2663 952 2697; baseline -0.004 -1"><span class='ocrx_word' id='word_1_313' title='bbox 229 2670 300 2697; x_wconf 84' lang='lat' dir='ltr'>tem</span> <span class='ocrx_word' id='word_1_314' title='bbox 324 2676 342 2695; x_wconf 85' lang='lat' dir='ltr'>e</span> <span class='ocrx_word' id='word_1_315' title='bbox 367 2665 469 2696; x_wconf 89' lang='lat' dir='ltr'>Codd.</span> <span class='ocrx_word' id='word_1_316' title='bbox 493 2665 588 2695; x_wconf 86' lang='lat' dir='ltr'>MSS.</span> <span class='ocrx_word' id='word_1_317' title='bbox 611 2665 760 2694; x_wconf 85' lang='lat' dir='ltr'>restituit</span> <span class='ocrx_word' id='word_1_318' title='bbox 783 2663 952 2694; x_wconf 84' lang='lat' dir='ltr'>decentia:</span> 
     </span>
     <span class='ocr_line' id='line_1_62' title="bbox 229 2707 955 2749; baseline -0.004 -10"><span class='ocrx_word' id='word_1_319' title='bbox 229 2709 319 2749; x_wconf 87' lang='lat' dir='ltr'>quod</span> <span class='ocrx_word' id='word_1_320' title='bbox 351 2709 434 2739; x_wconf 87' lang='lat' dir='ltr'>illud</span> <span class='ocrx_word' id='word_1_321' title='bbox 463 2709 590 2739; x_wconf 82' lang='lat' dir='ltr'>nuliam</span> <span class='ocrx_word' id='word_1_322' title='bbox 626 2708 862 2737; x_wconf 83' lang='lat' dir='ltr'>auctoritatem</span> <span class='ocrx_word' id='word_1_323' title='bbox 886 2707 955 2737; x_wconf 88' lang='lat' dir='ltr'>ido-</span> 
     </span>
     <span class='ocr_line' id='line_1_63' title="bbox 230 2752 455 2783; baseline -0.004 0"><span class='ocrx_word' id='word_1_324' title='bbox 230 2762 329 2783; x_wconf 86' lang='lat' dir='ltr'>neam</span> <span class='ocrx_word' id='word_1_325' title='bbox 344 2752 455 2782; x_wconf 79' lang='lat' dir='ltr'>habet.</span> 
     </span>
    </p>

    <p class='ocr_par' dir='ltr' id='par_1_10' title="bbox 227 2794 955 2921">
     <span class='ocr_line' id='line_1_64' title="bbox 280 2794 955 2828; baseline -0.003 -2"><span class='ocrx_word' id='word_1_326' title='bbox 280 2796 505 2827; x_wconf 76' lang='lat' dir='ltr'>Condemnure.</span> <span class='ocrx_word' id='word_1_327' title='bbox 534 2794 627 2824; x_wconf 68' lang='lat' dir='ltr'>verr.</span> <span class='ocrx_word' id='word_1_328' title='bbox 658 2804 688 2822; x_wconf 89' lang='lat' dir='ltr'>v.</span> <span class='ocrx_word' id='word_1_329' title='bbox 717 2794 770 2828; x_wconf 84' lang='lat'>69.</span> <span class='ocrx_word' id='word_1_330' title='bbox 803 2795 955 2824; x_wconf 76' lang='lat' dir='ltr'>omnium</span> 
     </span>
     <span class='ocr_line' id='line_1_65' title="bbox 230 2837 954 2874; baseline -0.004 -4"><span class='ocrx_word' id='word_1_331' title='bbox 230 2839 424 2870; x_wconf 82' lang='lat' dir='ltr'>mortalium</span> <span class='ocrx_word' id='word_1_332' title='bbox 448 2838 624 2869; x_wconf 76' lang='lat' dir='ltr'>sententiis</span> <span class='ocrx_word' id='word_1_333' title='bbox 648 2837 870 2874; x_wconf 70' lang='lat' dir='ltr'>condemnari,</span> <span class='ocrx_word' id='word_1_334' title='bbox 887 2840 908 2868; x_wconf 89' lang='lat' dir='ltr'>i.</span> <span class='ocrx_word' id='word_1_335' title='bbox 925 2848 954 2867; x_wconf 89' lang='lat' dir='ltr'>e.</span> 
     </span>
     <span class='ocr_line' id='line_1_66' title="bbox 227 2881 954 2921; baseline -0.004 -7"><span class='ocrx_word' id='word_1_336' title='bbox 227 2883 306 2921; x_wconf 79' lang='lat' dir='ltr'>feci,</span> <span class='ocrx_word' id='word_1_337' title='bbox 323 2888 363 2914; x_wconf 88' lang='lat' dir='ltr'>ut</span> <span class='ocrx_word' id='word_1_338' title='bbox 385 2884 668 2920; x_wconf 79' lang='lat' dir='ltr'>condemnaretur,</span> <span class='ocrx_word' id='word_1_339' title='bbox 685 2881 725 2911; x_wconf 86' lang='lat' dir='ltr'>de</span> <span class='ocrx_word' id='word_1_340' title='bbox 742 2886 954 2913; x_wconf 78' lang='lat' dir='ltr'>accusatore:</span> 
     </span>
    </p>
   </div>
   <div class='ocr_carea' id='block_1_7' title="bbox 1631 84 1712 122">
    <p class='ocr_par' dir='ltr' id='par_1_11' title="bbox 1631 84 1712 122">
     <span class='ocr_line' id='line_1_67' title="bbox 1631 84 1712 122; baseline 0 -1"><span class='ocrx_word' id='word_1_341' title='bbox 1631 84 1712 122; x_wconf 80' lang='lat'>235</span> 
     </span>
    </p>
   </div>
   <div class='ocr_carea' id='block_1_8' title="bbox 981 182 1728 2921">
    <p class='ocr_par' dir='ltr' id='par_1_12' title="bbox 981 182 1713 572">
     <span class='ocr_line' id='line_1_68' title="bbox 983 182 1713 225; baseline -0.005 -9"><span class='ocrx_word' id='word_1_342' title='bbox 983 191 1024 216; x_wconf 90' lang='lat' dir='ltr'>ut</span> <span class='ocrx_word' id='word_1_343' title='bbox 1041 185 1096 216; x_wconf 90' lang='lat' dir='ltr'>alii</span> <span class='ocrx_word' id='word_1_344' title='bbox 1113 194 1244 225; x_wconf 82' lang='lat' dir='ltr'>quoque</span> <span class='ocrx_word' id='word_1_345' title='bbox 1260 183 1383 214; x_wconf 79' lang='lat' dir='ltr'>dixere.</span> <span class='ocrx_word' id='word_1_346' title='bbox 1410 182 1494 213; x_wconf 87' lang='lat' dir='ltr'>Plin.</span> <span class='ocrx_word' id='word_1_347' title='bbox 1507 185 1559 213; x_wconf 79' lang='lat'>34.</span> <span class='ocrx_word' id='word_1_348' title='bbox 1576 184 1607 212; x_wconf 72' lang='grc' dir='ltr'>ΕΖ.</span> <span class='ocrx_word' id='word_1_349' title='bbox 1631 182 1713 213; x_wconf 84' lang='lat' dir='ltr'>Ver-</span> 
     </span>
     <span class='ocr_line' id='line_1_69' title="bbox 981 226 1711 268; baseline -0.004 -8"><span class='ocrx_word' id='word_1_350' title='bbox 981 240 1032 260; x_wconf 89' lang='lat' dir='ltr'>res</span> <span class='ocrx_word' id='word_1_351' title='bbox 1059 239 1169 268; x_wconf 83' lang='lat' dir='ltr'>quem-</span> <span class='ocrx_word' id='word_1_352' title='bbox 1191 228 1308 258; x_wconf 86' lang='lat' dir='ltr'>Cicero</span> <span class='ocrx_word' id='word_1_353' title='bbox 1335 226 1562 257; x_wconf 80' lang='lat' dir='ltr'>damnaverat.</span> <span class='ocrx_word' id='word_1_354' title='bbox 1599 226 1711 257; x_wconf 85' lang='lat' dir='ltr'>Livius</span> 
     </span>
     <span class='ocr_line' id='line_1_70' title="bbox 981 269 1712 303; baseline -0.003 -2"><span class='ocrx_word' id='word_1_355' title='bbox 981 274 1034 303; x_wconf 84' lang='lat' dir='ltr'>vii.</span> <span class='ocrx_word' id='word_1_356' title='bbox 1056 274 1199 302; x_wconf 79' lang='lat' dir='ltr'>16.extr.</span> <span class='ocrx_word' id='word_1_357' title='bbox 1213 271 1272 301; x_wconf 82' lang='lat' dir='ltr'>&amp;c.</span> <span class='ocrx_word' id='word_1_358' title='bbox 1295 270 1372 300; x_wconf 90' lang='lat' dir='ltr'>ibid.</span> <span class='ocrx_word' id='word_1_359' title='bbox 1388 270 1422 300; x_wconf 91' lang='lat' dir='ltr'>ii.</span> <span class='ocrx_word' id='word_1_360' title='bbox 1436 272 1466 299; x_wconf 73' lang='lat'>8.</span> <span class='ocrx_word' id='word_1_361' title='bbox 1489 269 1550 299; x_wconf 89' lang='lat' dir='ltr'>sibi</span> <span class='ocrx_word' id='word_1_362' title='bbox 1566 270 1712 300; x_wconf 80' lang='lat' dir='ltr'>condem-</span> 
     </span>
     <span class='ocr_line' id='line_1_71' title="bbox 982 311 1712 353; baseline -0.004 -7"><span class='ocrx_word' id='word_1_363' title='bbox 982 320 1054 353; x_wconf 73' lang='lat' dir='ltr'>nat,</span> <span class='ocrx_word' id='word_1_364' title='bbox 1070 316 1191 346; x_wconf 86' lang='lat' dir='ltr'>Veneri</span> <span class='ocrx_word' id='word_1_365' title='bbox 1215 314 1365 344; x_wconf 77' lang='lat' dir='ltr'>absolvit.</span> <span class='ocrx_word' id='word_1_366' title='bbox 1385 313 1418 343; x_wconf 88' lang='lat' dir='ltr'>h.</span> <span class='ocrx_word' id='word_1_367' title='bbox 1435 323 1463 342; x_wconf 88' lang='lat' dir='ltr'>e.</span> <span class='ocrx_word' id='word_1_368' title='bbox 1482 311 1621 342; x_wconf 75' lang='lat' dir='ltr'>absolvit</span> <span class='ocrx_word' id='word_1_369' title='bbox 1638 313 1712 352; x_wconf 85' lang='lat' dir='ltr'>qui—</span> 
     </span>
     <span class='ocr_line' id='line_1_72' title="bbox 983 356 1711 397; baseline -0.005 -8"><span class='ocrx_word' id='word_1_370' title='bbox 983 359 1072 396; x_wconf 75' lang='lat' dir='ltr'>dem,</span> <span class='ocrx_word' id='word_1_371' title='bbox 1091 369 1132 388; x_wconf 85' lang='lat' dir='ltr'>ne</span> <span class='ocrx_word' id='word_1_372' title='bbox 1157 357 1238 397; x_wconf 87' lang='lat' dir='ltr'>quid</span> <span class='ocrx_word' id='word_1_373' title='bbox 1253 357 1373 387; x_wconf 81' lang='lat' dir='ltr'>Veneri</span> <span class='ocrx_word' id='word_1_374' title='bbox 1391 356 1469 386; x_wconf 80' lang='lat' dir='ltr'>dare</span> <span class='ocrx_word' id='word_1_375' title='bbox 1486 360 1636 394; x_wconf 78' lang='lat' dir='ltr'>cogatur,</span> <span class='ocrx_word' id='word_1_376' title='bbox 1652 356 1711 386; x_wconf 87' lang='lat' dir='ltr'>sed</span> 
     </span>
     <span class='ocr_line' id='line_1_73' title="bbox 982 399 1710 441; baseline -0.005 -8"><span class='ocrx_word' id='word_1_377' title='bbox 982 409 1098 433; x_wconf 85' lang='lat' dir='ltr'>tamen</span> <span class='ocrx_word' id='word_1_378' title='bbox 1128 402 1218 441; x_wconf 73' lang='lat' dir='ltr'>cogit</span> <span class='ocrx_word' id='word_1_379' title='bbox 1246 401 1307 430; x_wconf 84' lang='lat' dir='ltr'>sibi</span> <span class='ocrx_word' id='word_1_380' title='bbox 1332 400 1422 436; x_wconf 86' lang='lat' dir='ltr'>dare,</span> <span class='ocrx_word' id='word_1_381' title='bbox 1446 404 1486 429; x_wconf 88' lang='lat' dir='ltr'>ut</span> <span class='ocrx_word' id='word_1_382' title='bbox 1509 399 1710 429; x_wconf 77' lang='lat' dir='ltr'>absolvatur.</span> 
     </span>
     <span class='ocr_line' id='line_1_74' title="bbox 986 443 1712 482; baseline -0.004 -7"><span class='ocrx_word' id='word_1_383' title='bbox 986 446 1109 475; x_wconf 81' lang='lat' dir='ltr'>Caecin.</span> <span class='ocrx_word' id='word_1_384' title='bbox 1155 448 1208 476; x_wconf 82' lang='lat'>31.</span> <span class='ocrx_word' id='word_1_385' title='bbox 1261 443 1469 474; x_wconf 67' lang='lat' dir='ltr'>condemnari</span> <span class='ocrx_word' id='word_1_386' title='bbox 1514 443 1712 482; x_wconf 83' lang='lat' dir='ltr'>sponsionis.</span> 
     </span>
     <span class='ocr_line' id='line_1_75' title="bbox 986 485 1711 526; baseline 0 -8"><span class='ocrx_word' id='word_1_387' title='bbox 986 492 1004 510; x_wconf 50' lang='grc' dir='ltr'>ἓ</span> <span class='ocrx_word' id='word_1_388' title='bbox 1022 489 1156 519; x_wconf 86' lang='lat' dir='ltr'>Cluent.</span> <span class='ocrx_word' id='word_1_389' title='bbox 1189 490 1241 519; x_wconf 72' lang='lat'>22.</span> <span class='ocrx_word' id='word_1_390' title='bbox 1280 485 1373 516; x_wconf 91' lang='lat' dir='ltr'>nullo</span> <span class='ocrx_word' id='word_1_391' title='bbox 1399 485 1592 526; x_wconf 83' lang='lat' dir='ltr'>praejudicio</span> <span class='ocrx_word' id='word_1_392' title='bbox 1622 487 1711 517; x_wconf 78' lang='lat' dir='ltr'>facto</span> 
     </span>
     <span class='ocr_line' id='line_1_76' title="bbox 986 530 1464 572; baseline -0.006 -10"><span class='ocrx_word' id='word_1_393' title='bbox 986 543 1025 562; x_wconf 86' lang='lat' dir='ltr'>ex</span> <span class='ocrx_word' id='word_1_394' title='bbox 1042 533 1113 572; x_wconf 87' lang='lat' dir='ltr'>ipsa</span> <span class='ocrx_word' id='word_1_395' title='bbox 1128 541 1227 561; x_wconf 80' lang='lat' dir='ltr'>causa</span> <span class='ocrx_word' id='word_1_396' title='bbox 1242 530 1464 561; x_wconf 78' lang='lat' dir='ltr'>condemnare.</span> 
     </span>
    </p>

    <p class='ocr_par' dir='ltr' id='par_1_13' title="bbox 986 572 1712 736">
     <span class='ocr_line' id='line_1_77' title="bbox 1035 572 1712 608; baseline -0.004 -2"><span class='ocrx_word' id='word_1_397' title='bbox 1035 576 1183 606; x_wconf 75' lang='lat' dir='ltr'>Condere.</span> <span class='ocrx_word' id='word_1_398' title='bbox 1210 574 1304 604; x_wconf 92' lang='lat' dir='ltr'>Verr.</span> <span class='ocrx_word' id='word_1_399' title='bbox 1319 583 1350 604; x_wconf 89' lang='lat' dir='ltr'>v.</span> <span class='ocrx_word' id='word_1_400' title='bbox 1367 575 1420 608; x_wconf 74' lang='lat'>29.</span> <span class='ocrx_word' id='word_1_401' title='bbox 1443 572 1576 603; x_wconf 79' lang='lat' dir='ltr'>condere</span> <span class='ocrx_word' id='word_1_402' title='bbox 1591 573 1625 603; x_wconf 89' lang='lat' dir='ltr'>in</span> <span class='ocrx_word' id='word_1_403' title='bbox 1641 582 1712 603; x_wconf 83' lang='lat' dir='ltr'>car-</span> 
     </span>
     <span class='ocr_line' id='line_1_78' title="bbox 987 616 1711 656; baseline -0.003 -7"><span class='ocrx_word' id='word_1_404' title='bbox 987 628 1108 649; x_wconf 78' lang='lat' dir='ltr'>cerem.</span> <span class='ocrx_word' id='word_1_405' title='bbox 1141 618 1304 648; x_wconf 71' lang='lat' dir='ltr'>*condere</span> <span class='ocrx_word' id='word_1_406' title='bbox 1327 616 1467 656; x_wconf 82' lang='lat' dir='ltr'>alicujus</span> <span class='ocrx_word' id='word_1_407' title='bbox 1491 616 1617 646; x_wconf 87' lang='lat' dir='ltr'>laudes.</span> <span class='ocrx_word' id='word_1_408' title='bbox 1639 616 1711 647; x_wconf 84' lang='lat' dir='ltr'>Att.</span> 
     </span>
     <span class='ocr_line' id='line_1_79' title="bbox 987 659 1712 693; baseline -0.006 0"><span class='ocrx_word' id='word_1_409' title='bbox 987 664 1006 692; x_wconf 91' lang='lat' dir='ltr'>i.</span> <span class='ocrx_word' id='word_1_410' title='bbox 1029 663 1077 693; x_wconf 83' lang='lat'>16.</span> <span class='ocrx_word' id='word_1_411' title='bbox 1101 663 1122 692; x_wconf 92' lang='lat' dir='ltr'>i.</span> <span class='ocrx_word' id='word_1_412' title='bbox 1137 672 1167 692; x_wconf 88' lang='lat' dir='ltr'>e.</span> <span class='ocrx_word' id='word_1_413' title='bbox 1191 661 1369 691; x_wconf 88' lang='lat' dir='ltr'>celebrare.</span> <span class='ocrx_word' id='word_1_414' title='bbox 1385 670 1416 690; x_wconf 79' lang='grc' dir='ltr'>ν.</span> <span class='ocrx_word' id='word_1_415' title='bbox 1433 660 1548 690; x_wconf 76' lang='lat' dir='ltr'>Burni.</span> <span class='ocrx_word' id='word_1_416' title='bbox 1565 660 1607 690; x_wconf 90' lang='lat' dir='ltr'>ad</span> <span class='ocrx_word' id='word_1_417' title='bbox 1621 659 1712 690; x_wconf 81' lang='lat' dir='ltr'>Albi-</span> 
     </span>
     <span class='ocr_line' id='line_1_80' title="bbox 986 709 1152 736; baseline 0 0"><span class='ocrx_word' id='word_1_418' title='bbox 986 716 1061 736; x_wconf 72' lang='lat' dir='ltr'>tiov.</span> <span class='ocrx_word' id='word_1_419' title='bbox 1078 709 1152 736; x_wconf 71' lang='lat'>345³.</span> 
     </span>
    </p>

    <p class='ocr_par' dir='ltr' id='par_1_14' title="bbox 985 746 1712 912">
     <span class='ocr_line' id='line_1_81' title="bbox 1033 746 1711 781; baseline -0.003 -2"><span class='ocrx_word' id='word_1_420' title='bbox 1033 749 1211 779; x_wconf 77' lang='lat' dir='ltr'>C&#39;omh‘cere.</span> <span class='ocrx_word' id='word_1_421' title='bbox 1241 748 1282 778; x_wconf 85' lang='lat' dir='ltr'>ad</span> <span class='ocrx_word' id='word_1_422' title='bbox 1305 747 1382 778; x_wconf 86' lang='lat' dir='ltr'>Div.</span> <span class='ocrx_word' id='word_1_423' title='bbox 1407 747 1428 776; x_wconf 93' lang='lat' dir='ltr'>i.</span> <span class='ocrx_word' id='word_1_424' title='bbox 1448 751 1479 781; x_wconf 87' lang='lat'>9.</span> <span class='ocrx_word' id='word_1_425' title='bbox 1508 746 1711 777; x_wconf 78' lang='lat' dir='ltr'>denunciare</span> 
     </span>
     <span class='ocr_line' id='line_1_82' title="bbox 986 789 1712 829; baseline -0.003 -7"><span class='ocrx_word' id='word_1_426' title='bbox 986 793 1098 829; x_wconf 85' lang='lat' dir='ltr'>alicui,</span> <span class='ocrx_word' id='word_1_427' title='bbox 1116 802 1173 822; x_wconf 84' lang='lat' dir='ltr'>nos</span> <span class='ocrx_word' id='word_1_428' title='bbox 1191 791 1233 822; x_wconf 88' lang='lat' dir='ltr'>ad</span> <span class='ocrx_word' id='word_1_429' title='bbox 1247 800 1376 822; x_wconf 78' lang='lat' dir='ltr'>coenam</span> <span class='ocrx_word' id='word_1_430' title='bbox 1392 794 1560 820; x_wconf 85' lang='lat' dir='ltr'>venturos.</span> <span class='ocrx_word' id='word_1_431' title='bbox 1578 789 1712 820; x_wconf 83' lang='lat' dir='ltr'>Nostri:</span> 
     </span>
     <span class='ocr_line' id='line_1_83' title="bbox 985 834 1711 866; baseline -0.004 0"><span class='ocrx_word' id='word_1_432' title='bbox 985 836 1063 866; x_wconf 86' lang='lat' dir='ltr'>Sich</span> <span class='ocrx_word' id='word_1_433' title='bbox 1095 845 1138 865; x_wconf 84' lang='lat' dir='ltr'>zu</span> <span class='ocrx_word' id='word_1_434' title='bbox 1168 835 1268 865; x_wconf 78' lang='lat' dir='ltr'>Gaste</span> <span class='ocrx_word' id='word_1_435' title='bbox 1299 835 1418 865; x_wconf 78' lang='lat' dir='ltr'>bitten.</span> <span class='ocrx_word' id='word_1_436' title='bbox 1446 844 1475 863; x_wconf 93' lang='lat' dir='ltr'>v.</span> <span class='ocrx_word' id='word_1_437' title='bbox 1503 834 1640 864; x_wconf 85' lang='lat' dir='ltr'>Hotom.</span> <span class='ocrx_word' id='word_1_438' title='bbox 1671 834 1711 864; x_wconf 88' lang='lat' dir='ltr'>ad</span> 
     </span>
     <span class='ocr_line' id='line_1_84' title="bbox 986 880 1253 912; baseline -0.007 -2"><span class='ocrx_word' id='word_1_439' title='bbox 986 880 1094 910; x_wconf 64' lang='lat' dir='ltr'>Ruso?</span> <span class='ocrx_word' id='word_1_440' title='bbox 1110 880 1204 909; x_wconf 90' lang='lat' dir='ltr'>Com.</span> <span class='ocrx_word' id='word_1_441' title='bbox 1220 883 1253 912; x_wconf 91' lang='lat'>9.</span> 
     </span>
    </p>

    <p class='ocr_par' dir='ltr' id='par_1_15' title="bbox 985 921 1712 1003">
     <span class='ocr_line' id='line_1_85' title="bbox 1035 921 1712 961; baseline -0.001 -8"><span class='ocrx_word' id='word_1_442' title='bbox 1035 923 1289 953; x_wconf 62' lang='lat' dir='ltr'>&amp;adime-atum.</span> <span class='ocrx_word' id='word_1_443' title='bbox 1312 922 1378 961; x_wconf 72' lang='lat' dir='ltr'>Qu.</span> <span class='ocrx_word' id='word_1_444' title='bbox 1396 921 1446 951; x_wconf 88' lang='lat' dir='ltr'>Fr.</span> <span class='ocrx_word' id='word_1_445' title='bbox 1462 921 1483 950; x_wconf 92' lang='lat' dir='ltr'>i.</span> <span class='ocrx_word' id='word_1_446' title='bbox 1500 924 1526 951; x_wconf 93' lang='lat' dir='ltr'>l.</span> <span class='ocrx_word' id='word_1_447' title='bbox 1543 924 1574 955; x_wconf 87' lang='grc'>7.</span> <span class='ocrx_word' id='word_1_448' title='bbox 1597 921 1712 952; x_wconf 81' lang='lat' dir='ltr'>multis</span> 
     </span>
     <span class='ocr_line' id='line_1_86' title="bbox 985 965 1608 1003; baseline -0.005 -6"><span class='ocrx_word' id='word_1_449' title='bbox 985 967 1192 997; x_wconf 73' lang='lat' dir='ltr'>condimentis</span> <span class='ocrx_word' id='word_1_450' title='bbox 1206 965 1425 996; x_wconf 73' lang='lat' dir='ltr'>humanitatis</span> <span class='ocrx_word' id='word_1_451' title='bbox 1442 965 1608 1003; x_wconf 81' lang='lat' dir='ltr'>mitigare.</span> 
     </span>
    </p>

    <p class='ocr_par' dir='ltr' id='par_1_16' title="bbox 987 1007 1714 1258">
     <span class='ocr_line' id='line_1_87' title="bbox 1035 1007 1713 1049; baseline -0.003 -9"><span class='ocrx_word' id='word_1_452' title='bbox 1035 1010 1198 1047; x_wconf 69' lang='lat' dir='ltr'>Conditus,</span> <span class='ocrx_word' id='word_1_453' title='bbox 1217 1010 1379 1049; x_wconf 82' lang='lat' dir='ltr'>repositus</span> <span class='ocrx_word' id='word_1_454' title='bbox 1403 1009 1444 1038; x_wconf 88' lang='lat' dir='ltr'>ad</span> <span class='ocrx_word' id='word_1_455' title='bbox 1467 1018 1546 1038; x_wconf 89' lang='lat' dir='ltr'>usus</span> <span class='ocrx_word' id='word_1_456' title='bbox 1569 1007 1713 1039; x_wconf 84' lang='lat' dir='ltr'>futuros.</span> 
     </span>
     <span class='ocr_line' id='line_1_88' title="bbox 987 1052 1713 1091; baseline -0.003 -8"><span class='ocrx_word' id='word_1_457' title='bbox 987 1053 1079 1084; x_wconf 83' lang='lat' dir='ltr'>Verr.</span> <span class='ocrx_word' id='word_1_458' title='bbox 1103 1053 1136 1083; x_wconf 92' lang='lat' dir='ltr'>ii.</span> <span class='ocrx_word' id='word_1_459' title='bbox 1153 1055 1186 1084; x_wconf 71' lang='grc'>9.</span> <span class='ocrx_word' id='word_1_460' title='bbox 1216 1052 1248 1082; x_wconf 91' lang='lat' dir='ltr'>id</span> <span class='ocrx_word' id='word_1_461' title='bbox 1272 1061 1337 1083; x_wconf 90' lang='lat' dir='ltr'>non</span> <span class='ocrx_word' id='word_1_462' title='bbox 1359 1052 1450 1091; x_wconf 86' lang='lat' dir='ltr'>apud</span> <span class='ocrx_word' id='word_1_463' title='bbox 1464 1062 1518 1081; x_wconf 88' lang='lat' dir='ltr'>eos</span> <span class='ocrx_word' id='word_1_464' title='bbox 1535 1052 1639 1089; x_wconf 87' lang='lat' dir='ltr'>nasci,</span> <span class='ocrx_word' id='word_1_465' title='bbox 1655 1052 1713 1082; x_wconf 89' lang='lat' dir='ltr'>sed</span> 
     </span>
     <span class='ocr_line' id='line_1_89' title="bbox 988 1095 1713 1136; baseline -0.001 -9"><span class='ocrx_word' id='word_1_466' title='bbox 988 1097 1078 1127; x_wconf 89' lang='lat' dir='ltr'>domi</span> <span class='ocrx_word' id='word_1_467' title='bbox 1094 1095 1257 1127; x_wconf 71' lang='lat' dir='ltr'>conditum</span> <span class='ocrx_word' id='word_1_468' title='bbox 1274 1100 1480 1136; x_wconf 81' lang='lat' dir='ltr'>putaremus,</span> <span class='ocrx_word' id='word_1_469' title='bbox 1504 1095 1592 1125; x_wconf 88' lang='lat' dir='ltr'>Mur.</span> <span class='ocrx_word' id='word_1_470' title='bbox 1605 1098 1657 1126; x_wconf 72' lang='lat'>24.</span> <span class='ocrx_word' id='word_1_471' title='bbox 1674 1101 1713 1126; x_wconf 86' lang='lat' dir='ltr'>ut</span> 
     </span>
     <span class='ocr_line' id='line_1_90' title="bbox 988 1139 1714 1179; baseline -0.003 -9"><span class='ocrx_word' id='word_1_472' title='bbox 988 1140 1097 1179; x_wconf 83' lang='lat' dir='ltr'>eijam</span> <span class='ocrx_word' id='word_1_473' title='bbox 1110 1140 1200 1170; x_wconf 78' lang='lat' dir='ltr'>domi</span> <span class='ocrx_word' id='word_1_474' title='bbox 1210 1141 1355 1170; x_wconf 66' lang='lat' dir='ltr'>conditus</span> <span class='ocrx_word' id='word_1_475' title='bbox 1370 1139 1562 1168; x_wconf 78' lang='lat' dir='ltr'>consulatus</span> <span class='ocrx_word' id='word_1_476' title='bbox 1579 1143 1714 1178; x_wconf 83' lang='lat' dir='ltr'>putare-</span> 
     </span>
     <span class='ocr_line' id='line_1_91' title="bbox 988 1182 1714 1224; baseline -0.003 -10"><span class='ocrx_word' id='word_1_477' title='bbox 988 1191 1063 1214; x_wconf 85' lang='lat' dir='ltr'>tur:</span> <span class='ocrx_word' id='word_1_478' title='bbox 1088 1188 1124 1213; x_wconf 88' lang='lat' dir='ltr'>et</span> <span class='ocrx_word' id='word_1_479' title='bbox 1139 1185 1185 1214; x_wconf 86' lang='lat' dir='ltr'>sie</span> <span class='ocrx_word' id='word_1_480' title='bbox 1200 1193 1299 1224; x_wconf 79' lang='lat' dir='ltr'>saepe.</span> <span class='ocrx_word' id='word_1_481' title='bbox 1323 1183 1444 1213; x_wconf 90' lang='lat' dir='ltr'>Natur.</span> <span class='ocrx_word' id='word_1_482' title='bbox 1462 1183 1506 1212; x_wconf 95' lang='lat' dir='ltr'>D.</span> <span class='ocrx_word' id='word_1_483' title='bbox 1523 1182 1556 1212; x_wconf 88' lang='lat' dir='ltr'>ii.</span> <span class='ocrx_word' id='word_1_484' title='bbox 1575 1183 1628 1213; x_wconf 93' lang='lat'>60.</span> <span class='ocrx_word' id='word_1_485' title='bbox 1642 1192 1714 1213; x_wconf 77' lang='lat' dir='ltr'>cm-</span> 
     </span>
     <span class='ocr_line' id='line_1_92' title="bbox 987 1227 1245 1258; baseline -0.008 0"><span class='ocrx_word' id='word_1_486' title='bbox 987 1228 1059 1258; x_wconf 70' lang='lat' dir='ltr'>dita</span> <span class='ocrx_word' id='word_1_487' title='bbox 1074 1227 1245 1257; x_wconf 80' lang='lat' dir='ltr'>vetustati.</span> 
     </span>
    </p>

    <p class='ocr_par' dir='ltr' id='par_1_17' title="bbox 987 1269 1714 1345">
     <span class='ocr_line' id='line_1_93' title="bbox 1037 1269 1714 1310; baseline -0.001 -10"><span class='ocrx_word' id='word_1_488' title='bbox 1037 1271 1196 1301; x_wconf 74' lang='lat' dir='ltr'>Conduor.</span> <span class='ocrx_word' id='word_1_489' title='bbox 1224 1271 1299 1301; x_wconf 86' lang='lat' dir='ltr'>Sen.</span> <span class='ocrx_word' id='word_1_490' title='bbox 1316 1280 1347 1310; x_wconf 91' lang='lat' dir='ltr'>p.</span> <span class='ocrx_word' id='word_1_491' title='bbox 1363 1270 1404 1301; x_wconf 85' lang='lat' dir='ltr'>R.</span> <span class='ocrx_word' id='word_1_492' title='bbox 1418 1269 1449 1300; x_wconf 90' lang='grc'>6.</span> <span class='ocrx_word' id='word_1_493' title='bbox 1474 1270 1615 1300; x_wconf 80' lang='lat' dir='ltr'>conditor</span> <span class='ocrx_word' id='word_1_494' title='bbox 1637 1279 1714 1300; x_wconf 80' lang='lat' dir='ltr'>con—</span> 
     </span>
     <span class='ocr_line' id='line_1_94' title="bbox 987 1315 1075 1345; baseline 0.011 -2"><span class='ocrx_word' id='word_1_495' title='bbox 987 1315 1075 1345; x_wconf 87' lang='lat' dir='ltr'>vivii.</span> 
     </span>
    </p>

    <p class='ocr_par' dir='ltr' id='par_1_18' title="bbox 988 1356 1717 1519">
     <span class='ocr_line' id='line_1_95' title="bbox 1037 1356 1717 1388; baseline -0.001 0"><span class='ocrx_word' id='word_1_496' title='bbox 1037 1358 1197 1388; x_wconf 74' lang='lat' dir='ltr'>Conditus.</span> <span class='ocrx_word' id='word_1_497' title='bbox 1208 1357 1327 1388; x_wconf 84' lang='lat' dir='ltr'>suavis.</span> <span class='ocrx_word' id='word_1_498' title='bbox 1344 1356 1440 1387; x_wconf 88' lang='lat' dir='ltr'>Brut.</span> <span class='ocrx_word' id='word_1_499' title='bbox 1452 1359 1505 1387; x_wconf 80' lang='lat'>48.</span> <span class='ocrx_word' id='word_1_500' title='bbox 1525 1366 1624 1387; x_wconf 89' lang='lat' dir='ltr'>nemo</span> <span class='ocrx_word' id='word_1_501' title='bbox 1639 1367 1717 1387; x_wconf 81' lang='lat' dir='ltr'>sua-</span> 
     </span>
     <span class='ocr_line' id='line_1_96' title="bbox 988 1400 1714 1440; baseline 0 -9"><span class='ocrx_word' id='word_1_502' title='bbox 988 1402 1090 1431; x_wconf 81' lang='lat' dir='ltr'>vitate</span> <span class='ocrx_word' id='word_1_503' title='bbox 1113 1402 1277 1431; x_wconf 71' lang='lat' dir='ltr'>conditior.</span> <span class='ocrx_word' id='word_1_504' title='bbox 1301 1400 1378 1431; x_wconf 89' lang='lat' dir='ltr'>ibid.</span> <span class='ocrx_word' id='word_1_505' title='bbox 1395 1402 1447 1434; x_wconf 71' lang='lat'>29.</span> <span class='ocrx_word' id='word_1_506' title='bbox 1483 1401 1544 1430; x_wconf 82' lang='lat' dir='ltr'>nisi</span> <span class='ocrx_word' id='word_1_507' title='bbox 1562 1400 1607 1438; x_wconf 85' lang='lat' dir='ltr'>id,</span> <span class='ocrx_word' id='word_1_508' title='bbox 1626 1401 1714 1440; x_wconf 88' lang='lat' dir='ltr'>quod</span> 
     </span>
     <span class='ocr_line' id='line_1_97' title="bbox 989 1443 1715 1483; baseline -0.001 -8"><span class='ocrx_word' id='word_1_509' title='bbox 989 1445 1124 1482; x_wconf 89' lang='lat' dir='ltr'>dicitur,</span> <span class='ocrx_word' id='word_1_510' title='bbox 1148 1446 1193 1475; x_wconf 87' lang='lat' dir='ltr'>sit</span> <span class='ocrx_word' id='word_1_511' title='bbox 1215 1454 1307 1482; x_wconf 76' lang='lat' dir='ltr'>voce,</span> <span class='ocrx_word' id='word_1_512' title='bbox 1331 1443 1428 1474; x_wconf 80' lang='lat' dir='ltr'>vultu</span> <span class='ocrx_word' id='word_1_513' title='bbox 1459 1448 1619 1483; x_wconf 81' lang='lat' dir='ltr'>gestuque</span> <span class='ocrx_word' id='word_1_514' title='bbox 1643 1455 1715 1474; x_wconf 85' lang='lat' dir='ltr'>con-</span> 
     </span>
     <span class='ocr_line' id='line_1_98' title="bbox 988 1490 1097 1519; baseline -0.009 0"><span class='ocrx_word' id='word_1_515' title='bbox 988 1490 1097 1519; x_wconf 67' lang='lat' dir='ltr'>ditias.</span> 
     </span>
    </p>

    <p class='ocr_par' dir='ltr' id='par_1_19' title="bbox 990 1530 1728 2921">
     <span class='ocr_line' id='line_1_99' title="bbox 1039 1530 1713 1569; baseline -0.001 -6"><span class='ocrx_word' id='word_1_516' title='bbox 1039 1532 1191 1569; x_wconf 68' lang='lat' dir='ltr'>conditio,</span> <span class='ocrx_word' id='word_1_517' title='bbox 1216 1534 1323 1562; x_wconf 83' lang='lat' dir='ltr'>status</span> <span class='ocrx_word' id='word_1_518' title='bbox 1347 1530 1503 1561; x_wconf 79' lang='lat' dir='ltr'>hominis.</span> <span class='ocrx_word' id='word_1_519' title='bbox 1534 1531 1598 1562; x_wconf 80' lang='lat' dir='ltr'>Off.</span> <span class='ocrx_word' id='word_1_520' title='bbox 1622 1532 1644 1562; x_wconf 88' lang='lat' dir='ltr'>i.</span> <span class='ocrx_word' id='word_1_521' title='bbox 1664 1534 1713 1562; x_wconf 86' lang='lat'>13.</span> 
     </span>
     <span class='ocr_line' id='line_1_100' title="bbox 990 1575 1715 1606; baseline 0 -1"><span class='ocrx_word' id='word_1_522' title='bbox 990 1576 1108 1606; x_wconf 83' lang='lat' dir='ltr'>infima</span> <span class='ocrx_word' id='word_1_523' title='bbox 1121 1576 1255 1606; x_wconf 61' lang='lat' dir='ltr'>conditio</span> <span class='ocrx_word' id='word_1_524' title='bbox 1271 1578 1321 1605; x_wconf 81' lang='lat' dir='ltr'>est</span> <span class='ocrx_word' id='word_1_525' title='bbox 1334 1584 1515 1604; x_wconf 84' lang='lat' dir='ltr'>servorum.</span> <span class='ocrx_word' id='word_1_526' title='bbox 1535 1578 1553 1595; x_wconf 72' lang='lat'>²¹¹²</span> <span class='ocrx_word' id='word_1_527' title='bbox 1563 1575 1715 1605; x_wconf 56' lang='lat' dir='ltr'>voluntas</span> 
     </span>
     <span class='ocr_line' id='line_1_101' title="bbox 990 1618 1717 1658; baseline -0.001 -9"><span class='ocrx_word' id='word_1_528' title='bbox 990 1619 1143 1656; x_wconf 78' lang='lat' dir='ltr'>alterius,</span> <span class='ocrx_word' id='word_1_529' title='bbox 1160 1620 1332 1649; x_wconf 82' lang='lat' dir='ltr'>arbitrium</span> <span class='ocrx_word' id='word_1_530' title='bbox 1356 1619 1443 1657; x_wconf 84' lang='lat' dir='ltr'>quod</span> <span class='ocrx_word' id='word_1_531' title='bbox 1461 1618 1553 1648; x_wconf 85' lang='lat' dir='ltr'>nobis</span> <span class='ocrx_word' id='word_1_532' title='bbox 1569 1619 1717 1658; x_wconf 86' lang='lat' dir='ltr'>praescri-</span> 
     </span>
     <span class='ocr_line' id='line_1_102' title="bbox 990 1662 1716 1694; baseline -0.003 -1"><span class='ocrx_word' id='word_1_533' title='bbox 990 1663 1082 1694; x_wconf 88' lang='lat' dir='ltr'>bitur</span> <span class='ocrx_word' id='word_1_534' title='bbox 1106 1664 1165 1693; x_wconf 71' lang='grc' dir='ltr'><strong>διο.</strong></span> <span class='ocrx_word' id='word_1_535' title='bbox 1198 1663 1292 1693; x_wconf 83' lang='lat' dir='ltr'>Verr.</span> <span class='ocrx_word' id='word_1_536' title='bbox 1308 1662 1355 1691; x_wconf 75' lang='lat' dir='ltr'>iii.</span> <span class='ocrx_word' id='word_1_537' title='bbox 1373 1663 1424 1692; x_wconf 70' lang='lat'>02.</span> <span class='ocrx_word' id='word_1_538' title='bbox 1460 1663 1572 1692; x_wconf 73' lang='lat' dir='ltr'>venire</span> <span class='ocrx_word' id='word_1_539' title='bbox 1589 1663 1629 1693; x_wconf 82' lang='lat' dir='ltr'>ad</span> <span class='ocrx_word' id='word_1_540' title='bbox 1644 1673 1716 1692; x_wconf 84' lang='lat' dir='ltr'>con-</span> 
     </span>
     <span class='ocr_line' id='line_1_103' title="bbox 990 1705 1715 1746; baseline 0 -10"><span class='ocrx_word' id='word_1_541' title='bbox 990 1707 1124 1737; x_wconf 73' lang='lat' dir='ltr'>ditiones</span> <span class='ocrx_word' id='word_1_542' title='bbox 1147 1706 1301 1746; x_wconf 77' lang='lat' dir='ltr'>alicujus,</span> <span class='ocrx_word' id='word_1_543' title='bbox 1319 1716 1377 1745; x_wconf 86' lang='lat' dir='ltr'>pro</span> <span class='ocrx_word' id='word_1_544' title='bbox 1400 1705 1522 1742; x_wconf 85' lang='lat' dir='ltr'>facere,</span> <span class='ocrx_word' id='word_1_545' title='bbox 1538 1706 1627 1745; x_wconf 86' lang='lat' dir='ltr'>quod</span> <span class='ocrx_word' id='word_1_546' title='bbox 1642 1707 1715 1745; x_wconf 87' lang='lat' dir='ltr'>quis</span> 
     </span>
     <span class='ocr_line' id='line_1_104' title="bbox 990 1749 1717 1790; baseline -0.001 -10"><span class='ocrx_word' id='word_1_547' title='bbox 990 1750 1073 1780; x_wconf 73' lang='lat' dir='ltr'>vult.</span> <span class='ocrx_word' id='word_1_548' title='bbox 1111 1750 1248 1790; x_wconf 68' lang='lat' dir='ltr'>Quinct.</span> <span class='ocrx_word' id='word_1_549' title='bbox 1276 1750 1307 1780; x_wconf 89' lang='grc'>6.</span> <span class='ocrx_word' id='word_1_550' title='bbox 1340 1749 1537 1789; x_wconf 86' lang='lat' dir='ltr'>perduceret</span> <span class='ocrx_word' id='word_1_551' title='bbox 1567 1759 1643 1779; x_wconf 86' lang='lat' dir='ltr'>eum</span> <span class='ocrx_word' id='word_1_552' title='bbox 1674 1750 1717 1779; x_wconf 82' lang='lat' dir='ltr'>ad</span> 
     </span>
     <span class='ocr_line' id='line_1_105' title="bbox 991 1793 1716 1824; baseline -0.001 0"><span class='ocrx_word' id='word_1_553' title='bbox 991 1804 1066 1824; x_wconf 67' lang='lat' dir='ltr'>suas</span> <span class='ocrx_word' id='word_1_554' title='bbox 1091 1794 1290 1824; x_wconf 59' lang='lat' dir='ltr'>condiciones.</span> <span class='ocrx_word' id='word_1_555' title='bbox 1314 1793 1385 1823; x_wconf 69' lang='lat' dir='ltr'>Att.</span> <span class='ocrx_word' id='word_1_556' title='bbox 1402 1794 1444 1823; x_wconf 87' lang='lat' dir='ltr'>ix.</span> <span class='ocrx_word' id='word_1_557' title='bbox 1464 1795 1512 1823; x_wconf 79' lang='lat'>15.</span> <span class='ocrx_word' id='word_1_558' title='bbox 1546 1800 1624 1823; x_wconf 81' lang='lat' dir='ltr'>utar</span> <span class='ocrx_word' id='word_1_559' title='bbox 1645 1803 1716 1823; x_wconf 80' lang='lat' dir='ltr'>con—</span> 
     </span>
     <span class='ocr_line' id='line_1_106' title="bbox 991 1824 1714 1876; baseline -0.003 -8"><span class='ocrx_word' id='word_1_560' title='bbox 991 1824 1108 1868; x_wconf 38' lang='lat' dir='ltr'>ditxume</span> <span class='ocrx_word' id='word_1_561' title='bbox 1137 1838 1288 1874; x_wconf 64' lang='lat' dir='ltr'>Caesaris,</span> <span class='ocrx_word' id='word_1_562' title='bbox 1313 1847 1378 1876; x_wconf 87' lang='lat' dir='ltr'>qua</span> <span class='ocrx_word' id='word_1_563' title='bbox 1408 1846 1453 1866; x_wconf 88' lang='lat' dir='ltr'>sc.</span> <span class='ocrx_word' id='word_1_564' title='bbox 1477 1837 1561 1867; x_wconf 86' lang='lat' dir='ltr'>mihi</span> <span class='ocrx_word' id='word_1_565' title='bbox 1583 1838 1714 1867; x_wconf 85' lang='lat' dir='ltr'>veniam</span> 
     </span>
     <span class='ocr_line' id='line_1_107' title="bbox 992 1880 1716 1911; baseline -0.001 0"><span class='ocrx_word' id='word_1_566' title='bbox 992 1881 1069 1911; x_wconf 81' lang='lat' dir='ltr'>dare</span> <span class='ocrx_word' id='word_1_567' title='bbox 1093 1881 1174 1911; x_wconf 85' lang='lat' dir='ltr'>vult.</span> <span class='ocrx_word' id='word_1_568' title='bbox 1209 1881 1287 1911; x_wconf 83' lang='lat' dir='ltr'>ibid.</span> <span class='ocrx_word' id='word_1_569' title='bbox 1312 1881 1378 1910; x_wconf 69' lang='lat' dir='ltr'>viii.</span> <span class='ocrx_word' id='word_1_570' title='bbox 1405 1883 1454 1910; x_wconf 80' lang='lat'>15.</span> <span class='ocrx_word' id='word_1_571' title='bbox 1487 1880 1643 1910; x_wconf 81' lang='lat' dir='ltr'>accedere</span> <span class='ocrx_word' id='word_1_572' title='bbox 1674 1880 1716 1910; x_wconf 80' lang='lat' dir='ltr'>ad</span> 
     </span>
     <span class='ocr_line' id='line_1_108' title="bbox 992 1924 1716 1963; baseline 0 -8"><span class='ocrx_word' id='word_1_573' title='bbox 992 1926 1219 1956; x_wconf 67' lang='lat' dir='ltr'>conditionem.-</span> <span class='ocrx_word' id='word_1_574' title='bbox 1240 1925 1261 1954; x_wconf 89' lang='lat' dir='ltr'>i.</span> <span class='ocrx_word' id='word_1_575' title='bbox 1276 1934 1304 1954; x_wconf 90' lang='lat' dir='ltr'>e.</span> <span class='ocrx_word' id='word_1_576' title='bbox 1320 1924 1480 1963; x_wconf 76' lang='lat' dir='ltr'>accipere.</span> <span class='ocrx_word' id='word_1_577' title='bbox 1498 1924 1576 1954; x_wconf 90' lang='lat' dir='ltr'>ibid.</span> <span class='ocrx_word' id='word_1_578' title='bbox 1590 1925 1644 1954; x_wconf 90' lang='lat' dir='ltr'>vii.</span> <span class='ocrx_word' id='word_1_579' title='bbox 1666 1927 1716 1955; x_wconf 89' lang='grc'>13.</span> 
     </span>
     <span class='ocr_line' id='line_1_109' title="bbox 991 1968 1718 2009; baseline -0.001 -11"><span class='ocrx_word' id='word_1_580' title='bbox 991 1972 1124 2009; x_wconf 81' lang='lat' dir='ltr'>tempus</span> <span class='ocrx_word' id='word_1_581' title='bbox 1140 1968 1353 1998; x_wconf 60' lang='lat' dir='ltr'>conditionum</span> <span class='ocrx_word' id='word_1_582' title='bbox 1369 1968 1526 1997; x_wconf 84' lang='lat' dir='ltr'>amissum</span> <span class='ocrx_word' id='word_1_583' title='bbox 1545 1972 1606 1997; x_wconf 85' lang='lat' dir='ltr'>est.</span> <span class='ocrx_word' id='word_1_584' title='bbox 1630 1968 1648 1986; x_wconf 60' lang='lat'>*²</span> <span class='ocrx_word' id='word_1_585' title='bbox 1660 1977 1718 2007; x_wconf 84' lang='lat' dir='ltr'>pa·</span> 
     </span>
     <span class='ocr_line' id='line_1_110' title="bbox 993 2011 1718 2049; baseline -0.001 -7"><span class='ocrx_word' id='word_1_586' title='bbox 993 2013 1072 2049; x_wconf 84' lang='lat' dir='ltr'>ctio,</span> <span class='ocrx_word' id='word_1_587' title='bbox 1086 2013 1280 2042; x_wconf 79' lang='lat' dir='ltr'>transactio.</span> <span class='ocrx_word' id='word_1_588' title='bbox 1297 2011 1372 2042; x_wconf 80' lang='lat' dir='ltr'>Act.</span> <span class='ocrx_word' id='word_1_589' title='bbox 1385 2011 1406 2041; x_wconf 94' lang='lat' dir='ltr'>i.</span> <span class='ocrx_word' id='word_1_590' title='bbox 1420 2011 1454 2040; x_wconf 88' lang='lat' dir='ltr'>in</span> <span class='ocrx_word' id='word_1_591' title='bbox 1470 2011 1562 2042; x_wconf 80' lang='lat' dir='ltr'>Verr.</span> <span class='ocrx_word' id='word_1_592' title='bbox 1576 2012 1605 2042; x_wconf 87' lang='lat'>6.</span> <span class='ocrx_word' id='word_1_593' title='bbox 1623 2021 1718 2041; x_wconf 86' lang='lat' dir='ltr'>man-</span> 
     </span>
     <span class='ocr_line' id='line_1_111' title="bbox 993 2054 1718 2086; baseline -0.001 -1"><span class='ocrx_word' id='word_1_594' title='bbox 993 2057 1036 2086; x_wconf 84' lang='lat' dir='ltr'>sit</span> <span class='ocrx_word' id='word_1_595' title='bbox 1059 2057 1093 2085; x_wconf 85' lang='lat' dir='ltr'>iu</span> <span class='ocrx_word' id='word_1_596' title='bbox 1117 2056 1299 2086; x_wconf 66' lang='lat' dir='ltr'>conditione.</span> <span class='ocrx_word' id='word_1_597' title='bbox 1323 2054 1364 2084; x_wconf 78' lang='lat' dir='ltr'>ad</span> <span class='ocrx_word' id='word_1_598' title='bbox 1387 2055 1464 2085; x_wconf 83' lang='lat' dir='ltr'>Div.</span> <span class='ocrx_word' id='word_1_599' title='bbox 1488 2056 1529 2084; x_wconf 93' lang='lat' dir='ltr'>vi.</span> <span class='ocrx_word' id='word_1_600' title='bbox 1553 2057 1583 2086; x_wconf 63' lang='grc' dir='ltr'>Ξ).</span> <span class='ocrx_word' id='word_1_601' title='bbox 1619 2055 1718 2085; x_wconf 83' lang='lat' dir='ltr'>armis</span> 
     </span>
     <span class='ocr_line' id='line_1_112' title="bbox 993 2098 1720 2138; baseline 0 -9"><span class='ocrx_word' id='word_1_602' title='bbox 993 2100 1168 2129; x_wconf 67' lang='lat' dir='ltr'>condicione</span> <span class='ocrx_word' id='word_1_603' title='bbox 1182 2099 1307 2138; x_wconf 81' lang='lat' dir='ltr'>positis.</span> <span class='ocrx_word' id='word_1_604' title='bbox 1330 2098 1394 2128; x_wconf 77' lang='lat' dir='ltr'>Off.</span> <span class='ocrx_word' id='word_1_605' title='bbox 1407 2098 1427 2127; x_wconf 95' lang='lat' dir='ltr'>i.</span> <span class='ocrx_word' id='word_1_606' title='bbox 1441 2101 1472 2132; x_wconf 77' lang='lat'>7.</span> <span class='ocrx_word' id='word_1_607' title='bbox 1495 2103 1574 2128; x_wconf 86' lang='lat' dir='ltr'>sunt</span> <span class='ocrx_word' id='word_1_608' title='bbox 1591 2099 1720 2137; x_wconf 80' lang='lat' dir='ltr'>privata</span> 
     </span>
     <span class='ocr_line' id='line_1_113' title="bbox 994 2142 1720 2182; baseline 0 -10"><span class='ocrx_word' id='word_1_609' title='bbox 994 2143 1088 2173; x_wconf 65' lang='lat' dir='ltr'>nulia.</span> <span class='ocrx_word' id='word_1_610' title='bbox 1115 2147 1247 2179; x_wconf 83' lang='lat' dir='ltr'>natura,</span> <span class='ocrx_word' id='word_1_611' title='bbox 1277 2142 1335 2171; x_wconf 74' lang='lat' dir='ltr'>sed</span> <span class='ocrx_word' id='word_1_612' title='bbox 1357 2146 1416 2171; x_wconf 82' lang='lat' dir='ltr'>aut</span> <span class='ocrx_word' id='word_1_613' title='bbox 1445 2143 1549 2171; x_wconf 78' lang='lat' dir='ltr'>veteri</span> <span class='ocrx_word' id='word_1_614' title='bbox 1578 2151 1720 2182; x_wconf 81' lang='lat' dir='ltr'>occupa-</span> 
     </span>
     <span class='ocr_line' id='line_1_114' title="bbox 993 2186 1718 2225; baseline 0.001 -10"><span class='ocrx_word' id='word_1_615' title='bbox 993 2187 1099 2223; x_wconf 79' lang='lat' dir='ltr'>tione,</span> <span class='ocrx_word' id='word_1_616' title='bbox 1131 2191 1190 2216; x_wconf 79' lang='lat' dir='ltr'>aut</span> <span class='ocrx_word' id='word_1_617' title='bbox 1221 2186 1306 2225; x_wconf 64' lang='lat' dir='ltr'>lege,</span> <span class='ocrx_word' id='word_1_618' title='bbox 1336 2186 1503 2225; x_wconf 79' lang='lat' dir='ltr'>pactione,</span> <span class='ocrx_word' id='word_1_619' title='bbox 1532 2186 1718 2223; x_wconf 72' lang='lat' dir='ltr'>condicione,</span> 
     </span>
     <span class='ocr_line' id='line_1_115' title="bbox 993 2228 1719 2270; baseline 0.001 -11"><span class='ocrx_word' id='word_1_620' title='bbox 993 2235 1091 2260; x_wconf 67' lang='lat' dir='ltr'>sorte.</span> <span class='ocrx_word' id='word_1_621' title='bbox 1110 2230 1151 2259; x_wconf 76' lang='lat' dir='ltr'>cf.</span> <span class='ocrx_word' id='word_1_622' title='bbox 1166 2230 1303 2270; x_wconf 65' lang='lat' dir='ltr'>Quinct.</span> <span class='ocrx_word' id='word_1_623' title='bbox 1319 2231 1370 2260; x_wconf 69' lang='lat'>⁶22.</span> <span class='ocrx_word' id='word_1_624' title='bbox 1398 2228 1490 2267; x_wconf 55' lang='lat' dir='ltr'>*jus</span> <span class='ocrx_word' id='word_1_625' title='bbox 1512 2229 1650 2268; x_wconf 68' lang='lat' dir='ltr'>Quinct.</span> <span class='ocrx_word' id='word_1_626' title='bbox 1665 2231 1719 2260; x_wconf 75' lang='lat'>28.</span> 
     </span>
     <span class='ocr_line' id='line_1_116' title="bbox 993 2272 1721 2313; baseline 0 -10"><span class='ocrx_word' id='word_1_627' title='bbox 993 2274 1171 2303; x_wconf 79' lang='lat' dir='ltr'>conditione</span> <span class='ocrx_word' id='word_1_628' title='bbox 1193 2273 1263 2313; x_wconf 83' lang='lat' dir='ltr'>pari</span> <span class='ocrx_word' id='word_1_629' title='bbox 1287 2274 1348 2302; x_wconf 90' lang='lat' dir='ltr'>uti.</span> <span class='ocrx_word' id='word_1_630' title='bbox 1371 2272 1463 2302; x_wconf 68' lang='lat' dir='ltr'>verr.</span> <span class='ocrx_word' id='word_1_631' title='bbox 1488 2273 1509 2302; x_wconf 87' lang='lat' dir='ltr'>i.</span> <span class='ocrx_word' id='word_1_632' title='bbox 1534 2275 1585 2303; x_wconf 72' lang='lat'>54.</span> <span class='ocrx_word' id='word_1_633' title='bbox 1615 2274 1721 2303; x_wconf 70' lang='lat' dir='ltr'>condi-</span> 
     </span>
     <span class='ocr_line' id='line_1_117' title="bbox 994 2316 1720 2357; baseline -0.001 -10"><span class='ocrx_word' id='word_1_634' title='bbox 994 2319 1077 2347; x_wconf 76' lang='lat' dir='ltr'>tione</span> <span class='ocrx_word' id='word_1_635' title='bbox 1086 2317 1212 2357; x_wconf 78' lang='lat' dir='ltr'>optima</span> <span class='ocrx_word' id='word_1_636' title='bbox 1221 2326 1291 2346; x_wconf 83' lang='lat' dir='ltr'>esse</span> <span class='ocrx_word' id='word_1_637' title='bbox 1303 2316 1461 2346; x_wconf 79' lang='lat' dir='ltr'>dicuntur</span> <span class='ocrx_word' id='word_1_638' title='bbox 1469 2317 1502 2346; x_wconf 91' lang='lat' dir='ltr'>in</span> <span class='ocrx_word' id='word_1_639' title='bbox 1512 2316 1720 2354; x_wconf 85' lang='lat' dir='ltr'>redimendo,</span> 
     </span>
     <span class='ocr_line' id='line_1_118' title="bbox 995 2359 1722 2400; baseline -0.001 -10"><span class='ocrx_word' id='word_1_640' title='bbox 995 2361 1050 2399; x_wconf 90' lang='lat' dir='ltr'>qui</span> <span class='ocrx_word' id='word_1_641' title='bbox 1076 2361 1282 2400; x_wconf 66' lang='lat' dir='ltr'>praecipuum</span> <span class='ocrx_word' id='word_1_642' title='bbox 1307 2360 1439 2398; x_wconf 82' lang='lat' dir='ltr'>aliquod</span> <span class='ocrx_word' id='word_1_643' title='bbox 1457 2360 1514 2398; x_wconf 88' lang='lat' dir='ltr'>jus</span> <span class='ocrx_word' id='word_1_644' title='bbox 1531 2359 1656 2390; x_wconf 85' lang='lat' dir='ltr'>habent</span> <span class='ocrx_word' id='word_1_645' title='bbox 1671 2370 1722 2389; x_wconf 82' lang='lat' dir='ltr'>re—</span> 
     </span>
     <span class='ocr_line' id='line_1_119' title="bbox 995 2403 1722 2443; baseline 0.001 -10"><span class='ocrx_word' id='word_1_646' title='bbox 995 2404 1156 2441; x_wconf 87' lang='lat' dir='ltr'>dimendi,</span> <span class='ocrx_word' id='word_1_647' title='bbox 1178 2409 1216 2433; x_wconf 89' lang='lat' dir='ltr'>ut</span> <span class='ocrx_word' id='word_1_648' title='bbox 1239 2403 1281 2432; x_wconf 86' lang='lat' dir='ltr'>ad</span> <span class='ocrx_word' id='word_1_649' title='bbox 1304 2404 1390 2443; x_wconf 84' lang='lat' dir='ltr'>ipsos</span> <span class='ocrx_word' id='word_1_650' title='bbox 1414 2404 1538 2443; x_wconf 82' lang='lat' dir='ltr'>potius,</span> <span class='ocrx_word' id='word_1_651' title='bbox 1556 2413 1656 2442; x_wconf 84' lang='lat' dir='ltr'>quam</span> <span class='ocrx_word' id='word_1_652' title='bbox 1680 2403 1722 2434; x_wconf 93' lang='lat' dir='ltr'>ad</span> 
     </span>
     <span class='ocr_line' id='line_1_120' title="bbox 995 2447 1722 2486; baseline 0 -9"><span class='ocrx_word' id='word_1_653' title='bbox 995 2447 1076 2477; x_wconf 86' lang='lat' dir='ltr'>alios</span> <span class='ocrx_word' id='word_1_654' title='bbox 1093 2457 1143 2477; x_wconf 89' lang='lat' dir='ltr'>res</span> <span class='ocrx_word' id='word_1_655' title='bbox 1159 2447 1352 2477; x_wconf 80' lang='lat' dir='ltr'>redimenda</span> <span class='ocrx_word' id='word_1_656' title='bbox 1367 2447 1552 2486; x_wconf 84' lang='lat' dir='ltr'>perveniat,</span> <span class='ocrx_word' id='word_1_657' title='bbox 1570 2447 1625 2476; x_wconf 87' lang='lat' dir='ltr'>ein</span> <span class='ocrx_word' id='word_1_658' title='bbox 1639 2447 1722 2477; x_wconf 89' lang='lat' dir='ltr'>Vor—</span> 
     </span>
     <span class='ocr_line' id='line_1_121' title="bbox 996 2490 1723 2532; baseline -0.001 -11"><span class='ocrx_word' id='word_1_659' title='bbox 996 2491 1102 2529; x_wconf 86' lang='lat' dir='ltr'>recht,</span> <span class='ocrx_word' id='word_1_660' title='bbox 1114 2492 1169 2530; x_wconf 82' lang='lat' dir='ltr'>jus</span> <span class='ocrx_word' id='word_1_661' title='bbox 1189 2490 1401 2532; x_wconf 66' lang='grc' dir='ltr'><strong>πςοτιμνῖσεως.</strong></span> <span class='ocrx_word' id='word_1_662' title='bbox 1426 2493 1503 2529; x_wconf 82' lang='lat' dir='ltr'>Agr.</span> <span class='ocrx_word' id='word_1_663' title='bbox 1521 2490 1566 2520; x_wconf 90' lang='lat' dir='ltr'>iii.</span> <span class='ocrx_word' id='word_1_664' title='bbox 1582 2493 1612 2522; x_wconf 71' lang='lat'>2.</span> <span class='ocrx_word' id='word_1_665' title='bbox 1636 2491 1723 2530; x_wconf 85' lang='lat' dir='ltr'>opti-</span> 
     </span>
     <span class='ocr_line' id='line_1_122' title="bbox 995 2533 1723 2573; baseline 0 -9"><span class='ocrx_word' id='word_1_666' title='bbox 995 2545 1052 2564; x_wconf 80' lang='lat' dir='ltr'>ma</span> <span class='ocrx_word' id='word_1_667' title='bbox 1074 2535 1248 2564; x_wconf 65' lang='lat' dir='ltr'>conditione</span> <span class='ocrx_word' id='word_1_668' title='bbox 1272 2533 1415 2573; x_wconf 50' lang='lat' dir='ltr'>pret-dia:</span> <span class='ocrx_word' id='word_1_669' title='bbox 1441 2543 1500 2573; x_wconf 91' lang='lat' dir='ltr'>pro</span> <span class='ocrx_word' id='word_1_670' title='bbox 1516 2543 1582 2572; x_wconf 83' lang='lat' dir='ltr'>quo</span> <span class='ocrx_word' id='word_1_671' title='bbox 1598 2533 1723 2564; x_wconf 85' lang='lat' dir='ltr'>dicitur</span> 
     </span>
     <span class='ocr_line' id='line_1_123' title="bbox 996 2577 1724 2618; baseline -0.001 -10"><span class='ocrx_word' id='word_1_672' title='bbox 996 2578 1176 2618; x_wconf 68' lang='lat' dir='ltr'>saepissime</span> <span class='ocrx_word' id='word_1_673' title='bbox 1200 2578 1328 2618; x_wconf 85' lang='lat' dir='ltr'>optimo</span> <span class='ocrx_word' id='word_1_674' title='bbox 1345 2578 1434 2615; x_wconf 84' lang='lat' dir='ltr'>jure.</span> <span class='ocrx_word' id='word_1_675' title='bbox 1459 2580 1478 2598; x_wconf 52' lang='grc' dir='ltr'>*ἓ</span> <span class='ocrx_word' id='word_1_676' title='bbox 1491 2577 1556 2607; x_wconf 84' lang='lat' dir='ltr'>Sed</span> <span class='ocrx_word' id='word_1_677' title='bbox 1578 2577 1671 2607; x_wconf 88' lang='lat' dir='ltr'>Verr.</span> <span class='ocrx_word' id='word_1_678' title='bbox 1688 2578 1724 2608; x_wconf 88' lang='lat' dir='ltr'>ii.</span> 
     </span>
     <span class='ocr_line' id='line_1_124' title="bbox 997 2621 1723 2661; baseline 0 -10"><span class='ocrx_word' id='word_1_679' title='bbox 997 2625 1049 2656; x_wconf 87' lang='lat'>59.</span> <span class='ocrx_word' id='word_1_680' title='bbox 1074 2622 1204 2661; x_wconf 82' lang='lat' dir='ltr'>optima</span> <span class='ocrx_word' id='word_1_681' title='bbox 1225 2621 1401 2650; x_wconf 62' lang='lat' dir='ltr'>conditione</span> <span class='ocrx_word' id='word_1_682' title='bbox 1419 2621 1541 2657; x_wconf 85' lang='lat' dir='ltr'>locare,</span> <span class='ocrx_word' id='word_1_683' title='bbox 1556 2624 1608 2650; x_wconf 84' lang='lat' dir='ltr'>est</span> <span class='ocrx_word' id='word_1_684' title='bbox 1623 2631 1723 2659; x_wconf 84' lang='lat' dir='ltr'>quam</span> 
     </span>
     <span class='ocr_line' id='line_1_125' title="bbox 998 2664 1726 2704; baseline 0 -10"><span class='ocrx_word' id='word_1_685' title='bbox 998 2665 1138 2694; x_wconf 88' lang='lat' dir='ltr'>minimo</span> <span class='ocrx_word' id='word_1_686' title='bbox 1156 2665 1273 2704; x_wconf 89' lang='lat' dir='ltr'>pretio.</span> <span class='ocrx_word' id='word_1_687' title='bbox 1291 2664 1331 2702; x_wconf 70' lang='grc' dir='ltr'>ῼ.</span> <span class='ocrx_word' id='word_1_688' title='bbox 1349 2664 1399 2693; x_wconf 90' lang='lat' dir='ltr'>Fr.</span> <span class='ocrx_word' id='word_1_689' title='bbox 1418 2664 1451 2693; x_wconf 92' lang='lat' dir='ltr'>ii.</span> <span class='ocrx_word' id='word_1_690' title='bbox 1467 2667 1498 2695; x_wconf 66' lang='lat'>2.</span> <span class='ocrx_word' id='word_1_691' title='bbox 1518 2664 1605 2694; x_wconf 89' lang='lat' dir='ltr'>bona</span> <span class='ocrx_word' id='word_1_692' title='bbox 1620 2664 1726 2695; x_wconf 77' lang='lat' dir='ltr'>concli-</span> 
     </span>
     <span class='ocr_line' id='line_1_126' title="bbox 997 2707 1726 2745; baseline 0 -7"><span class='ocrx_word' id='word_1_693' title='bbox 997 2709 1053 2745; x_wconf 76' lang='lat' dir='ltr'>tio,</span> <span class='ocrx_word' id='word_1_694' title='bbox 1069 2708 1108 2737; x_wconf 88' lang='lat' dir='ltr'>de</span> <span class='ocrx_word' id='word_1_695' title='bbox 1127 2708 1285 2737; x_wconf 82' lang='lat' dir='ltr'>emtione.</span> <span class='ocrx_word' id='word_1_696' title='bbox 1301 2708 1371 2737; x_wconf 80' lang='lat' dir='ltr'>Att.</span> <span class='ocrx_word' id='word_1_697' title='bbox 1384 2708 1439 2737; x_wconf 81' lang='lat' dir='ltr'>xii.</span> <span class='ocrx_word' id='word_1_698' title='bbox 1451 2710 1481 2737; x_wconf 81' lang='lat'>3.</span> <span class='ocrx_word' id='word_1_699' title='bbox 1501 2707 1638 2737; x_wconf 81' lang='lat' dir='ltr'>Vecteni</span> <span class='ocrx_word' id='word_1_700' title='bbox 1653 2717 1726 2738; x_wconf 84' lang='lat' dir='ltr'>con·</span> 
     </span>
     <span class='ocr_line' id='line_1_127' title="bbox 998 2750 1726 2782; baseline 0 -1"><span class='ocrx_word' id='word_1_701' title='bbox 998 2752 1074 2782; x_wconf 68' lang='lat' dir='ltr'>dicio</span> <span class='ocrx_word' id='word_1_702' title='bbox 1103 2753 1260 2781; x_wconf 80' lang='lat' dir='ltr'>semisse:</span> <span class='ocrx_word' id='word_1_703' title='bbox 1293 2761 1428 2780; x_wconf 70' lang='lat' dir='ltr'>versura</span> <span class='ocrx_word' id='word_1_704' title='bbox 1449 2761 1470 2780; x_wconf 85' lang='lat' dir='ltr'>a</span> <span class='ocrx_word' id='word_1_705' title='bbox 1490 2750 1640 2781; x_wconf 89' lang='lat' dir='ltr'>Vecteno</span> <span class='ocrx_word' id='word_1_706' title='bbox 1663 2752 1726 2782; x_wconf 89' lang='lat' dir='ltr'>sub</span> 
     </span>
     <span class='ocr_line' id='line_1_128' title="bbox 999 2793 1725 2825; baseline 0 -1"><span class='ocrx_word' id='word_1_707' title='bbox 999 2795 1107 2825; x_wconf 80' lang='lat' dir='ltr'>usuris</span> <span class='ocrx_word' id='word_1_708' title='bbox 1119 2795 1323 2824; x_wconf 72' lang='lat' dir='ltr'>semissibus.</span> <span class='ocrx_word' id='word_1_709' title='bbox 1333 2794 1351 2812; x_wconf 54' lang='lat' dir='ltr'>s*</span> <span class='ocrx_word' id='word_1_710' title='bbox 1368 2799 1490 2824; x_wconf 84' lang='lat' dir='ltr'>natura</span> <span class='ocrx_word' id='word_1_711' title='bbox 1501 2795 1560 2824; x_wconf 89' lang='lat' dir='ltr'>rei.</span> <span class='ocrx_word' id='word_1_712' title='bbox 1573 2793 1725 2825; x_wconf 83' lang='lat' dir='ltr'>Marcell.</span> 
     </span>
     <span class='ocr_line' id='line_1_129' title="bbox 999 2837 1728 2877; baseline -0.001 -8"><span class='ocrx_word' id='word_1_713' title='bbox 999 2841 1031 2869; x_wconf 80' lang='lat'>4.</span> <span class='ocrx_word' id='word_1_714' title='bbox 1047 2849 1068 2868; x_wconf 82' lang='lat' dir='ltr'>a</span> <span class='ocrx_word' id='word_1_715' title='bbox 1081 2848 1145 2877; x_wconf 90' lang='lat' dir='ltr'>quo</span> <span class='ocrx_word' id='word_1_716' title='bbox 1161 2839 1293 2868; x_wconf 73' lang='lat' dir='ltr'>conditio</span> <span class='ocrx_word' id='word_1_717' title='bbox 1305 2839 1419 2876; x_wconf 75' lang='lat' dir='ltr'>visque</span> <span class='ocrx_word' id='word_1_718' title='bbox 1436 2838 1584 2867; x_wconf 84' lang='lat' dir='ltr'>victoriae</span> <span class='ocrx_word' id='word_1_719' title='bbox 1597 2837 1728 2868; x_wconf 75' lang='lat' dir='ltr'>devicta</span> 
     </span>
     <span class='ocr_line' id='line_1_130' title="bbox 1000 2881 1727 2921; baseline 0.001 -9"><span class='ocrx_word' id='word_1_720' title='bbox 1000 2888 1062 2913; x_wconf 82' lang='lat' dir='ltr'>est.</span> <span class='ocrx_word' id='word_1_721' title='bbox 1087 2882 1164 2913; x_wconf 83' lang='lat' dir='ltr'>ibid.</span> <span class='ocrx_word' id='word_1_722' title='bbox 1188 2885 1219 2914; x_wconf 85' lang='lat'>3.</span> <span class='ocrx_word' id='word_1_723' title='bbox 1254 2891 1327 2921; x_wconf 80' lang='lat' dir='ltr'>quae</span> <span class='ocrx_word' id='word_1_724' title='bbox 1351 2884 1507 2912; x_wconf 78' lang='lat' dir='ltr'>naturam</span> <span class='ocrx_word' id='word_1_725' title='bbox 1530 2884 1565 2911; x_wconf 87' lang='lat' dir='ltr'>et</span> <span class='ocrx_word' id='word_1_726' title='bbox 1579 2881 1727 2913; x_wconf 72' lang='lat' dir='ltr'>conditio—</span> 
     </span>
    </p>
   </div>
  </div>
 </body>
</html>
