<?xml version="1.0" encoding="UTF-8"?>
<!DOCTYPE html PUBLIC "-//W3C//DTD XHTML 1.0 Transitional//EN"
    "http://www.w3.org/TR/xhtml1/DTD/xhtml1-transitional.dtd">
<html xmlns="http://www.w3.org/1999/xhtml" xml:lang="en" lang="en">
 <head>
  <title>
</title>
<meta http-equiv="Content-Type" content="text/html;charset=utf-8" />
  <meta name='ocr-system' content='tesseract 3.04.00' />
  <meta name='ocr-capabilities' content='ocr_page ocr_carea ocr_par ocr_line ocrx_word'/>
</head>
<body>
  <div class='ocr_page' id='page_1' title='image "./clavisciceronian00erneuoft/clavisciceronian00erneuoft_0367.png"; bbox 0 0 1920 3196; ppageno 0'>
   <div class='ocr_carea' id='block_1_1' title="bbox 695 109 1169 138">
    <p class='ocr_par' dir='ltr' id='par_1_1' title="bbox 695 109 1169 138">
     <span class='ocr_line' id='line_1_1' title="bbox 695 109 1169 138; baseline -0.002 0"><span class='ocrx_word' id='word_1_1' title='bbox 695 109 842 138; x_wconf 80' lang='lat' dir='ltr'>INDEX</span> <span class='ocrx_word' id='word_1_2' title='bbox 872 109 1169 137; x_wconf 75' lang='lat' dir='ltr'>LATINITATls.</span> 
     </span>
    </p>
   </div>
   <div class='ocr_carea' id='block_1_2' title="bbox 149 197 915 2933">
    <p class='ocr_par' dir='ltr' id='par_1_2' title="bbox 177 197 915 283">
     <span class='ocr_line' id='line_1_2' title="bbox 226 197 915 239; baseline -0.004 -9"><span class='ocrx_word' id='word_1_3' title='bbox 226 199 450 239; x_wconf 74' lang='lat' dir='ltr'>Negligentia.</span> <span class='ocrx_word' id='word_1_4' title='bbox 475 199 531 229; x_wconf 91' lang='lat' dir='ltr'>Or.</span> <span class='ocrx_word' id='word_1_5' title='bbox 548 201 601 230; x_wconf 73' lang='lat'>223.</span> <span class='ocrx_word' id='word_1_6' title='bbox 623 199 825 238; x_wconf 76' lang='lat' dir='ltr'><em>negligentia</em></span> <span class='ocrx_word' id='word_1_7' title='bbox 841 197 915 227; x_wconf 89' lang='lat' dir='ltr'>dili-</span> 
     </span>
     <span class='ocr_line' id='line_1_3' title="bbox 177 252 268 283; baseline 0 -11"><span class='ocrx_word' id='word_1_8' title='bbox 177 252 268 283; x_wconf 81' lang='lat' dir='ltr'>gens.</span> 
     </span>
    </p>

    <p class='ocr_par' dir='ltr' id='par_1_3' title="bbox 176 284 913 671">
     <span class='ocr_line' id='line_1_4' title="bbox 224 284 913 325; baseline -0.004 -9"><span class='ocrx_word' id='word_1_9' title='bbox 224 286 414 325; x_wconf 63' lang='lat' dir='ltr'>A&#39;egligere,</span> <span class='ocrx_word' id='word_1_10' title='bbox 437 285 608 325; x_wconf 79' lang='lat' dir='ltr'>eleganter</span> <span class='ocrx_word' id='word_1_11' title='bbox 632 285 672 316; x_wconf 92' lang='lat' dir='ltr'>de</span> <span class='ocrx_word' id='word_1_12' title='bbox 698 285 749 321; x_wconf 86' lang='lat' dir='ltr'>iis,</span> <span class='ocrx_word' id='word_1_13' title='bbox 773 284 829 323; x_wconf 89' lang='lat' dir='ltr'>qui</span> <span class='ocrx_word' id='word_1_14' title='bbox 854 293 913 313; x_wconf 89' lang='lat' dir='ltr'>no-</span> 
     </span>
     <span class='ocr_line' id='line_1_5' title="bbox 179 327 911 368; baseline -0.004 -9"><span class='ocrx_word' id='word_1_15' title='bbox 179 335 310 359; x_wconf 84' lang='lat' dir='ltr'>centem</span> <span class='ocrx_word' id='word_1_16' title='bbox 335 328 523 366; x_wconf 78' lang='lat' dir='ltr'>absolvunt,</span> <span class='ocrx_word' id='word_1_17' title='bbox 548 339 614 359; x_wconf 90' lang='lat' dir='ltr'>non</span> <span class='ocrx_word' id='word_1_18' title='bbox 639 329 793 368; x_wconf 86' lang='lat' dir='ltr'>puniunt.</span> <span class='ocrx_word' id='word_1_19' title='bbox 818 327 911 357; x_wconf 85' lang='lat' dir='ltr'>Verr.</span> 
     </span>
     <span class='ocr_line' id='line_1_6' title="bbox 179 373 909 412; baseline -0.004 -10"><span class='ocrx_word' id='word_1_20' title='bbox 179 373 226 402; x_wconf 88' lang='lat' dir='ltr'>iii.</span> <span class='ocrx_word' id='word_1_21' title='bbox 257 375 309 406; x_wconf 74' lang='lat'>9⁴.</span> <span class='ocrx_word' id='word_1_22' title='bbox 346 374 511 411; x_wconf 75' lang='lat' dir='ltr'>neg-ligrre</span> <span class='ocrx_word' id='word_1_23' title='bbox 549 375 724 412; x_wconf 82' lang='lat' dir='ltr'>pecuniam</span> <span class='ocrx_word' id='word_1_24' title='bbox 764 376 909 410; x_wconf 85' lang='lat' dir='ltr'>captam.</span> 
     </span>
     <span class='ocr_line' id='line_1_7' title="bbox 176 415 910 454; baseline -0.004 -9"><span class='ocrx_word' id='word_1_25' title='bbox 176 416 196 434; x_wconf 67' lang='lat'>¹*</span> <span class='ocrx_word' id='word_1_26' title='bbox 208 417 372 454; x_wconf 71' lang='lat' dir='ltr'><em>negligens</em></span> <span class='ocrx_word' id='word_1_27' title='bbox 389 416 427 445; x_wconf 91' lang='lat' dir='ltr'>de</span> <span class='ocrx_word' id='word_1_28' title='bbox 443 417 560 451; x_wconf 79' lang='lat' dir='ltr'>effuso,</span> <span class='ocrx_word' id='word_1_29' title='bbox 577 416 678 454; x_wconf 72' lang='lat' dir='ltr'>largo.</span> <span class='ocrx_word' id='word_1_30' title='bbox 703 415 745 444; x_wconf 91' lang='lat' dir='ltr'>ad</span> <span class='ocrx_word' id='word_1_31' title='bbox 769 415 845 444; x_wconf 83' lang='lat' dir='ltr'>Div.</span> <span class='ocrx_word' id='word_1_32' title='bbox 864 415 910 443; x_wconf 91' lang='lat' dir='ltr'>iii.</span> 
     </span>
     <span class='ocr_line' id='line_1_8' title="bbox 177 459 909 498; baseline -0.004 -9"><span class='ocrx_word' id='word_1_33' title='bbox 177 462 207 489; x_wconf 77' lang='lat'>8.</span> <span class='ocrx_word' id='word_1_34' title='bbox 234 469 297 488; x_wconf 83' lang='lat' dir='ltr'>non</span> <span class='ocrx_word' id='word_1_35' title='bbox 316 460 408 498; x_wconf 85' lang='lat' dir='ltr'>potui</span> <span class='ocrx_word' id='word_1_36' title='bbox 422 459 455 488; x_wconf 93' lang='lat' dir='ltr'>in</span> <span class='ocrx_word' id='word_1_37' title='bbox 473 459 528 489; x_wconf 90' lang='lat' dir='ltr'>illo</span> <span class='ocrx_word' id='word_1_38' title='bbox 545 464 656 489; x_wconf 86' lang='lat' dir='ltr'>sumtu</span> <span class='ocrx_word' id='word_1_39' title='bbox 676 467 741 488; x_wconf 87' lang='lat' dir='ltr'>non</span> <span class='ocrx_word' id='word_1_40' title='bbox 760 466 909 487; x_wconf 84' lang='lat' dir='ltr'>necessa-</span> 
     </span>
     <span class='ocr_line' id='line_1_9' title="bbox 178 501 910 541; baseline -0.003 -9"><span class='ocrx_word' id='word_1_41' title='bbox 178 503 225 532; x_wconf 87' lang='lat' dir='ltr'>rio</span> <span class='ocrx_word' id='word_1_42' title='bbox 250 504 415 541; x_wconf 58' lang='lat' dir='ltr'>negligmas</span> <span class='ocrx_word' id='word_1_43' title='bbox 439 512 520 532; x_wconf 85' lang='lat' dir='ltr'>esse.</span> <span class='ocrx_word' id='word_1_44' title='bbox 566 503 618 532; x_wconf 76' lang='lat' dir='ltr'>Sic</span> <span class='ocrx_word' id='word_1_45' title='bbox 644 502 800 539; x_wconf 83' lang='lat' dir='ltr'>intelligit</span> <span class='ocrx_word' id='word_1_46' title='bbox 819 501 910 530; x_wconf 83' lang='lat' dir='ltr'>Grae-</span> 
     </span>
     <span class='ocr_line' id='line_1_10' title="bbox 178 544 907 584; baseline 0 -11"><span class='ocrx_word' id='word_1_47' title='bbox 178 547 263 581; x_wconf 83' lang='lat' dir='ltr'>vius,</span> <span class='ocrx_word' id='word_1_48' title='bbox 288 556 386 584; x_wconf 85' lang='lat' dir='ltr'>quem</span> <span class='ocrx_word' id='word_1_49' title='bbox 415 546 478 575; x_wconf 81' lang='lat' dir='ltr'>vid.</span> <span class='ocrx_word' id='word_1_50' title='bbox 505 545 546 575; x_wconf 88' lang='lat' dir='ltr'>ad</span> <span class='ocrx_word' id='word_1_51' title='bbox 570 545 602 575; x_wconf 84' lang='lat' dir='ltr'>h.</span> <span class='ocrx_word' id='word_1_52' title='bbox 626 545 647 575; x_wconf 92' lang='lat' dir='ltr'>l.</span> <span class='ocrx_word' id='word_1_53' title='bbox 672 555 732 574; x_wconf 87' lang='lat' dir='ltr'>nec</span> <span class='ocrx_word' id='word_1_54' title='bbox 757 544 907 574; x_wconf 75' lang='lat' dir='ltr'>absurde.</span> 
     </span>
     <span class='ocr_line' id='line_1_11' title="bbox 178 588 911 629; baseline -0.001 -11"><span class='ocrx_word' id='word_1_55' title='bbox 178 597 256 618; x_wconf 87' lang='lat' dir='ltr'>nam</span> <span class='ocrx_word' id='word_1_56' title='bbox 274 589 414 628; x_wconf 74' lang='lat' dir='ltr'>diligens</span> <span class='ocrx_word' id='word_1_57' title='bbox 433 599 492 628; x_wconf 87' lang='lat' dir='ltr'>pro</span> <span class='ocrx_word' id='word_1_58' title='bbox 509 600 606 629; x_wconf 84' lang='lat' dir='ltr'>parco</span> <span class='ocrx_word' id='word_1_59' title='bbox 622 589 756 618; x_wconf 86' lang='lat' dir='ltr'>dicitur.</span> <span class='ocrx_word' id='word_1_60' title='bbox 782 588 845 617; x_wconf 89' lang='lat' dir='ltr'>Sed</span> <span class='ocrx_word' id='word_1_61' title='bbox 861 593 911 617; x_wconf 85' lang='lat' dir='ltr'>ta—</span> 
     </span>
     <span class='ocr_line' id='line_1_12' title="bbox 178 633 843 671; baseline -0.003 -10"><span class='ocrx_word' id='word_1_62' title='bbox 178 641 255 661; x_wconf 86' lang='lat' dir='ltr'>men</span> <span class='ocrx_word' id='word_1_63' title='bbox 274 642 339 662; x_wconf 90' lang='lat' dir='ltr'>non</span> <span class='ocrx_word' id='word_1_64' title='bbox 359 634 545 662; x_wconf 76' lang='lat' dir='ltr'>necessario</span> <span class='ocrx_word' id='word_1_65' title='bbox 562 634 609 662; x_wconf 86' lang='lat' dir='ltr'>sic</span> <span class='ocrx_word' id='word_1_66' title='bbox 627 633 730 671; x_wconf 83' lang='lat' dir='ltr'>accipi</span> <span class='ocrx_word' id='word_1_67' title='bbox 749 637 843 671; x_wconf 87' lang='lat' dir='ltr'>puto.</span> 
     </span>
    </p>

    <p class='ocr_par' dir='ltr' id='par_1_4' title="bbox 176 676 910 758">
     <span class='ocr_line' id='line_1_13' title="bbox 223 676 910 712; baseline -0.003 -7"><span class='ocrx_word' id='word_1_68' title='bbox 223 676 417 712; x_wconf 52' lang='lat' dir='ltr'>licentiatis.</span> <span class='ocrx_word' id='word_1_69' title='bbox 443 676 511 705; x_wconf 82' lang='lat' dir='ltr'>Inv.</span> <span class='ocrx_word' id='word_1_70' title='bbox 529 677 548 706; x_wconf 89' lang='lat' dir='ltr'>i.</span> <span class='ocrx_word' id='word_1_71' title='bbox 572 680 619 706; x_wconf 89' lang='lat' dir='ltr'>ll.</span> <span class='ocrx_word' id='word_1_72' title='bbox 643 676 840 705; x_wconf 85' lang='lat' dir='ltr'>constitutio</span> <span class='ocrx_word' id='word_1_73' title='bbox 856 684 910 704; x_wconf 70' lang='lat'>718-</span> 
     </span>
     <span class='ocr_line' id='line_1_14' title="bbox 176 720 494 758; baseline 0 -10"><span class='ocrx_word' id='word_1_74' title='bbox 176 721 322 757; x_wconf 67' lang='lat' dir='ltr'>gotinus,</span> <span class='ocrx_word' id='word_1_75' title='bbox 340 720 417 758; x_wconf 88' lang='lat' dir='ltr'>quid</span> <span class='ocrx_word' id='word_1_76' title='bbox 434 721 494 749; x_wconf 86' lang='lat' dir='ltr'>sit:</span> 
     </span>
    </p>

    <p class='ocr_par' dir='ltr' id='par_1_5' title="bbox 179 761 906 845">
     <span class='ocr_line' id='line_1_15' title="bbox 219 761 906 803; baseline -0.004 -10"><span class='ocrx_word' id='word_1_77' title='bbox 219 763 407 801; x_wconf 65' lang='lat' dir='ltr'>Negocz&#39;ari.</span> <span class='ocrx_word' id='word_1_78' title='bbox 423 764 464 803; x_wconf 76' lang='lat' dir='ltr'>Q.</span> <span class='ocrx_word' id='word_1_79' title='bbox 479 763 529 792; x_wconf 83' lang='lat' dir='ltr'>Fr.</span> <span class='ocrx_word' id='word_1_80' title='bbox 545 763 565 791; x_wconf 94' lang='lat' dir='ltr'>i.</span> <span class='ocrx_word' id='word_1_81' title='bbox 579 765 606 792; x_wconf 87' lang='lat' dir='ltr'>l.</span> <span class='ocrx_word' id='word_1_82' title='bbox 626 772 654 791; x_wconf 92' lang='lat' dir='ltr'>c.</span> <span class='ocrx_word' id='word_1_83' title='bbox 673 761 835 791; x_wconf 88' lang='lat' dir='ltr'>l.Vcrr.i.</span> <span class='ocrx_word' id='word_1_84' title='bbox 853 763 906 795; x_wconf 61' lang='grc' dir='ltr'>ΞΤ.</span> 
     </span>
     <span class='ocr_line' id='line_1_16' title="bbox 179 806 779 845; baseline -0.002 -10"><span class='ocrx_word' id='word_1_85' title='bbox 179 806 214 836; x_wconf 81' lang='lat' dir='ltr'>ii.</span> <span class='ocrx_word' id='word_1_86' title='bbox 231 810 262 836; x_wconf 80' lang='lat'>3.</span> <span class='ocrx_word' id='word_1_87' title='bbox 287 807 362 845; x_wconf 78' lang='lat' dir='ltr'>quid</span> <span class='ocrx_word' id='word_1_88' title='bbox 381 808 434 843; x_wconf 88' lang='lat' dir='ltr'>sit,</span> <span class='ocrx_word' id='word_1_89' title='bbox 450 806 521 835; x_wconf 84' lang='lat' dir='ltr'>vide</span> <span class='ocrx_word' id='word_1_90' title='bbox 538 806 572 834; x_wconf 86' lang='lat' dir='ltr'>in</span> <span class='ocrx_word' id='word_1_91' title='bbox 588 807 779 844; x_wconf 67' lang='lat' dir='ltr'>negotiator.</span> 
     </span>
    </p>

    <p class='ocr_par' dir='ltr' id='par_1_6' title="bbox 166 848 910 2878">
     <span class='ocr_line' id='line_1_17' title="bbox 225 848 908 888; baseline -0.004 -9"><span class='ocrx_word' id='word_1_92' title='bbox 225 850 428 887; x_wconf 77' lang='lat' dir='ltr'>lVegote&#39;ator.</span> <span class='ocrx_word' id='word_1_93' title='bbox 451 851 502 879; x_wconf 85' lang='lat' dir='ltr'>De</span> <span class='ocrx_word' id='word_1_94' title='bbox 519 849 767 888; x_wconf 74' lang='lat' dir='ltr'>negotiatoribus</span> <span class='ocrx_word' id='word_1_95' title='bbox 779 848 908 886; x_wconf 65' lang='lat' dir='ltr'>egimus</span> 
     </span>
     <span class='ocr_line' id='line_1_18' title="bbox 179 890 909 933; baseline -0.003 -12"><span class='ocrx_word' id='word_1_96' title='bbox 179 893 338 933; x_wconf 79' lang='lat' dir='ltr'>peculiari</span> <span class='ocrx_word' id='word_1_97' title='bbox 399 893 542 932; x_wconf 80' lang='lat' dir='ltr'>quadam</span> <span class='ocrx_word' id='word_1_98' title='bbox 601 890 909 927; x_wconf 77' lang='lat' dir='ltr'>dissertatiuncula,</span> 
     </span>
     <span class='ocr_line' id='line_1_19' title="bbox 177 936 908 975; baseline -0.003 -10"><span class='ocrx_word' id='word_1_99' title='bbox 177 946 276 974; x_wconf 88' lang='lat' dir='ltr'>quam</span> <span class='ocrx_word' id='word_1_100' title='bbox 309 937 363 966; x_wconf 87' lang='lat' dir='ltr'>hic</span> <span class='ocrx_word' id='word_1_101' title='bbox 393 937 426 966; x_wconf 90' lang='lat' dir='ltr'>in</span> <span class='ocrx_word' id='word_1_102' title='bbox 456 936 690 975; x_wconf 73' lang='lat' dir='ltr'>compendium</span> <span class='ocrx_word' id='word_1_103' title='bbox 722 936 908 964; x_wconf 79' lang='lat' dir='ltr'>mittemus.</span> 
     </span>
     <span class='ocr_line' id='line_1_20' title="bbox 177 980 908 1019; baseline -0.005 -9"><span class='ocrx_word' id='word_1_104' title='bbox 177 980 404 1017; x_wconf 45' lang='lat' dir='ltr'>negotiatores</span> <span class='ocrx_word' id='word_1_105' title='bbox 427 981 532 1019; x_wconf 86' lang='lat' dir='ltr'>primo</span> <span class='ocrx_word' id='word_1_106' title='bbox 558 989 622 1009; x_wconf 89' lang='lat' dir='ltr'>non</span> <span class='ocrx_word' id='word_1_107' title='bbox 646 984 725 1009; x_wconf 88' lang='lat' dir='ltr'>sunt</span> <span class='ocrx_word' id='word_1_108' title='bbox 750 984 908 1014; x_wconf 83' lang='lat' dir='ltr'>aratores,</span> 
     </span>
     <span class='ocr_line' id='line_1_21' title="bbox 179 1021 909 1063; baseline -0.004 -10"><span class='ocrx_word' id='word_1_109' title='bbox 179 1023 359 1063; x_wconf 87' lang='lat' dir='ltr'>publicani,</span> <span class='ocrx_word' id='word_1_110' title='bbox 391 1030 449 1053; x_wconf 84' lang='lat' dir='ltr'>aut</span> <span class='ocrx_word' id='word_1_111' title='bbox 487 1023 647 1063; x_wconf 80' lang='lat' dir='ltr'>pecuarii,</span> <span class='ocrx_word' id='word_1_112' title='bbox 679 1022 766 1061; x_wconf 88' lang='lat' dir='ltr'>quod</span> <span class='ocrx_word' id='word_1_113' title='bbox 805 1021 909 1050; x_wconf 88' lang='lat' dir='ltr'>Hoto-</span> 
     </span>
     <span class='ocr_line' id='line_1_22' title="bbox 178 1064 908 1099; baseline -0.003 -3"><span class='ocrx_word' id='word_1_114' title='bbox 178 1076 302 1096; x_wconf 87' lang='lat' dir='ltr'>manno</span> <span class='ocrx_word' id='word_1_115' title='bbox 321 1067 493 1096; x_wconf 77' lang='lat' dir='ltr'>videbatur</span> <span class='ocrx_word' id='word_1_116' title='bbox 515 1068 555 1096; x_wconf 88' lang='lat' dir='ltr'>ad</span> <span class='ocrx_word' id='word_1_117' title='bbox 579 1066 670 1095; x_wconf 86' lang='lat' dir='ltr'>Verr.</span> <span class='ocrx_word' id='word_1_118' title='bbox 689 1066 722 1095; x_wconf 87' lang='lat' dir='ltr'>ii.</span> <span class='ocrx_word' id='word_1_119' title='bbox 747 1069 799 1099; x_wconf 79' lang='grc'>77.</span> <span class='ocrx_word' id='word_1_120' title='bbox 825 1064 908 1094; x_wconf 87' lang='lat' dir='ltr'>Fon-</span> 
     </span>
     <span class='ocr_line' id='line_1_23' title="bbox 175 1108 908 1147; baseline -0.004 -7"><span class='ocrx_word' id='word_1_121' title='bbox 175 1111 234 1140; x_wconf 92' lang='lat' dir='ltr'>tei.</span> <span class='ocrx_word' id='word_1_122' title='bbox 256 1113 281 1140; x_wconf 88' lang='lat' dir='ltr'>l.</span> <span class='ocrx_word' id='word_1_123' title='bbox 307 1114 341 1140; x_wconf 85' lang='lat' dir='ltr'>et</span> <span class='ocrx_word' id='word_1_124' title='bbox 355 1110 531 1140; x_wconf 74' lang='lat' dir='ltr'>&#39;l‘orrentio</span> <span class='ocrx_word' id='word_1_125' title='bbox 549 1110 589 1139; x_wconf 91' lang='lat' dir='ltr'>ad</span> <span class='ocrx_word' id='word_1_126' title='bbox 601 1110 739 1139; x_wconf 87' lang='lat' dir='ltr'>Sueton.</span> <span class='ocrx_word' id='word_1_127' title='bbox 757 1108 841 1147; x_wconf 81' lang='lat' dir='ltr'>Aug.</span> <span class='ocrx_word' id='word_1_128' title='bbox 856 1110 908 1138; x_wconf 71' lang='lat'>4⁶3.</span> 
     </span>
     <span class='ocr_line' id='line_1_24' title="bbox 177 1152 906 1192; baseline -0.003 -10"><span class='ocrx_word' id='word_1_129' title='bbox 177 1163 238 1182; x_wconf 89' lang='lat' dir='ltr'>nec</span> <span class='ocrx_word' id='word_1_130' title='bbox 263 1163 377 1183; x_wconf 87' lang='lat' dir='ltr'>omnes</span> <span class='ocrx_word' id='word_1_131' title='bbox 400 1154 435 1189; x_wconf 88' lang='lat' dir='ltr'>ii,</span> <span class='ocrx_word' id='word_1_132' title='bbox 458 1154 513 1192; x_wconf 91' lang='lat' dir='ltr'>qui</span> <span class='ocrx_word' id='word_1_133' title='bbox 539 1154 571 1182; x_wconf 87' lang='lat' dir='ltr'>in</span> <span class='ocrx_word' id='word_1_134' title='bbox 597 1153 774 1192; x_wconf 79' lang='lat' dir='ltr'>provinciis</span> <span class='ocrx_word' id='word_1_135' title='bbox 795 1152 906 1181; x_wconf 89' lang='lat' dir='ltr'>sedem</span> 
     </span>
     <span class='ocr_line' id='line_1_25' title="bbox 174 1197 904 1232; baseline -0.003 -6"><span class='ocrx_word' id='word_1_136' title='bbox 174 1197 385 1226; x_wconf 81' lang='lat' dir='ltr'>fortunarum</span> <span class='ocrx_word' id='word_1_137' title='bbox 403 1207 536 1227; x_wconf 87' lang='lat' dir='ltr'>suarum</span> <span class='ocrx_word' id='word_1_138' title='bbox 555 1197 810 1232; x_wconf 84' lang='lat' dir='ltr'>constituerant,</span> <span class='ocrx_word' id='word_1_139' title='bbox 829 1205 904 1225; x_wconf 91' lang='lat' dir='ltr'>cum</span> 
     </span>
     <span class='ocr_line' id='line_1_26' title="bbox 173 1239 909 1278; baseline -0.001 -9"><span class='ocrx_word' id='word_1_140' title='bbox 173 1241 260 1270; x_wconf 82' lang='lat' dir='ltr'>cives</span> <span class='ocrx_word' id='word_1_141' title='bbox 274 1241 414 1270; x_wconf 85' lang='lat' dir='ltr'>Romani</span> <span class='ocrx_word' id='word_1_142' title='bbox 430 1248 503 1270; x_wconf 86' lang='lat' dir='ltr'>tum</span> <span class='ocrx_word' id='word_1_143' title='bbox 517 1241 608 1277; x_wconf 86' lang='lat' dir='ltr'>socii,</span> <span class='ocrx_word' id='word_1_144' title='bbox 623 1240 678 1278; x_wconf 86' lang='lat' dir='ltr'>qni</span> <span class='ocrx_word' id='word_1_145' title='bbox 695 1249 790 1278; x_wconf 80' lang='lat' dir='ltr'>agros</span> <span class='ocrx_word' id='word_1_146' title='bbox 808 1239 909 1268; x_wconf 85' lang='lat' dir='ltr'>habe—</span> 
     </span>
     <span class='ocr_line' id='line_1_27' title="bbox 175 1283 906 1323; baseline -0.003 -10"><span class='ocrx_word' id='word_1_147' title='bbox 175 1283 270 1321; x_wconf 88' lang='lat' dir='ltr'>bant,</span> <span class='ocrx_word' id='word_1_148' title='bbox 288 1294 429 1322; x_wconf 82' lang='lat' dir='ltr'>quornm</span> <span class='ocrx_word' id='word_1_149' title='bbox 452 1284 582 1313; x_wconf 76' lang='lat' dir='ltr'>fructus</span> <span class='ocrx_word' id='word_1_150' title='bbox 600 1293 658 1323; x_wconf 87' lang='lat' dir='ltr'>per</span> <span class='ocrx_word' id='word_1_151' title='bbox 676 1287 906 1323; x_wconf 79' lang='lat' dir='ltr'>procuratores</span> 
     </span>
     <span class='ocr_line' id='line_1_28' title="bbox 174 1327 907 1365; baseline -0.001 -9"><span class='ocrx_word' id='word_1_152' title='bbox 174 1336 251 1356; x_wconf 89' lang='lat' dir='ltr'>suos</span> <span class='ocrx_word' id='word_1_153' title='bbox 273 1327 474 1364; x_wconf 78' lang='lat' dir='ltr'>vendebant,</span> <span class='ocrx_word' id='word_1_154' title='bbox 492 1328 524 1357; x_wconf 89' lang='lat' dir='ltr'>h.</span> <span class='ocrx_word' id='word_1_155' title='bbox 548 1338 576 1357; x_wconf 91' lang='lat' dir='ltr'>e.</span> <span class='ocrx_word' id='word_1_156' title='bbox 593 1332 751 1363; x_wconf 80' lang='lat' dir='ltr'>aratores,</span> <span class='ocrx_word' id='word_1_157' title='bbox 768 1336 839 1365; x_wconf 79' lang='lat' dir='ltr'>quae</span> <span class='ocrx_word' id='word_1_158' title='bbox 857 1331 907 1355; x_wconf 82' lang='lat' dir='ltr'>est</span> 
     </span>
     <span class='ocr_line' id='line_1_29' title="bbox 175 1370 910 1404; baseline -0.001 -5"><span class='ocrx_word' id='word_1_159' title='bbox 175 1370 296 1400; x_wconf 62' lang='lat' dir='ltr'>Graevii</span> <span class='ocrx_word' id='word_1_160' title='bbox 319 1371 490 1400; x_wconf 85' lang='lat' dir='ltr'>sententia</span> <span class='ocrx_word' id='word_1_161' title='bbox 512 1370 552 1400; x_wconf 86' lang='lat' dir='ltr'>ad</span> <span class='ocrx_word' id='word_1_162' title='bbox 575 1370 668 1400; x_wconf 88' lang='lat' dir='ltr'>Verr.</span> <span class='ocrx_word' id='word_1_163' title='bbox 690 1371 724 1399; x_wconf 91' lang='lat' dir='ltr'>ii.</span> <span class='ocrx_word' id='word_1_164' title='bbox 743 1374 795 1404; x_wconf 75' lang='grc'><strong>77.</strong></span> <span class='ocrx_word' id='word_1_165' title='bbox 820 1370 910 1399; x_wconf 83' lang='lat' dir='ltr'>aliis-</span> 
     </span>
     <span class='ocr_line' id='line_1_30' title="bbox 174 1414 906 1452; baseline -0.001 -9"><span class='ocrx_word' id='word_1_166' title='bbox 174 1424 240 1452; x_wconf 90' lang='lat' dir='ltr'>que</span> <span class='ocrx_word' id='word_1_167' title='bbox 257 1414 348 1450; x_wconf 87' lang='lat' dir='ltr'>locis,</span> <span class='ocrx_word' id='word_1_168' title='bbox 362 1415 545 1452; x_wconf 86' lang='lat' dir='ltr'>cujusmodi</span> <span class='ocrx_word' id='word_1_169' title='bbox 564 1415 791 1452; x_wconf 72' lang='lat' dir='ltr'>negotiatorem</span> <span class='ocrx_word' id='word_1_170' title='bbox 809 1418 906 1452; x_wconf 87' lang='lat' dir='ltr'>putat</span> 
     </span>
     <span class='ocr_line' id='line_1_31' title="bbox 174 1457 905 1495; baseline 0 -9"><span class='ocrx_word' id='word_1_171' title='bbox 174 1457 275 1487; x_wconf 83' lang='lat' dir='ltr'>fuisse</span> <span class='ocrx_word' id='word_1_172' title='bbox 298 1457 514 1493; x_wconf 90' lang='lat' dir='ltr'>Trebonium,</span> <span class='ocrx_word' id='word_1_173' title='bbox 540 1458 580 1487; x_wconf 79' lang='lat' dir='ltr'>ad</span> <span class='ocrx_word' id='word_1_174' title='bbox 603 1458 679 1487; x_wconf 81' lang='lat' dir='ltr'>Div.</span> <span class='ocrx_word' id='word_1_175' title='bbox 704 1458 724 1487; x_wconf 91' lang='lat' dir='ltr'>i.</span> <span class='ocrx_word' id='word_1_176' title='bbox 750 1460 779 1487; x_wconf 87' lang='lat'>3.</span> <span class='ocrx_word' id='word_1_177' title='bbox 805 1467 905 1495; x_wconf 89' lang='lat' dir='ltr'>quem</span> 
     </span>
     <span class='ocr_line' id='line_1_32' title="bbox 176 1499 906 1531; baseline -0.001 -1"><span class='ocrx_word' id='word_1_178' title='bbox 176 1500 294 1530; x_wconf 89' lang='lat' dir='ltr'>deinde</span> <span class='ocrx_word' id='word_1_179' title='bbox 312 1506 446 1531; x_wconf 85' lang='lat' dir='ltr'>secutus</span> <span class='ocrx_word' id='word_1_180' title='bbox 463 1507 513 1530; x_wconf 87' lang='lat' dir='ltr'>est</span> <span class='ocrx_word' id='word_1_181' title='bbox 526 1501 584 1530; x_wconf 78' lang='lat' dir='ltr'>Vir</span> <span class='ocrx_word' id='word_1_182' title='bbox 601 1501 717 1530; x_wconf 84' lang='lat' dir='ltr'>doctus</span> <span class='ocrx_word' id='word_1_183' title='bbox 733 1501 766 1529; x_wconf 92' lang='lat' dir='ltr'>in</span> <span class='ocrx_word' id='word_1_184' title='bbox 784 1499 906 1529; x_wconf 84' lang='lat' dir='ltr'>Lexieo</span> 
     </span>
     <span class='ocr_line' id='line_1_33' title="bbox 175 1543 908 1575; baseline 0 -2"><span class='ocrx_word' id='word_1_185' title='bbox 175 1543 282 1574; x_wconf 77' lang='lat' dir='ltr'>Fabri.</span> <span class='ocrx_word' id='word_1_186' title='bbox 305 1545 393 1574; x_wconf 81' lang='lat' dir='ltr'>Nam</span> <span class='ocrx_word' id='word_1_187' title='bbox 410 1545 503 1575; x_wconf 89' lang='lat' dir='ltr'>Verr.</span> <span class='ocrx_word' id='word_1_188' title='bbox 521 1546 554 1574; x_wconf 88' lang='lat' dir='ltr'>ii.</span> <span class='ocrx_word' id='word_1_189' title='bbox 571 1548 600 1575; x_wconf 85' lang='grc'><strong>3.</strong></span> <span class='ocrx_word' id='word_1_190' title='bbox 629 1544 734 1573; x_wconf 83' lang='lat' dir='ltr'>Flacc.</span> <span class='ocrx_word' id='word_1_191' title='bbox 754 1545 802 1574; x_wconf 76' lang='lat'>16.</span> <span class='ocrx_word' id='word_1_192' title='bbox 836 1543 908 1573; x_wconf 85' lang='lat' dir='ltr'>Ma-</span> 
     </span>
     <span class='ocr_line' id='line_1_34' title="bbox 174 1587 908 1628; baseline 0 -12"><span class='ocrx_word' id='word_1_193' title='bbox 174 1587 233 1617; x_wconf 88' lang='lat' dir='ltr'>nil.</span> <span class='ocrx_word' id='word_1_194' title='bbox 252 1592 282 1621; x_wconf 79' lang='lat'>7.</span> <span class='ocrx_word' id='word_1_195' title='bbox 308 1588 563 1627; x_wconf 77' lang='lat' dir='ltr'>distinguuntur</span> <span class='ocrx_word' id='word_1_196' title='bbox 578 1588 745 1628; x_wconf 88' lang='lat' dir='ltr'>publicani</span> <span class='ocrx_word' id='word_1_197' title='bbox 771 1598 790 1616; x_wconf 88' lang='lat' dir='ltr'>a</span> <span class='ocrx_word' id='word_1_198' title='bbox 814 1597 908 1625; x_wconf 81' lang='lat' dir='ltr'>nego-</span> 
     </span>
     <span class='ocr_line' id='line_1_35' title="bbox 173 1630 907 1669; baseline 0 -9"><span class='ocrx_word' id='word_1_199' title='bbox 173 1632 354 1667; x_wconf 72' lang='lat' dir='ltr'>tiatoribus,</span> <span class='ocrx_word' id='word_1_200' title='bbox 372 1632 451 1661; x_wconf 85' lang='lat' dir='ltr'>item</span> <span class='ocrx_word' id='word_1_201' title='bbox 470 1631 539 1661; x_wconf 79' lang='lat' dir='ltr'>Att.</span> <span class='ocrx_word' id='word_1_202' title='bbox 557 1633 590 1661; x_wconf 90' lang='lat' dir='ltr'>ii.</span> <span class='ocrx_word' id='word_1_203' title='bbox 610 1632 658 1661; x_wconf 67' lang='lat'>16.</span> <span class='ocrx_word' id='word_1_204' title='bbox 682 1630 769 1661; x_wconf 86' lang='lat' dir='ltr'>malo</span> <span class='ocrx_word' id='word_1_205' title='bbox 786 1632 907 1669; x_wconf 76' lang='lat' dir='ltr'>negoti-</span> 
     </span>
     <span class='ocr_line' id='line_1_36' title="bbox 173 1674 904 1714; baseline -0.001 -10"><span class='ocrx_word' id='word_1_206' title='bbox 173 1676 315 1705; x_wconf 67' lang='lat' dir='ltr'>atoribus</span> <span class='ocrx_word' id='word_1_207' title='bbox 344 1675 547 1712; x_wconf 79' lang='lat' dir='ltr'>satisfacere,</span> <span class='ocrx_word' id='word_1_208' title='bbox 571 1685 671 1714; x_wconf 87' lang='lat' dir='ltr'>quam</span> <span class='ocrx_word' id='word_1_209' title='bbox 706 1674 904 1714; x_wconf 88' lang='lat' dir='ltr'>publicanis.</span> 
     </span>
     <span class='ocr_line' id='line_1_37' title="bbox 175 1718 905 1758; baseline -0.003 -10"><span class='ocrx_word' id='word_1_210' title='bbox 175 1719 255 1748; x_wconf 87' lang='lat' dir='ltr'>item</span> <span class='ocrx_word' id='word_1_211' title='bbox 282 1719 322 1748; x_wconf 90' lang='lat' dir='ltr'>ab</span> <span class='ocrx_word' id='word_1_212' title='bbox 346 1719 542 1756; x_wconf 83' lang='lat' dir='ltr'>aratoribus,</span> <span class='ocrx_word' id='word_1_213' title='bbox 560 1724 593 1748; x_wconf 80' lang='lat' dir='ltr'>et</span> <span class='ocrx_word' id='word_1_214' title='bbox 619 1719 794 1758; x_wconf 78' lang='lat' dir='ltr'>pecuariis,</span> <span class='ocrx_word' id='word_1_215' title='bbox 811 1718 905 1747; x_wconf 82' lang='lat' dir='ltr'>Verr.</span> 
     </span>
     <span class='ocr_line' id='line_1_38' title="bbox 175 1762 906 1801; baseline -0.001 -10"><span class='ocrx_word' id='word_1_216' title='bbox 175 1762 209 1791; x_wconf 81' lang='lat' dir='ltr'>ii.</span> <span class='ocrx_word' id='word_1_217' title='bbox 226 1765 256 1791; x_wconf 90' lang='lat'>3.</span> <span class='ocrx_word' id='word_1_218' title='bbox 282 1767 318 1792; x_wconf 91' lang='lat' dir='ltr'>ut</span> <span class='ocrx_word' id='word_1_219' title='bbox 335 1772 438 1797; x_wconf 83' lang='lat' dir='ltr'>arare,</span> <span class='ocrx_word' id='word_1_220' title='bbox 458 1771 494 1791; x_wconf 87' lang='lat' dir='ltr'>ut</span> <span class='ocrx_word' id='word_1_221' title='bbox 520 1772 667 1801; x_wconf 83' lang='lat' dir='ltr'>pascere,</span> <span class='ocrx_word' id='word_1_222' title='bbox 685 1768 722 1791; x_wconf 92' lang='lat' dir='ltr'>ut</span> <span class='ocrx_word' id='word_1_223' title='bbox 745 1763 906 1800; x_wconf 62' lang='lat' dir='ltr'>negotiare·</span> 
     </span>
     <span class='ocr_line' id='line_1_39' title="bbox 173 1804 904 1843; baseline -0.003 -8"><span class='ocrx_word' id='word_1_224' title='bbox 173 1804 285 1835; x_wconf 86' lang='lat' dir='ltr'>libeat.</span> <span class='ocrx_word' id='word_1_225' title='bbox 311 1806 388 1835; x_wconf 86' lang='lat' dir='ltr'>ibid.</span> <span class='ocrx_word' id='word_1_226' title='bbox 402 1807 453 1835; x_wconf 69' lang='lat'>62.</span> <span class='ocrx_word' id='word_1_227' title='bbox 478 1811 642 1843; x_wconf 86' lang='lat' dir='ltr'>quantum</span> <span class='ocrx_word' id='word_1_228' title='bbox 656 1805 695 1835; x_wconf 83' lang='lat' dir='ltr'>ab</span> <span class='ocrx_word' id='word_1_229' title='bbox 708 1805 904 1841; x_wconf 70' lang='lat' dir='ltr'>aratoribus,</span> 
     </span>
     <span class='ocr_line' id='line_1_40' title="bbox 172 1849 905 1888; baseline 0.001 -11"><span class='ocrx_word' id='word_1_230' title='bbox 172 1855 337 1887; x_wconf 85' lang='lat' dir='ltr'>quantum</span> <span class='ocrx_word' id='word_1_231' title='bbox 355 1859 374 1879; x_wconf 89' lang='lat' dir='ltr'>a</span> <span class='ocrx_word' id='word_1_232' title='bbox 390 1850 650 1887; x_wconf 63' lang='lat' dir='ltr'>negotiatoribus,</span> <span class='ocrx_word' id='word_1_233' title='bbox 665 1849 720 1887; x_wconf 85' lang='lat' dir='ltr'>qui</span> <span class='ocrx_word' id='word_1_234' title='bbox 737 1849 905 1888; x_wconf 67' lang='lat' dir='ltr'>Syracusis</span> 
     </span>
     <span class='ocr_line' id='line_1_41' title="bbox 171 1893 905 1930; baseline 0 -9"><span class='ocrx_word' id='word_1_235' title='bbox 171 1893 393 1930; x_wconf 74' lang='lat' dir='ltr'>negotiantur.</span> <span class='ocrx_word' id='word_1_236' title='bbox 429 1893 555 1922; x_wconf 78' lang='lat' dir='ltr'>Fontei.</span> <span class='ocrx_word' id='word_1_237' title='bbox 591 1896 617 1922; x_wconf 95' lang='lat' dir='ltr'>l.</span> <span class='ocrx_word' id='word_1_238' title='bbox 648 1902 754 1921; x_wconf 85' lang='lat' dir='ltr'>unum</span> <span class='ocrx_word' id='word_1_239' title='bbox 786 1902 802 1920; x_wconf 87' lang='lat' dir='ltr'>e</span> <span class='ocrx_word' id='word_1_240' title='bbox 832 1897 905 1921; x_wconf 88' lang='lat' dir='ltr'>toto</span> 
     </span>
     <span class='ocr_line' id='line_1_42' title="bbox 173 1935 906 1975; baseline 0.001 -11"><span class='ocrx_word' id='word_1_241' title='bbox 173 1945 294 1974; x_wconf 83' lang='lat' dir='ltr'>genere</span> <span class='ocrx_word' id='word_1_242' title='bbox 310 1937 557 1975; x_wconf 73' lang='lat' dir='ltr'>negotiatorum,</span> <span class='ocrx_word' id='word_1_243' title='bbox 574 1936 779 1971; x_wconf 84' lang='lat' dir='ltr'>colonorum,</span> <span class='ocrx_word' id='word_1_244' title='bbox 798 1935 906 1975; x_wconf 88' lang='lat' dir='ltr'>publi-</span> 
     </span>
     <span class='ocr_line' id='line_1_43' title="bbox 171 1980 905 2019; baseline 0 -11"><span class='ocrx_word' id='word_1_245' title='bbox 171 1988 346 2016; x_wconf 80' lang='lat' dir='ltr'>canorum,</span> <span class='ocrx_word' id='word_1_246' title='bbox 373 1987 556 2016; x_wconf 85' lang='lat' dir='ltr'>aratorum‚</span> <span class='ocrx_word' id='word_1_247' title='bbox 584 1980 814 2019; x_wconf 78' lang='lat' dir='ltr'>pecuariorum</span> <span class='ocrx_word' id='word_1_248' title='bbox 843 1989 905 2008; x_wconf 81' lang='lat' dir='ltr'>nn-</span> 
     </span>
     <span class='ocr_line' id='line_1_44' title="bbox 173 2023 904 2062; baseline 0 -10"><span class='ocrx_word' id='word_1_249' title='bbox 173 2032 266 2052; x_wconf 89' lang='lat' dir='ltr'>mero</span> <span class='ocrx_word' id='word_1_250' title='bbox 280 2026 401 2052; x_wconf 84' lang='lat' dir='ltr'>testem</span> <span class='ocrx_word' id='word_1_251' title='bbox 418 2023 616 2062; x_wconf 79' lang='lat' dir='ltr'>producant.</span> <span class='ocrx_word' id='word_1_252' title='bbox 632 2023 787 2052; x_wconf 78' lang='lat' dir='ltr'>Aratores</span> <span class='ocrx_word' id='word_1_253' title='bbox 801 2023 904 2052; x_wconf 85' lang='lat' dir='ltr'>etiam</span> 
     </span>
     <span class='ocr_line' id='line_1_45' title="bbox 173 2066 904 2105; baseline 0.001 -11"><span class='ocrx_word' id='word_1_254' title='bbox 173 2075 240 2095; x_wconf 91' lang='lat' dir='ltr'>non</span> <span class='ocrx_word' id='word_1_255' title='bbox 261 2073 341 2095; x_wconf 86' lang='lat' dir='ltr'>sunt</span> <span class='ocrx_word' id='word_1_256' title='bbox 360 2076 492 2105; x_wconf 80' lang='lat' dir='ltr'>semper</span> <span class='ocrx_word' id='word_1_257' title='bbox 507 2067 592 2095; x_wconf 70' lang='lat' dir='ltr'>cives</span> <span class='ocrx_word' id='word_1_258' title='bbox 609 2067 704 2096; x_wconf 87' lang='lat' dir='ltr'>Rom.</span> <span class='ocrx_word' id='word_1_259' title='bbox 728 2067 786 2096; x_wconf 88' lang='lat' dir='ltr'>sed</span> <span class='ocrx_word' id='word_1_260' title='bbox 801 2066 904 2095; x_wconf 86' lang='lat' dir='ltr'>etiam</span> 
     </span>
     <span class='ocr_line' id='line_1_46' title="bbox 171 2109 906 2148; baseline 0.001 -10"><span class='ocrx_word' id='word_1_261' title='bbox 171 2109 401 2148; x_wconf 70' lang='lat' dir='ltr'>provinciales.</span> <span class='ocrx_word' id='word_1_262' title='bbox 432 2110 525 2139; x_wconf 73' lang='lat' dir='ltr'>verr.</span> <span class='ocrx_word' id='word_1_263' title='bbox 543 2110 588 2139; x_wconf 89' lang='lat' dir='ltr'>iii.</span> <span class='ocrx_word' id='word_1_264' title='bbox 606 2113 636 2139; x_wconf 79' lang='lat'>8.</span> <span class='ocrx_word' id='word_1_265' title='bbox 670 2120 745 2139; x_wconf 84' lang='lat' dir='ltr'>cum</span> <span class='ocrx_word' id='word_1_266' title='bbox 763 2111 906 2148; x_wconf 72' lang='lat' dir='ltr'>negotia-</span> 
     </span>
     <span class='ocr_line' id='line_1_47' title="bbox 172 2152 904 2191; baseline 0 -9"><span class='ocrx_word' id='word_1_267' title='bbox 172 2156 252 2182; x_wconf 77' lang='lat' dir='ltr'>tores</span> <span class='ocrx_word' id='word_1_268' title='bbox 281 2154 351 2182; x_wconf 78' lang='lat' dir='ltr'>sint</span> <span class='ocrx_word' id='word_1_269' title='bbox 381 2152 441 2182; x_wconf 86' lang='lat' dir='ltr'>soli</span> <span class='ocrx_word' id='word_1_270' title='bbox 472 2154 557 2182; x_wconf 66' lang='lat' dir='ltr'>cives</span> <span class='ocrx_word' id='word_1_271' title='bbox 588 2154 740 2183; x_wconf 84' lang='lat' dir='ltr'>Romani.</span> <span class='ocrx_word' id='word_1_272' title='bbox 788 2154 904 2191; x_wconf 80' lang='lat' dir='ltr'>Neque</span> 
     </span>
     <span class='ocr_line' id='line_1_48' title="bbox 170 2195 906 2235; baseline 0.001 -11"><span class='ocrx_word' id='word_1_273' title='bbox 170 2205 248 2225; x_wconf 82' lang='lat' dir='ltr'>vero</span> <span class='ocrx_word' id='word_1_274' title='bbox 272 2202 352 2225; x_wconf 86' lang='lat' dir='ltr'>sunt</span> <span class='ocrx_word' id='word_1_275' title='bbox 368 2201 578 2232; x_wconf 81' lang='lat' dir='ltr'>mercatores,</span> <span class='ocrx_word' id='word_1_276' title='bbox 596 2203 633 2226; x_wconf 91' lang='lat' dir='ltr'>ut</span> <span class='ocrx_word' id='word_1_277' title='bbox 650 2195 819 2226; x_wconf 86' lang='lat' dir='ltr'>nonnullis</span> <span class='ocrx_word' id='word_1_278' title='bbox 838 2197 906 2235; x_wconf 78' lang='lat' dir='ltr'>pla-</span> 
     </span>
     <span class='ocr_line' id='line_1_49' title="bbox 170 2239 904 2279; baseline 0.003 -12"><span class='ocrx_word' id='word_1_279' title='bbox 170 2244 235 2268; x_wconf 88' lang='lat' dir='ltr'>cet.</span> <span class='ocrx_word' id='word_1_280' title='bbox 263 2239 349 2269; x_wconf 83' lang='lat' dir='ltr'>Nam</span> <span class='ocrx_word' id='word_1_281' title='bbox 368 2241 408 2269; x_wconf 88' lang='lat' dir='ltr'>ab</span> <span class='ocrx_word' id='word_1_282' title='bbox 426 2240 474 2269; x_wconf 88' lang='lat' dir='ltr'>his</span> <span class='ocrx_word' id='word_1_283' title='bbox 491 2250 621 2279; x_wconf 88' lang='lat' dir='ltr'>quoqne</span> <span class='ocrx_word' id='word_1_284' title='bbox 638 2240 904 2278; x_wconf 77' lang='lat' dir='ltr'>distinguuntur.</span> 
     </span>
     <span class='ocr_line' id='line_1_50' title="bbox 170 2281 901 2322; baseline 0.003 -11"><span class='ocrx_word' id='word_1_285' title='bbox 170 2281 246 2312; x_wconf 91' lang='lat' dir='ltr'>Vat.</span> <span class='ocrx_word' id='word_1_286' title='bbox 266 2285 295 2313; x_wconf 87' lang='lat'>5.</span> <span class='ocrx_word' id='word_1_287' title='bbox 327 2283 418 2313; x_wconf 83' lang='lat' dir='ltr'>Verr.</span> <span class='ocrx_word' id='word_1_288' title='bbox 436 2284 468 2313; x_wconf 84' lang='lat' dir='ltr'>ii.</span> <span class='ocrx_word' id='word_1_289' title='bbox 486 2287 516 2314; x_wconf 79' lang='lat'>3.</span> <span class='ocrx_word' id='word_1_290' title='bbox 545 2283 611 2313; x_wconf 87' lang='lat' dir='ltr'>duo</span> <span class='ocrx_word' id='word_1_291' title='bbox 636 2293 758 2322; x_wconf 77' lang='lat' dir='ltr'>genera</span> <span class='ocrx_word' id='word_1_292' title='bbox 781 2284 901 2313; x_wconf 71' lang='lat' dir='ltr'>civium</span> 
     </span>
     <span class='ocr_line' id='line_1_51' title="bbox 168 2325 903 2366; baseline 0.003 -11"><span class='ocrx_word' id='word_1_293' title='bbox 168 2325 250 2355; x_wconf 81' lang='lat' dir='ltr'>facit</span> <span class='ocrx_word' id='word_1_294' title='bbox 265 2326 299 2355; x_wconf 91' lang='lat' dir='ltr'>in</span> <span class='ocrx_word' id='word_1_295' title='bbox 316 2327 497 2366; x_wconf 82' lang='lat' dir='ltr'>provincia,</span> <span class='ocrx_word' id='word_1_296' title='bbox 515 2327 659 2356; x_wconf 85' lang='lat' dir='ltr'>alterum</span> <span class='ocrx_word' id='word_1_297' title='bbox 675 2337 805 2363; x_wconf 90' lang='lat' dir='ltr'>eorum,</span> <span class='ocrx_word' id='word_1_298' title='bbox 823 2337 903 2365; x_wconf 87' lang='lat' dir='ltr'>quos</span> 
     </span>
     <span class='ocr_line' id='line_1_52' title="bbox 169 2369 905 2410; baseline 0.001 -12"><span class='ocrx_word' id='word_1_299' title='bbox 169 2369 335 2407; x_wconf 76' lang='lat' dir='ltr'>mercibus</span> <span class='ocrx_word' id='word_1_300' title='bbox 365 2371 618 2410; x_wconf 78' lang='lat' dir='ltr'>suppeditandis</span> <span class='ocrx_word' id='word_1_301' title='bbox 659 2380 736 2399; x_wconf 82' lang='lat' dir='ltr'>cum</span> <span class='ocrx_word' id='word_1_302' title='bbox 775 2375 905 2408; x_wconf 76' lang='lat' dir='ltr'>quaestu</span> 
     </span>
     <span class='ocr_line' id='line_1_53' title="bbox 169 2413 906 2452; baseline 0.003 -11"><span class='ocrx_word' id='word_1_303' title='bbox 169 2413 431 2452; x_wconf 85' lang='lat' dir='ltr'>compendioque</span> <span class='ocrx_word' id='word_1_304' title='bbox 457 2414 619 2449; x_wconf 85' lang='lat' dir='ltr'>dimittat,</span> <span class='ocrx_word' id='word_1_305' title='bbox 637 2414 692 2452; x_wconf 90' lang='lat' dir='ltr'>qui</span> <span class='ocrx_word' id='word_1_306' title='bbox 717 2413 798 2443; x_wconf 82' lang='lat' dir='ltr'>adeo</span> <span class='ocrx_word' id='word_1_307' title='bbox 816 2424 906 2443; x_wconf 90' lang='lat' dir='ltr'>com-</span> 
     </span>
     <span class='ocr_line' id='line_1_54' title="bbox 169 2457 906 2497; baseline 0.001 -12"><span class='ocrx_word' id='word_1_308' title='bbox 169 2461 295 2493; x_wconf 85' lang='lat' dir='ltr'>meent,</span> <span class='ocrx_word' id='word_1_309' title='bbox 313 2457 400 2495; x_wconf 84' lang='lat' dir='ltr'>quod</span> <span class='ocrx_word' id='word_1_310' title='bbox 424 2462 474 2487; x_wconf 83' lang='lat' dir='ltr'>est</span> <span class='ocrx_word' id='word_1_311' title='bbox 495 2458 666 2497; x_wconf 83' lang='lat' dir='ltr'>proprium</span> <span class='ocrx_word' id='word_1_312' title='bbox 685 2457 724 2486; x_wconf 87' lang='lat' dir='ltr'>de</span> <span class='ocrx_word' id='word_1_313' title='bbox 743 2463 906 2486; x_wconf 85' lang='lat' dir='ltr'>mereato-</span> 
     </span>
     <span class='ocr_line' id='line_1_55' title="bbox 168 2499 906 2538; baseline 0.003 -10"><span class='ocrx_word' id='word_1_314' title='bbox 168 2499 259 2529; x_wconf 80' lang='lat' dir='ltr'>ribus</span> <span class='ocrx_word' id='word_1_315' title='bbox 291 2500 451 2538; x_wconf 80' lang='lat' dir='ltr'>verbum;</span> <span class='ocrx_word' id='word_1_316' title='bbox 484 2500 628 2530; x_wconf 82' lang='lat' dir='ltr'>alterum</span> <span class='ocrx_word' id='word_1_317' title='bbox 660 2500 792 2536; x_wconf 90' lang='lat' dir='ltr'>horum,</span> <span class='ocrx_word' id='word_1_318' title='bbox 823 2511 906 2538; x_wconf 87' lang='lat' dir='ltr'>quos</span> 
     </span>
     <span class='ocr_line' id='line_1_56' title="bbox 167 2543 906 2583; baseline 0.003 -12"><span class='ocrx_word' id='word_1_319' title='bbox 167 2543 324 2579; x_wconf 87' lang='lat' dir='ltr'>retineat,</span> <span class='ocrx_word' id='word_1_320' title='bbox 342 2549 379 2573; x_wconf 91' lang='lat' dir='ltr'>ut</span> <span class='ocrx_word' id='word_1_321' title='bbox 397 2554 543 2582; x_wconf 80' lang='lat' dir='ltr'>pascere,</span> <span class='ocrx_word' id='word_1_322' title='bbox 557 2549 595 2574; x_wconf 90' lang='lat' dir='ltr'>ut</span> <span class='ocrx_word' id='word_1_323' title='bbox 611 2545 775 2583; x_wconf 83' lang='lat' dir='ltr'>negotiari</span> <span class='ocrx_word' id='word_1_324' title='bbox 792 2544 906 2581; x_wconf 80' lang='lat' dir='ltr'>libeat,</span> 
     </span>
     <span class='ocr_line' id='line_1_57' title="bbox 168 2585 904 2624; baseline 0.003 -9"><span class='ocrx_word' id='word_1_325' title='bbox 168 2592 208 2615; x_wconf 87' lang='lat' dir='ltr'>ut</span> <span class='ocrx_word' id='word_1_326' title='bbox 231 2585 373 2624; x_wconf 82' lang='lat' dir='ltr'>denique</span> <span class='ocrx_word' id='word_1_327' title='bbox 397 2587 489 2617; x_wconf 83' lang='lat' dir='ltr'>sedes</span> <span class='ocrx_word' id='word_1_328' title='bbox 514 2598 551 2617; x_wconf 80' lang='lat' dir='ltr'>ac.</span> <span class='ocrx_word' id='word_1_329' title='bbox 575 2588 782 2617; x_wconf 85' lang='lat' dir='ltr'>domicilium</span> <span class='ocrx_word' id='word_1_330' title='bbox 804 2587 904 2617; x_wconf 86' lang='lat' dir='ltr'>collo-</span> 
     </span>
     <span class='ocr_line' id='line_1_58' title="bbox 167 2629 904 2669; baseline 0.001 -11"><span class='ocrx_word' id='word_1_331' title='bbox 167 2639 255 2658; x_wconf 86' lang='lat' dir='ltr'>care.</span> <span class='ocrx_word' id='word_1_332' title='bbox 291 2629 402 2660; x_wconf 82' lang='lat' dir='ltr'>Plane.</span> <span class='ocrx_word' id='word_1_333' title='bbox 430 2632 481 2661; x_wconf 69' lang='grc'><strong>26.</strong></span> <span class='ocrx_word' id='word_1_334' title='bbox 512 2632 762 2669; x_wconf 69' lang='lat' dir='ltr'>negotiatoribus</span> <span class='ocrx_word' id='word_1_335' title='bbox 787 2631 904 2668; x_wconf 85' lang='lat' dir='ltr'>comis,</span> 
     </span>
     <span class='ocr_line' id='line_1_59' title="bbox 169 2673 903 2713; baseline 0.004 -12"><span class='ocrx_word' id='word_1_336' title='bbox 169 2673 407 2703; x_wconf 82' lang='lat' dir='ltr'>mercatoribus</span> <span class='ocrx_word' id='word_1_337' title='bbox 428 2675 552 2713; x_wconf 81' lang='lat' dir='ltr'>justus.</span> <span class='ocrx_word' id='word_1_338' title='bbox 600 2674 792 2704; x_wconf 83' lang='lat' dir='ltr'>Mercatura</span> <span class='ocrx_word' id='word_1_339' title='bbox 817 2678 903 2704; x_wconf 88' lang='lat' dir='ltr'>tem-</span> 
     </span>
     <span class='ocr_line' id='line_1_60' title="bbox 167 2716 904 2756; baseline 0.003 -11"><span class='ocrx_word' id='word_1_340' title='bbox 167 2716 301 2755; x_wconf 86' lang='lat' dir='ltr'>poribus</span> <span class='ocrx_word' id='word_1_341' title='bbox 325 2716 435 2747; x_wconf 87' lang='lat' dir='ltr'>liberae</span> <span class='ocrx_word' id='word_1_342' title='bbox 460 2717 651 2756; x_wconf 63' lang='lat' dir='ltr'>reipublicae</span> <span class='ocrx_word' id='word_1_343' title='bbox 676 2727 743 2746; x_wconf 87' lang='lat' dir='ltr'>non</span> <span class='ocrx_word' id='word_1_344' title='bbox 759 2718 839 2746; x_wconf 82' lang='lat' dir='ltr'>satis</span> <span class='ocrx_word' id='word_1_345' title='bbox 857 2717 904 2748; x_wconf 77' lang='lat' dir='ltr'>di-</span> 
     </span>
     <span class='ocr_line' id='line_1_61' title="bbox 169 2759 902 2800; baseline 0.003 -12"><span class='ocrx_word' id='word_1_346' title='bbox 169 2768 237 2797; x_wconf 86' lang='lat' dir='ltr'>gna</span> <span class='ocrx_word' id='word_1_347' title='bbox 260 2759 400 2790; x_wconf 87' lang='lat' dir='ltr'>honesto</span> <span class='ocrx_word' id='word_1_348' title='bbox 423 2761 492 2790; x_wconf 79' lang='lat' dir='ltr'>cive</span> <span class='ocrx_word' id='word_1_349' title='bbox 519 2760 613 2790; x_wconf 81' lang='lat' dir='ltr'>Rom.</span> <span class='ocrx_word' id='word_1_350' title='bbox 640 2761 836 2800; x_wconf 87' lang='lat' dir='ltr'>putabatur,</span> <span class='ocrx_word' id='word_1_351' title='bbox 862 2770 902 2790; x_wconf 88' lang='lat' dir='ltr'>ne</span> 
     </span>
     <span class='ocr_line' id='line_1_62' title="bbox 166 2802 902 2843; baseline 0.004 -12"><span class='ocrx_word' id='word_1_352' title='bbox 166 2802 247 2832; x_wconf 91' lang='lat' dir='ltr'>dum</span> <span class='ocrx_word' id='word_1_353' title='bbox 265 2803 391 2842; x_wconf 85' lang='lat' dir='ltr'>equite,</span> <span class='ocrx_word' id='word_1_354' title='bbox 407 2804 465 2834; x_wconf 90' lang='lat' dir='ltr'>sed</span> <span class='ocrx_word' id='word_1_355' title='bbox 482 2814 501 2833; x_wconf 89' lang='lat' dir='ltr'>a</span> <span class='ocrx_word' id='word_1_356' title='bbox 516 2804 587 2833; x_wconf 83' lang='lat' dir='ltr'>fece</span> <span class='ocrx_word' id='word_1_357' title='bbox 605 2803 722 2843; x_wconf 88' lang='lat' dir='ltr'>plebis,</span> <span class='ocrx_word' id='word_1_358' title='bbox 738 2803 902 2834; x_wconf 88' lang='lat' dir='ltr'>libertinis</span> 
     </span>
     <span class='ocr_line' id='line_1_63' title="bbox 167 2847 901 2878; baseline 0.004 -3"><span class='ocrx_word' id='word_1_359' title='bbox 167 2847 396 2877; x_wconf 78' lang='lat' dir='ltr'>exercebatur.</span> <span class='ocrx_word' id='word_1_360' title='bbox 421 2857 451 2877; x_wconf 90' lang='lat' dir='ltr'>v.</span> <span class='ocrx_word' id='word_1_361' title='bbox 481 2848 549 2877; x_wconf 81' lang='lat' dir='ltr'>Cic.</span> <span class='ocrx_word' id='word_1_362' title='bbox 575 2847 638 2877; x_wconf 76' lang='lat' dir='ltr'>Off.</span> <span class='ocrx_word' id='word_1_363' title='bbox 667 2847 688 2877; x_wconf 93' lang='lat' dir='ltr'>i.</span> <span class='ocrx_word' id='word_1_364' title='bbox 715 2849 768 2878; x_wconf 71' lang='lat'>42.</span> <span class='ocrx_word' id='word_1_365' title='bbox 796 2851 830 2877; x_wconf 88' lang='lat' dir='ltr'>et</span> <span class='ocrx_word' id='word_1_366' title='bbox 857 2848 901 2878; x_wconf 91' lang='lat' dir='ltr'>ibi</span> 
     </span>
    </p>

    <p class='ocr_par' dir='ltr' id='par_1_7' title="bbox 149 2889 906 2933">
     <span class='ocr_line' id='line_1_64' title="bbox 149 2889 906 2933; baseline 0.003 -13"><span class='ocrx_word' id='word_1_367' title='bbox 149 2889 276 2921; x_wconf 55' lang='lat' dir='ltr'>›Graew</span> <span class='ocrx_word' id='word_1_368' title='bbox 310 2890 388 2922; x_wconf 90' lang='lat' dir='ltr'>Non</span> <span class='ocrx_word' id='word_1_369' title='bbox 411 2900 489 2931; x_wconf 86' lang='lat' dir='ltr'>ergo</span> <span class='ocrx_word' id='word_1_370' title='bbox 514 2891 729 2922; x_wconf 82' lang='lat' dir='ltr'>Casaubouus</span> <span class='ocrx_word' id='word_1_371' title='bbox 753 2894 906 2933; x_wconf 85' lang='lat' dir='ltr'>tempora</span> 
     </span>
    </p>
   </div>
   <div class='ocr_carea' id='block_1_3' title="bbox 1037 38 1050 46">
    <p class='ocr_par' dir='ltr' id='par_1_8' title="bbox 1037 38 1050 46">
     <span class='ocr_line' id='line_1_65' title="bbox 1037 38 1050 46; baseline 0 0"><span class='ocrx_word' id='word_1_372' title='bbox 1037 38 1050 46; x_wconf 47' lang='grc' dir='ltr'><em>κ</em></span> 
     </span>
    </p>
   </div>
   <div class='ocr_carea' id='block_1_4' title="bbox 1608 95 1688 133">
    <p class='ocr_par' dir='ltr' id='par_1_9' title="bbox 1608 95 1688 133">
     <span class='ocr_line' id='line_1_66' title="bbox 1608 95 1688 133; baseline 0 0"><span class='ocrx_word' id='word_1_373' title='bbox 1608 95 1688 133; x_wconf 84' lang='grc'>361</span> 
     </span>
    </p>
   </div>
   <div class='ocr_carea' id='block_1_5' title="bbox 947 193 1691 2585">
    <p class='ocr_par' dir='ltr' id='par_1_10' title="bbox 947 193 1691 2585">
     <span class='ocr_line' id='line_1_67' title="bbox 958 193 1688 233; baseline -0.005 -6"><span class='ocrx_word' id='word_1_374' title='bbox 958 198 1038 228; x_wconf 87' lang='lat' dir='ltr'>satis</span> <span class='ocrx_word' id='word_1_375' title='bbox 1056 196 1220 233; x_wconf 83' lang='lat' dir='ltr'>distinxit,</span> <span class='ocrx_word' id='word_1_376' title='bbox 1232 205 1309 225; x_wconf 91' lang='lat' dir='ltr'>cum</span> <span class='ocrx_word' id='word_1_377' title='bbox 1325 194 1367 225; x_wconf 89' lang='lat' dir='ltr'>ad</span> <span class='ocrx_word' id='word_1_378' title='bbox 1382 194 1520 225; x_wconf 90' lang='lat' dir='ltr'>Sueton.</span> <span class='ocrx_word' id='word_1_379' title='bbox 1535 193 1621 233; x_wconf 85' lang='lat' dir='ltr'>Aug.</span> <span class='ocrx_word' id='word_1_380' title='bbox 1633 195 1688 224; x_wconf 74' lang='lat'>452.</span> 
     </span>
     <span class='ocr_line' id='line_1_68' title="bbox 957 239 1688 277; baseline -0.007 -6"><span class='ocrx_word' id='word_1_381' title='bbox 957 242 1116 271; x_wconf 84' lang='lat' dir='ltr'>scriberet</span> <span class='ocrx_word' id='word_1_382' title='bbox 1133 253 1139 270; x_wconf 91' lang='lat'>:</span> <span class='ocrx_word' id='word_1_383' title='bbox 1168 240 1381 277; x_wconf 71' lang='lat' dir='ltr'>Negotiantes</span> <span class='ocrx_word' id='word_1_384' title='bbox 1396 248 1479 275; x_wconf 88' lang='lat' dir='ltr'>esse,</span> <span class='ocrx_word' id='word_1_385' title='bbox 1497 239 1688 276; x_wconf 82' lang='lat' dir='ltr'>quicunque</span> 
     </span>
     <span class='ocr_line' id='line_1_69' title="bbox 953 284 1686 323; baseline -0.007 -9"><span class='ocrx_word' id='word_1_386' title='bbox 953 285 1098 323; x_wconf 85' lang='lat' dir='ltr'>aliquam</span> <span class='ocrx_word' id='word_1_387' title='bbox 1124 284 1370 322; x_wconf 71' lang='lat' dir='ltr'>negotiationem</span> <span class='ocrx_word' id='word_1_388' title='bbox 1401 286 1608 316; x_wconf 80' lang='lat' dir='ltr'>exercerent,</span> <span class='ocrx_word' id='word_1_389' title='bbox 1625 290 1686 309; x_wconf 90' lang='lat' dir='ltr'>cn-</span> 
     </span>
     <span class='ocr_line' id='line_1_70' title="bbox 951 323 1688 367; baseline -0.005 -10"><span class='ocrx_word' id='word_1_390' title='bbox 951 328 1098 367; x_wconf 86' lang='lat' dir='ltr'>jusmodi</span> <span class='ocrx_word' id='word_1_391' title='bbox 1126 332 1222 356; x_wconf 89' lang='lat' dir='ltr'>erant</span> <span class='ocrx_word' id='word_1_392' title='bbox 1249 325 1455 361; x_wconf 80' lang='lat' dir='ltr'>centenaria,</span> <span class='ocrx_word' id='word_1_393' title='bbox 1482 325 1624 364; x_wconf 80' lang='lat' dir='ltr'>sagaria,</span> <span class='ocrx_word' id='word_1_394' title='bbox 1648 323 1688 353; x_wconf 90' lang='lat' dir='ltr'>li-</span> 
     </span>
     <span class='ocr_line' id='line_1_71' title="bbox 956 367 1689 410; baseline -0.005 -10"><span class='ocrx_word' id='word_1_395' title='bbox 956 372 1085 410; x_wconf 86' lang='lat' dir='ltr'>gnaria,</span> <span class='ocrx_word' id='word_1_396' title='bbox 1103 370 1296 400; x_wconf 86' lang='lat' dir='ltr'>carbonaria</span> <span class='ocrx_word' id='word_1_397' title='bbox 1311 374 1345 399; x_wconf 90' lang='lat' dir='ltr'>et</span> <span class='ocrx_word' id='word_1_398' title='bbox 1359 369 1495 398; x_wconf 86' lang='lat' dir='ltr'>similes.</span> <span class='ocrx_word' id='word_1_399' title='bbox 1526 368 1613 398; x_wconf 86' lang='lat' dir='ltr'>Nam</span> <span class='ocrx_word' id='word_1_400' title='bbox 1631 367 1689 405; x_wconf 87' lang='lat' dir='ltr'>qui</span> 
     </span>
     <span class='ocr_line' id='line_1_72' title="bbox 954 411 1691 453; baseline -0.007 -9"><span class='ocrx_word' id='word_1_401' title='bbox 954 415 1016 444; x_wconf 88' lang='lat' dir='ltr'>hoc</span> <span class='ocrx_word' id='word_1_402' title='bbox 1035 423 1139 453; x_wconf 85' lang='lat' dir='ltr'>genus</span> <span class='ocrx_word' id='word_1_403' title='bbox 1157 419 1353 443; x_wconf 84' lang='lat' dir='ltr'>mercaturae</span> <span class='ocrx_word' id='word_1_404' title='bbox 1371 412 1581 447; x_wconf 77' lang='lat' dir='ltr'>exercebant,</span> <span class='ocrx_word' id='word_1_405' title='bbox 1597 411 1691 440; x_wconf 88' lang='lat' dir='ltr'>Cice-</span> 
     </span>
     <span class='ocr_line' id='line_1_73' title="bbox 955 456 1690 497; baseline -0.005 -10"><span class='ocrx_word' id='word_1_406' title='bbox 955 458 1043 487; x_wconf 88' lang='lat' dir='ltr'>ronis</span> <span class='ocrx_word' id='word_1_407' title='bbox 1070 457 1276 497; x_wconf 82' lang='lat' dir='ltr'>temporibus</span> <span class='ocrx_word' id='word_1_408' title='bbox 1303 456 1450 485; x_wconf 84' lang='lat' dir='ltr'>nondum</span> <span class='ocrx_word' id='word_1_409' title='bbox 1480 456 1690 493; x_wconf 74' lang='lat' dir='ltr'>negotiatores</span> 
     </span>
     <span class='ocr_line' id='line_1_74' title="bbox 953 498 1691 531; baseline -0.004 -1"><span class='ocrx_word' id='word_1_410' title='bbox 953 501 1160 531; x_wconf 83' lang='lat' dir='ltr'>dicebantur.</span> <span class='ocrx_word' id='word_1_411' title='bbox 1191 502 1306 529; x_wconf 89' lang='lat' dir='ltr'>Sermo</span> <span class='ocrx_word' id='word_1_412' title='bbox 1322 500 1365 529; x_wconf 86' lang='lat' dir='ltr'>ibi</span> <span class='ocrx_word' id='word_1_413' title='bbox 1381 503 1432 528; x_wconf 86' lang='lat' dir='ltr'>est</span> <span class='ocrx_word' id='word_1_414' title='bbox 1446 498 1486 528; x_wconf 84' lang='lat' dir='ltr'>de</span> <span class='ocrx_word' id='word_1_415' title='bbox 1502 498 1691 528; x_wconf 83' lang='lat' dir='ltr'>frumenta-</span> 
     </span>
     <span class='ocr_line' id='line_1_75' title="bbox 953 542 1688 583; baseline -0.004 -10"><span class='ocrx_word' id='word_1_416' title='bbox 953 545 1101 574; x_wconf 86' lang='lat' dir='ltr'>tionibus</span> <span class='ocrx_word' id='word_1_417' title='bbox 1132 543 1285 583; x_wconf 77' lang='lat' dir='ltr'>publicis,</span> <span class='ocrx_word' id='word_1_418' title='bbox 1316 543 1356 572; x_wconf 89' lang='lat' dir='ltr'>de</span> <span class='ocrx_word' id='word_1_419' title='bbox 1396 542 1514 581; x_wconf 87' lang='lat' dir='ltr'>quibus</span> <span class='ocrx_word' id='word_1_420' title='bbox 1553 542 1688 581; x_wconf 87' lang='lat' dir='ltr'>Lipsius</span> 
     </span>
     <span class='ocr_line' id='line_1_76' title="bbox 955 584 1689 626; baseline -0.007 -8"><span class='ocrx_word' id='word_1_421' title='bbox 955 588 1061 618; x_wconf 87' lang='lat' dir='ltr'>Elect.</span> <span class='ocrx_word' id='word_1_422' title='bbox 1081 588 1101 616; x_wconf 94' lang='lat' dir='ltr'>i.</span> <span class='ocrx_word' id='word_1_423' title='bbox 1119 592 1148 617; x_wconf 63' lang='grc' dir='ltr'><strong>Β.</strong></span> <span class='ocrx_word' id='word_1_424' title='bbox 1174 597 1254 626; x_wconf 77' lang='lat' dir='ltr'>quas</span> <span class='ocrx_word' id='word_1_425' title='bbox 1277 586 1447 625; x_wconf 77' lang='lat' dir='ltr'>Augustus</span> <span class='ocrx_word' id='word_1_426' title='bbox 1466 585 1583 615; x_wconf 84' lang='lat' dir='ltr'>tollere</span> <span class='ocrx_word' id='word_1_427' title='bbox 1601 584 1689 614; x_wconf 85' lang='lat' dir='ltr'>vole·</span> 
     </span>
     <span class='ocr_line' id='line_1_77' title="bbox 955 629 1689 668; baseline -0.004 -7"><span class='ocrx_word' id='word_1_428' title='bbox 955 632 1025 667; x_wconf 87' lang='lat' dir='ltr'>bat,</span> <span class='ocrx_word' id='word_1_429' title='bbox 1043 631 1098 660; x_wconf 86' lang='lat' dir='ltr'>sed</span> <span class='ocrx_word' id='word_1_430' title='bbox 1116 631 1234 660; x_wconf 90' lang='lat' dir='ltr'>deinde</span> <span class='ocrx_word' id='word_1_431' title='bbox 1252 631 1299 661; x_wconf 86' lang='lat' dir='ltr'>ita</span> <span class='ocrx_word' id='word_1_432' title='bbox 1315 640 1384 659; x_wconf 84' lang='lat' dir='ltr'>rem</span> <span class='ocrx_word' id='word_1_433' title='bbox 1408 629 1632 668; x_wconf 80' lang='lat' dir='ltr'>temperabat,</span> <span class='ocrx_word' id='word_1_434' title='bbox 1650 631 1689 658; x_wconf 83' lang='lat' dir='ltr'>ut</span> 
     </span>
     <span class='ocr_line' id='line_1_78' title="bbox 955 675 1689 704; baseline -0.004 0"><span class='ocrx_word' id='word_1_435' title='bbox 955 685 1020 704; x_wconf 88' lang='lat' dir='ltr'>non</span> <span class='ocrx_word' id='word_1_436' title='bbox 1054 676 1216 704; x_wconf 78' lang='lat' dir='ltr'>minorem</span> <span class='ocrx_word' id='word_1_437' title='bbox 1248 675 1412 703; x_wconf 86' lang='lat' dir='ltr'>rationem</span> <span class='ocrx_word' id='word_1_438' title='bbox 1448 678 1616 702; x_wconf 85' lang='lat' dir='ltr'>aratorum</span> <span class='ocrx_word' id='word_1_439' title='bbox 1653 676 1689 702; x_wconf 87' lang='lat' dir='ltr'>et</span> 
     </span>
     <span class='ocr_line' id='line_1_79' title="bbox 953 713 1688 756; baseline -0.003 -9"><span class='ocrx_word' id='word_1_440' title='bbox 953 713 1205 756; x_wconf 65' lang='lat' dir='ltr'>negotiatorum,</span> <span class='ocrx_word' id='word_1_441' title='bbox 1222 727 1321 756; x_wconf 83' lang='lat' dir='ltr'>quam</span> <span class='ocrx_word' id='word_1_442' title='bbox 1339 716 1453 756; x_wconf 90' lang='lat' dir='ltr'>populi</span> <span class='ocrx_word' id='word_1_443' title='bbox 1469 716 1617 746; x_wconf 89' lang='lat' dir='ltr'>duceret.</span> <span class='ocrx_word' id='word_1_444' title='bbox 1648 714 1688 745; x_wconf 85' lang='lat' dir='ltr'>In</span> 
     </span>
     <span class='ocr_line' id='line_1_80' title="bbox 953 761 1688 800; baseline -0.004 -9"><span class='ocrx_word' id='word_1_445' title='bbox 953 772 1018 800; x_wconf 87' lang='lat' dir='ltr'>qua</span> <span class='ocrx_word' id='word_1_446' title='bbox 1044 771 1077 791; x_wconf 89' lang='lat' dir='ltr'>re</span> <span class='ocrx_word' id='word_1_447' title='bbox 1110 761 1219 791; x_wconf 86' lang='lat' dir='ltr'>locum</span> <span class='ocrx_word' id='word_1_448' title='bbox 1244 762 1308 790; x_wconf 91' lang='lat' dir='ltr'>ista</span> <span class='ocrx_word' id='word_1_449' title='bbox 1343 765 1539 789; x_wconf 87' lang='lat' dir='ltr'>mercaturae</span> <span class='ocrx_word' id='word_1_450' title='bbox 1563 769 1688 798; x_wconf 80' lang='lat' dir='ltr'>genera</span> 
     </span>
     <span class='ocr_line' id='line_1_81' title="bbox 953 803 1687 841; baseline -0.003 -7"><span class='ocrx_word' id='word_1_451' title='bbox 953 815 1020 834; x_wconf 88' lang='lat' dir='ltr'>non</span> <span class='ocrx_word' id='word_1_452' title='bbox 1034 805 1169 835; x_wconf 87' lang='lat' dir='ltr'>babent.</span> <span class='ocrx_word' id='word_1_453' title='bbox 1183 805 1297 833; x_wconf 86' lang='lat' dir='ltr'>Sermo</span> <span class='ocrx_word' id='word_1_454' title='bbox 1309 810 1423 834; x_wconf 85' lang='lat' dir='ltr'>autem</span> <span class='ocrx_word' id='word_1_455' title='bbox 1433 808 1483 833; x_wconf 87' lang='lat' dir='ltr'>est</span> <span class='ocrx_word' id='word_1_456' title='bbox 1493 803 1532 832; x_wconf 87' lang='lat' dir='ltr'>de</span> <span class='ocrx_word' id='word_1_457' title='bbox 1542 804 1687 841; x_wconf 77' lang='lat' dir='ltr'>negotia-</span> 
     </span>
     <span class='ocr_line' id='line_1_82' title="bbox 955 847 1687 886; baseline -0.003 -8"><span class='ocrx_word' id='word_1_458' title='bbox 955 850 1076 878; x_wconf 71' lang='lat' dir='ltr'>toribus</span> <span class='ocrx_word' id='word_1_459' title='bbox 1085 847 1371 884; x_wconf 84' lang='lat' dir='ltr'>frumentariis,de</span> <span class='ocrx_word' id='word_1_460' title='bbox 1386 848 1504 886; x_wconf 84' lang='lat' dir='ltr'>quibus</span> <span class='ocrx_word' id='word_1_461' title='bbox 1520 858 1606 877; x_wconf 84' lang='lat' dir='ltr'>mox.</span> <span class='ocrx_word' id='word_1_462' title='bbox 1619 847 1687 886; x_wconf 76' lang='grc' dir='ltr'>Ωιιί</span> 
     </span>
     <span class='ocr_line' id='line_1_83' title="bbox 955 890 1687 931; baseline -0.004 -9"><span class='ocrx_word' id='word_1_463' title='bbox 955 902 1033 931; x_wconf 84' lang='lat' dir='ltr'>ergo</span> <span class='ocrx_word' id='word_1_464' title='bbox 1064 892 1202 921; x_wconf 82' lang='lat' dir='ltr'>suerunt</span> <span class='ocrx_word' id='word_1_465' title='bbox 1236 893 1445 930; x_wconf 71' lang='lat' dir='ltr'>negotiatores</span> <span class='ocrx_word' id='word_1_466' title='bbox 1462 891 1478 919; x_wconf 81' lang='lat'><em>?</em></span> <span class='ocrx_word' id='word_1_467' title='bbox 1516 890 1552 920; x_wconf 91' lang='lat' dir='ltr'>Id</span> <span class='ocrx_word' id='word_1_468' title='bbox 1583 899 1687 928; x_wconf 89' lang='lat' dir='ltr'>nunc,</span> 
     </span>
     <span class='ocr_line' id='line_1_84' title="bbox 953 934 1688 975; baseline -0.003 -10"><span class='ocrx_word' id='word_1_469' title='bbox 953 946 1053 974; x_wconf 89' lang='lat' dir='ltr'>quam</span> <span class='ocrx_word' id='word_1_470' title='bbox 1070 936 1260 965; x_wconf 79' lang='lat' dir='ltr'>brevissime</span> <span class='ocrx_word' id='word_1_471' title='bbox 1276 936 1471 975; x_wconf 78' lang='lat' dir='ltr'>poterimuS,</span> <span class='ocrx_word' id='word_1_472' title='bbox 1483 934 1688 964; x_wconf 84' lang='lat' dir='ltr'>docebimus.</span> 
     </span>
     <span class='ocr_line' id='line_1_85' title="bbox 954 979 1688 1016; baseline -0.001 -8"><span class='ocrx_word' id='word_1_473' title='bbox 954 980 1039 1009; x_wconf 84' lang='lat' dir='ltr'>Duae</span> <span class='ocrx_word' id='word_1_474' title='bbox 1055 979 1170 1009; x_wconf 89' lang='lat' dir='ltr'>Romae</span> <span class='ocrx_word' id='word_1_475' title='bbox 1186 984 1294 1015; x_wconf 88' lang='lat' dir='ltr'>erant,</span> <span class='ocrx_word' id='word_1_476' title='bbox 1309 979 1455 1008; x_wconf 81' lang='lat' dir='ltr'>honestae</span> <span class='ocrx_word' id='word_1_477' title='bbox 1472 979 1519 1008; x_wconf 86' lang='lat' dir='ltr'>rei</span> <span class='ocrx_word' id='word_1_478' title='bbox 1537 987 1688 1016; x_wconf 88' lang='lat' dir='ltr'>quaeren-</span> 
     </span>
     <span class='ocr_line' id='line_1_86' title="bbox 953 1021 1686 1061; baseline -0.003 -9"><span class='ocrx_word' id='word_1_479' title='bbox 953 1023 1003 1052; x_wconf 85' lang='lat' dir='ltr'>dae</span> <span class='ocrx_word' id='word_1_480' title='bbox 1021 1023 1179 1059; x_wconf 81' lang='lat' dir='ltr'>rationes,</span> <span class='ocrx_word' id='word_1_481' title='bbox 1195 1032 1336 1061; x_wconf 80' lang='lat' dir='ltr'>quarum</span> <span class='ocrx_word' id='word_1_482' title='bbox 1360 1022 1464 1051; x_wconf 89' lang='lat' dir='ltr'>altera</span> <span class='ocrx_word' id='word_1_483' title='bbox 1479 1021 1686 1058; x_wconf 73' lang='lat' dir='ltr'>foenerando,</span> 
     </span>
     <span class='ocr_line' id='line_1_87' title="bbox 953 1064 1686 1105; baseline -0.001 -10"><span class='ocrx_word' id='word_1_484' title='bbox 953 1066 1057 1096; x_wconf 87' lang='lat' dir='ltr'>altera</span> <span class='ocrx_word' id='word_1_485' title='bbox 1073 1066 1235 1096; x_wconf 80' lang='lat' dir='ltr'>fructibus</span> <span class='ocrx_word' id='word_1_486' title='bbox 1249 1066 1447 1105; x_wconf 70' lang='lat' dir='ltr'>praediorum</span> <span class='ocrx_word' id='word_1_487' title='bbox 1466 1064 1686 1105; x_wconf 82' lang='lat' dir='ltr'>percipiendis</span> 
     </span>
     <span class='ocr_line' id='line_1_88' title="bbox 953 1108 1687 1139; baseline -0.001 0"><span class='ocrx_word' id='word_1_488' title='bbox 953 1116 987 1139; x_wconf 85' lang='lat' dir='ltr'>et</span> <span class='ocrx_word' id='word_1_489' title='bbox 1003 1110 1183 1139; x_wconf 83' lang='lat' dir='ltr'>vendendis</span> <span class='ocrx_word' id='word_1_490' title='bbox 1199 1109 1445 1139; x_wconf 80' lang='lat' dir='ltr'>continebatur.</span> <span class='ocrx_word' id='word_1_491' title='bbox 1489 1109 1539 1138; x_wconf 85' lang='lat' dir='ltr'>Ab</span> <span class='ocrx_word' id='word_1_492' title='bbox 1556 1109 1613 1138; x_wconf 86' lang='lat' dir='ltr'>illa</span> <span class='ocrx_word' id='word_1_493' title='bbox 1627 1108 1687 1138; x_wconf 87' lang='lat' dir='ltr'>foe-</span> 
     </span>
     <span class='ocr_line' id='line_1_89' title="bbox 954 1152 1687 1190; baseline -0.001 -8"><span class='ocrx_word' id='word_1_494' title='bbox 954 1159 1136 1190; x_wconf 78' lang='lat' dir='ltr'>neratores,</span> <span class='ocrx_word' id='word_1_495' title='bbox 1153 1153 1194 1183; x_wconf 92' lang='lat' dir='ltr'>ab</span> <span class='ocrx_word' id='word_1_496' title='bbox 1211 1153 1272 1182; x_wconf 88' lang='lat' dir='ltr'>hac</span> <span class='ocrx_word' id='word_1_497' title='bbox 1291 1154 1405 1182; x_wconf 84' lang='lat' dir='ltr'>rustici</span> <span class='ocrx_word' id='word_1_498' title='bbox 1422 1153 1517 1183; x_wconf 88' lang='lat' dir='ltr'>Rom.</span> <span class='ocrx_word' id='word_1_499' title='bbox 1531 1152 1687 1182; x_wconf 86' lang='lat' dir='ltr'>diceban-</span> 
     </span>
     <span class='ocr_line' id='line_1_90' title="bbox 951 1197 1686 1236; baseline -0.001 -10"><span class='ocrx_word' id='word_1_500' title='bbox 951 1203 1019 1226; x_wconf 87' lang='lat' dir='ltr'>tur.</span> <span class='ocrx_word' id='word_1_501' title='bbox 1044 1197 1221 1235; x_wconf 80' lang='lat' dir='ltr'>Equitibus</span> <span class='ocrx_word' id='word_1_502' title='bbox 1237 1197 1369 1236; x_wconf 89' lang='lat' dir='ltr'>propria</span> <span class='ocrx_word' id='word_1_503' title='bbox 1385 1200 1456 1226; x_wconf 87' lang='lat' dir='ltr'>erat</span> <span class='ocrx_word' id='word_1_504' title='bbox 1471 1197 1686 1235; x_wconf 79' lang='lat' dir='ltr'>vectigalium</span> 
     </span>
     <span class='ocr_line' id='line_1_91' title="bbox 951 1239 1686 1280; baseline 0 -11"><span class='ocrx_word' id='word_1_505' title='bbox 951 1240 1041 1280; x_wconf 88' lang='lat' dir='ltr'>publ.</span> <span class='ocrx_word' id='word_1_506' title='bbox 1061 1240 1236 1277; x_wconf 87' lang='lat' dir='ltr'>redemtio,</span> <span class='ocrx_word' id='word_1_507' title='bbox 1253 1240 1342 1269; x_wconf 87' lang='lat' dir='ltr'>unde</span> <span class='ocrx_word' id='word_1_508' title='bbox 1358 1239 1525 1279; x_wconf 89' lang='lat' dir='ltr'>publicani</span> <span class='ocrx_word' id='word_1_509' title='bbox 1539 1239 1631 1270; x_wconf 89' lang='lat' dir='ltr'>dicti.</span> <span class='ocrx_word' id='word_1_510' title='bbox 1645 1239 1686 1269; x_wconf 88' lang='lat' dir='ltr'>de</span> 
     </span>
     <span class='ocr_line' id='line_1_92' title="bbox 952 1283 1686 1323; baseline 0.001 -10"><span class='ocrx_word' id='word_1_511' title='bbox 952 1284 1070 1322; x_wconf 88' lang='lat' dir='ltr'>quibus</span> <span class='ocrx_word' id='word_1_512' title='bbox 1094 1284 1269 1323; x_wconf 81' lang='lat' dir='ltr'>generibus</span> <span class='ocrx_word' id='word_1_513' title='bbox 1293 1284 1359 1313; x_wconf 88' lang='lat' dir='ltr'>suis</span> <span class='ocrx_word' id='word_1_514' title='bbox 1383 1283 1462 1313; x_wconf 87' lang='lat' dir='ltr'>locis</span> <span class='ocrx_word' id='word_1_515' title='bbox 1478 1283 1606 1313; x_wconf 89' lang='lat' dir='ltr'>dictum</span> <span class='ocrx_word' id='word_1_516' title='bbox 1622 1287 1686 1314; x_wconf 83' lang='lat' dir='ltr'>est.</span> 
     </span>
     <span class='ocr_line' id='line_1_93' title="bbox 951 1327 1685 1357; baseline -0.001 0"><span class='ocrx_word' id='word_1_517' title='bbox 951 1328 1016 1357; x_wconf 80' lang='lat' dir='ltr'>Sed</span> <span class='ocrx_word' id='word_1_518' title='bbox 1033 1337 1108 1357; x_wconf 89' lang='lat' dir='ltr'>cum</span> <span class='ocrx_word' id='word_1_519' title='bbox 1126 1333 1223 1357; x_wconf 87' lang='lat' dir='ltr'>tanta</span> <span class='ocrx_word' id='word_1_520' title='bbox 1238 1335 1324 1356; x_wconf 72' lang='lat' dir='ltr'>esset</span> <span class='ocrx_word' id='word_1_521' title='bbox 1341 1327 1515 1356; x_wconf 86' lang='lat' dir='ltr'>hominum</span> <span class='ocrx_word' id='word_1_522' title='bbox 1538 1327 1572 1356; x_wconf 91' lang='lat' dir='ltr'>in</span> <span class='ocrx_word' id='word_1_523' title='bbox 1593 1327 1685 1357; x_wconf 87' lang='lat' dir='ltr'>omni</span> 
     </span>
     <span class='ocr_line' id='line_1_94' title="bbox 951 1370 1688 1410; baseline 0 -10"><span class='ocrx_word' id='word_1_524' title='bbox 951 1371 1066 1400; x_wconf 91' lang='lat' dir='ltr'>ordine</span> <span class='ocrx_word' id='word_1_525' title='bbox 1082 1373 1189 1410; x_wconf 89' lang='lat' dir='ltr'>copia,</span> <span class='ocrx_word' id='word_1_526' title='bbox 1201 1375 1238 1400; x_wconf 93' lang='lat' dir='ltr'>ut</span> <span class='ocrx_word' id='word_1_527' title='bbox 1255 1380 1321 1400; x_wconf 90' lang='lat' dir='ltr'>non</span> <span class='ocrx_word' id='word_1_528' title='bbox 1338 1376 1472 1410; x_wconf 87' lang='lat' dir='ltr'>possent</span> <span class='ocrx_word' id='word_1_529' title='bbox 1488 1380 1603 1400; x_wconf 89' lang='lat' dir='ltr'>omnes</span> <span class='ocrx_word' id='word_1_530' title='bbox 1621 1370 1688 1400; x_wconf 85' lang='lat' dir='ltr'>Ro-</span> 
     </span>
     <span class='ocr_line' id='line_1_95' title="bbox 953 1413 1687 1454; baseline 0 -11"><span class='ocrx_word' id='word_1_531' title='bbox 953 1424 1015 1444; x_wconf 84' lang='lat' dir='ltr'>mae</span> <span class='ocrx_word' id='word_1_532' title='bbox 1047 1414 1201 1444; x_wconf 84' lang='lat' dir='ltr'>foenerari</span> <span class='ocrx_word' id='word_1_533' title='bbox 1232 1415 1402 1454; x_wconf 84' lang='lat' dir='ltr'>pecunias,</span> <span class='ocrx_word' id='word_1_534' title='bbox 1429 1418 1488 1443; x_wconf 85' lang='lat' dir='ltr'>aut</span> <span class='ocrx_word' id='word_1_535' title='bbox 1521 1415 1554 1443; x_wconf 94' lang='lat' dir='ltr'>in</span> <span class='ocrx_word' id='word_1_536' title='bbox 1587 1413 1687 1444; x_wconf 88' lang='lat' dir='ltr'>Italia</span> 
     </span>
     <span class='ocr_line' id='line_1_96' title="bbox 952 1457 1687 1497; baseline 0 -10"><span class='ocrx_word' id='word_1_537' title='bbox 952 1458 1076 1497; x_wconf 67' lang='lat' dir='ltr'>praedia</span> <span class='ocrx_word' id='word_1_538' title='bbox 1102 1458 1236 1494; x_wconf 81' lang='lat' dir='ltr'>habere,</span> <span class='ocrx_word' id='word_1_539' title='bbox 1263 1465 1323 1487; x_wconf 86' lang='lat' dir='ltr'>aut</span> <span class='ocrx_word' id='word_1_540' title='bbox 1352 1457 1485 1496; x_wconf 84' lang='lat' dir='ltr'>publica</span> <span class='ocrx_word' id='word_1_541' title='bbox 1510 1458 1687 1494; x_wconf 89' lang='lat' dir='ltr'>redimere,</span> 
     </span>
     <span class='ocr_line' id='line_1_97' title="bbox 953 1501 1687 1542; baseline 0 -12"><span class='ocrx_word' id='word_1_542' title='bbox 953 1511 1076 1540; x_wconf 86' lang='lat' dir='ltr'>magna</span> <span class='ocrx_word' id='word_1_543' title='bbox 1091 1502 1243 1540; x_wconf 87' lang='lat' dir='ltr'>equitum</span> <span class='ocrx_word' id='word_1_544' title='bbox 1256 1501 1527 1542; x_wconf 85' lang='lat' dir='ltr'>plebeiorumque</span> <span class='ocrx_word' id='word_1_545' title='bbox 1541 1510 1615 1541; x_wconf 88' lang='lat' dir='ltr'>pars</span> <span class='ocrx_word' id='word_1_546' title='bbox 1628 1511 1687 1541; x_wconf 88' lang='lat' dir='ltr'>pe-</span> 
     </span>
     <span class='ocr_line' id='line_1_98' title="bbox 953 1545 1686 1585; baseline 0.001 -11"><span class='ocrx_word' id='word_1_547' title='bbox 953 1546 1068 1574; x_wconf 84' lang='lat' dir='ltr'>cunias</span> <span class='ocrx_word' id='word_1_548' title='bbox 1099 1555 1173 1574; x_wconf 90' lang='lat' dir='ltr'>suas</span> <span class='ocrx_word' id='word_1_549' title='bbox 1205 1546 1238 1574; x_wconf 91' lang='lat' dir='ltr'>in</span> <span class='ocrx_word' id='word_1_550' title='bbox 1276 1545 1452 1584; x_wconf 86' lang='lat' dir='ltr'>provinciis</span> <span class='ocrx_word' id='word_1_551' title='bbox 1488 1545 1686 1585; x_wconf 86' lang='lat' dir='ltr'>occupabat.</span> 
     </span>
     <span class='ocr_line' id='line_1_99' title="bbox 955 1588 1687 1628; baseline 0.001 -11"><span class='ocrx_word' id='word_1_552' title='bbox 955 1588 1070 1627; x_wconf 85' lang='lat' dir='ltr'>ltaque</span> <span class='ocrx_word' id='word_1_553' title='bbox 1094 1591 1228 1627; x_wconf 79' lang='lat' dir='ltr'>regione</span> <span class='ocrx_word' id='word_1_554' title='bbox 1253 1588 1364 1627; x_wconf 85' lang='lat' dir='ltr'>aliqua</span> <span class='ocrx_word' id='word_1_555' title='bbox 1386 1589 1474 1618; x_wconf 76' lang='lat' dir='ltr'>victa</span> <span class='ocrx_word' id='word_1_556' title='bbox 1497 1594 1531 1618; x_wconf 87' lang='lat' dir='ltr'>et</span> <span class='ocrx_word' id='word_1_557' title='bbox 1554 1589 1588 1618; x_wconf 90' lang='lat' dir='ltr'>in</span> <span class='ocrx_word' id='word_1_558' title='bbox 1612 1598 1687 1628; x_wconf 89' lang='lat' dir='ltr'>pro-</span> 
     </span>
     <span class='ocr_line' id='line_1_100' title="bbox 950 1632 1688 1669; baseline 0.001 -8"><span class='ocrx_word' id='word_1_559' title='bbox 950 1632 1068 1662; x_wconf 86' lang='lat' dir='ltr'>vinciae</span> <span class='ocrx_word' id='word_1_560' title='bbox 1109 1632 1251 1661; x_wconf 81' lang='lat' dir='ltr'>formam</span> <span class='ocrx_word' id='word_1_561' title='bbox 1291 1632 1437 1669; x_wconf 87' lang='lat' dir='ltr'>redacta,</span> <span class='ocrx_word' id='word_1_562' title='bbox 1470 1632 1688 1662; x_wconf 82' lang='lat' dir='ltr'>conferebant</span> 
     </span>
     <span class='ocr_line' id='line_1_101' title="bbox 951 1675 1687 1715; baseline 0 -10"><span class='ocrx_word' id='word_1_563' title='bbox 951 1676 1079 1714; x_wconf 86' lang='lat' dir='ltr'>equites</span> <span class='ocrx_word' id='word_1_564' title='bbox 1104 1681 1139 1705; x_wconf 87' lang='lat' dir='ltr'>et</span> <span class='ocrx_word' id='word_1_565' title='bbox 1162 1676 1294 1715; x_wconf 85' lang='lat' dir='ltr'>plebeii,</span> <span class='ocrx_word' id='word_1_566' title='bbox 1312 1676 1366 1714; x_wconf 91' lang='lat' dir='ltr'>qui</span> <span class='ocrx_word' id='word_1_567' title='bbox 1392 1675 1560 1713; x_wconf 88' lang='lat' dir='ltr'>volebant,</span> <span class='ocrx_word' id='word_1_568' title='bbox 1582 1676 1687 1715; x_wconf 85' lang='lat' dir='ltr'>patri-</span> 
     </span>
     <span class='ocr_line' id='line_1_102' title="bbox 953 1719 1687 1759; baseline 0.001 -11"><span class='ocrx_word' id='word_1_569' title='bbox 953 1719 1103 1749; x_wconf 89' lang='lat' dir='ltr'>monium</span> <span class='ocrx_word' id='word_1_570' title='bbox 1126 1729 1224 1749; x_wconf 86' lang='lat' dir='ltr'>suum</span> <span class='ocrx_word' id='word_1_571' title='bbox 1251 1720 1286 1748; x_wconf 90' lang='lat' dir='ltr'>in</span> <span class='ocrx_word' id='word_1_572' title='bbox 1310 1729 1384 1748; x_wconf 80' lang='lat' dir='ltr'>eam</span> <span class='ocrx_word' id='word_1_573' title='bbox 1407 1720 1626 1759; x_wconf 85' lang='lat' dir='ltr'>provinciam,</span> <span class='ocrx_word' id='word_1_574' title='bbox 1651 1724 1687 1749; x_wconf 85' lang='lat' dir='ltr'>et</span> 
     </span>
     <span class='ocr_line' id='line_1_103' title="bbox 953 1763 1688 1802; baseline 0 -10"><span class='ocrx_word' id='word_1_575' title='bbox 953 1769 1012 1792; x_wconf 84' lang='lat' dir='ltr'>aut</span> <span class='ocrx_word' id='word_1_576' title='bbox 1025 1764 1175 1800; x_wconf 78' lang='lat' dir='ltr'>arabant,</span> <span class='ocrx_word' id='word_1_577' title='bbox 1191 1768 1249 1792; x_wconf 89' lang='lat' dir='ltr'>aut</span> <span class='ocrx_word' id='word_1_578' title='bbox 1264 1763 1456 1802; x_wconf 85' lang='lat' dir='ltr'>pascebant,</span> <span class='ocrx_word' id='word_1_579' title='bbox 1470 1767 1527 1793; x_wconf 89' lang='lat' dir='ltr'>aut</span> <span class='ocrx_word' id='word_1_580' title='bbox 1543 1764 1688 1802; x_wconf 78' lang='lat' dir='ltr'>nogotia-</span> 
     </span>
     <span class='ocr_line' id='line_1_104' title="bbox 951 1806 1687 1846; baseline 0.001 -11"><span class='ocrx_word' id='word_1_581' title='bbox 951 1806 1081 1836; x_wconf 76' lang='grc' dir='ltr'>ὺαηταν.</span> <span class='ocrx_word' id='word_1_582' title='bbox 1116 1807 1354 1845; x_wconf 66' lang='lat' dir='ltr'>Negotiationis</span> <span class='ocrx_word' id='word_1_583' title='bbox 1377 1811 1489 1836; x_wconf 88' lang='lat' dir='ltr'>autem</span> <span class='ocrx_word' id='word_1_584' title='bbox 1516 1806 1586 1836; x_wconf 78' lang='lat' dir='ltr'>haec</span> <span class='ocrx_word' id='word_1_585' title='bbox 1602 1816 1687 1846; x_wconf 86' lang='lat' dir='ltr'>prae-</span> 
     </span>
     <span class='ocr_line' id='line_1_105' title="bbox 950 1850 1686 1890; baseline 0.001 -11"><span class='ocrx_word' id='word_1_586' title='bbox 950 1850 1050 1889; x_wconf 86' lang='lat' dir='ltr'>cipua</span> <span class='ocrx_word' id='word_1_587' title='bbox 1076 1851 1159 1880; x_wconf 84' lang='lat' dir='ltr'>ratio</span> <span class='ocrx_word' id='word_1_588' title='bbox 1186 1854 1269 1886; x_wconf 70' lang='lat' dir='ltr'>erat,</span> <span class='ocrx_word' id='word_1_589' title='bbox 1296 1856 1335 1880; x_wconf 91' lang='lat' dir='ltr'>ut</span> <span class='ocrx_word' id='word_1_590' title='bbox 1364 1851 1521 1890; x_wconf 77' lang='lat' dir='ltr'>pecunias</span> <span class='ocrx_word' id='word_1_591' title='bbox 1550 1855 1686 1880; x_wconf 86' lang='lat' dir='ltr'>mutuas</span> 
     </span>
     <span class='ocr_line' id='line_1_106' title="bbox 949 1893 1688 1933; baseline 0.001 -11"><span class='ocrx_word' id='word_1_592' title='bbox 949 1893 1067 1923; x_wconf 87' lang='lat' dir='ltr'>darent.</span> <span class='ocrx_word' id='word_1_593' title='bbox 1088 1894 1344 1933; x_wconf 80' lang='lat' dir='ltr'>provincialibus</span> <span class='ocrx_word' id='word_1_594' title='bbox 1367 1903 1405 1922; x_wconf 85' lang='lat' dir='ltr'>ac</span> <span class='ocrx_word' id='word_1_595' title='bbox 1428 1893 1536 1924; x_wconf 86' lang='lat' dir='ltr'>foenus</span> <span class='ocrx_word' id='word_1_596' title='bbox 1553 1903 1688 1923; x_wconf 78' lang='lat' dir='ltr'>exerce-</span> 
     </span>
     <span class='ocr_line' id='line_1_107' title="bbox 949 1936 1686 1975; baseline 0.001 -10"><span class='ocrx_word' id='word_1_597' title='bbox 949 1944 1048 1974; x_wconf 81' lang='lat' dir='ltr'>rent3</span> <span class='ocrx_word' id='word_1_598' title='bbox 1082 1947 1155 1975; x_wconf 86' lang='lat' dir='ltr'>quae</span> <span class='ocrx_word' id='word_1_599' title='bbox 1187 1938 1270 1967; x_wconf 87' lang='lat' dir='ltr'>ratio</span> <span class='ocrx_word' id='word_1_600' title='bbox 1301 1947 1340 1967; x_wconf 91' lang='lat' dir='ltr'>eo</span> <span class='ocrx_word' id='word_1_601' title='bbox 1369 1936 1572 1967; x_wconf 85' lang='lat' dir='ltr'>fructuosior</span> <span class='ocrx_word' id='word_1_602' title='bbox 1602 1940 1686 1974; x_wconf 84' lang='lat' dir='ltr'>erat,</span> 
     </span>
     <span class='ocr_line' id='line_1_108' title="bbox 949 1980 1686 2020; baseline 0.001 -11"><span class='ocrx_word' id='word_1_603' title='bbox 949 1980 1041 2018; x_wconf 72' lang='lat' dir='ltr'>quod·</span> <span class='ocrx_word' id='word_1_604' title='bbox 1064 1980 1158 2010; x_wconf 79' lang='lat' dir='ltr'>nulla</span> <span class='ocrx_word' id='word_1_605' title='bbox 1188 1981 1259 2020; x_wconf 83' lang='lat' dir='ltr'>lege</span> <span class='ocrx_word' id='word_1_606' title='bbox 1288 1981 1322 2010; x_wconf 91' lang='lat' dir='ltr'>in</span> <span class='ocrx_word' id='word_1_607' title='bbox 1348 1981 1523 2020; x_wconf 86' lang='lat' dir='ltr'>provinciis</span> <span class='ocrx_word' id='word_1_608' title='bbox 1551 1980 1686 2011; x_wconf 81' lang='lat' dir='ltr'>foenoris</span> 
     </span>
     <span class='ocr_line' id='line_1_109' title="bbox 948 2024 1686 2062; baseline 0 -9"><span class='ocrx_word' id='word_1_609' title='bbox 948 2024 1146 2062; x_wconf 80' lang='lat' dir='ltr'>magnitudo</span> <span class='ocrx_word' id='word_1_610' title='bbox 1191 2024 1423 2054; x_wconf 87' lang='lat' dir='ltr'>definiebatur.</span> <span class='ocrx_word' id='word_1_611' title='bbox 1476 2024 1594 2062; x_wconf 87' lang='lat' dir='ltr'>Itaque</span> <span class='ocrx_word' id='word_1_612' title='bbox 1640 2024 1686 2054; x_wconf 92' lang='lat' dir='ltr'>ibi</span> 
     </span>
     <span class='ocr_line' id='line_1_110' title="bbox 947 2067 1686 2106; baseline 0.001 -10"><span class='ocrx_word' id='word_1_613' title='bbox 947 2076 1034 2106; x_wconf 80' lang='lat' dir='ltr'>saepe</span> <span class='ocrx_word' id='word_1_614' title='bbox 1052 2068 1149 2104; x_wconf 84' lang='lat' dir='ltr'>binis,</span> <span class='ocrx_word' id='word_1_615' title='bbox 1166 2069 1284 2105; x_wconf 91' lang='lat' dir='ltr'>ternis,</span> <span class='ocrx_word' id='word_1_616' title='bbox 1300 2068 1471 2106; x_wconf 85' lang='lat' dir='ltr'>quaternis</span> <span class='ocrx_word' id='word_1_617' title='bbox 1494 2067 1686 2098; x_wconf 85' lang='lat' dir='ltr'>centesimis</span> 
     </span>
     <span class='ocr_line' id='line_1_111' title="bbox 950 2110 1686 2151; baseline 0.003 -12"><span class='ocrx_word' id='word_1_618' title='bbox 950 2111 1094 2150; x_wconf 85' lang='lat' dir='ltr'>pecunia</span> <span class='ocrx_word' id='word_1_619' title='bbox 1105 2110 1268 2141; x_wconf 87' lang='lat' dir='ltr'>collocata</span> <span class='ocrx_word' id='word_1_620' title='bbox 1283 2112 1461 2151; x_wconf 90' lang='lat' dir='ltr'>reperitur,</span> <span class='ocrx_word' id='word_1_621' title='bbox 1478 2116 1517 2141; x_wconf 88' lang='lat' dir='ltr'>ut</span> <span class='ocrx_word' id='word_1_622' title='bbox 1533 2111 1625 2141; x_wconf 86' lang='lat' dir='ltr'>Verr.</span> <span class='ocrx_word' id='word_1_623' title='bbox 1638 2111 1686 2141; x_wconf 87' lang='lat' dir='ltr'>iii.</span> 
     </span>
     <span class='ocr_line' id='line_1_112' title="bbox 949 2154 1687 2187; baseline 0.001 -4"><span class='ocrx_word' id='word_1_624' title='bbox 949 2158 1002 2187; x_wconf 79' lang='lat'>70.</span> <span class='ocrx_word' id='word_1_625' title='bbox 1038 2154 1109 2184; x_wconf 78' lang='lat' dir='ltr'>Att.</span> <span class='ocrx_word' id='word_1_626' title='bbox 1126 2155 1169 2184; x_wconf 82' lang='lat' dir='ltr'>vi.</span> <span class='ocrx_word' id='word_1_627' title='bbox 1193 2158 1218 2185; x_wconf 93' lang='lat' dir='ltr'>l.</span> <span class='ocrx_word' id='word_1_628' title='bbox 1235 2157 1266 2185; x_wconf 71' lang='lat'>⁶2.</span> <span class='ocrx_word' id='word_1_629' title='bbox 1301 2156 1364 2185; x_wconf 88' lang='lat' dir='ltr'>nisi</span> <span class='ocrx_word' id='word_1_630' title='bbox 1381 2155 1465 2184; x_wconf 83' lang='lat' dir='ltr'>forte</span> <span class='ocrx_word' id='word_1_631' title='bbox 1482 2155 1608 2185; x_wconf 83' lang='lat' dir='ltr'>Praetor</span> <span class='ocrx_word' id='word_1_632' title='bbox 1623 2156 1687 2185; x_wconf 90' lang='lat' dir='ltr'>im-</span> 
     </span>
     <span class='ocr_line' id='line_1_113' title="bbox 949 2197 1686 2237; baseline 0.003 -11"><span class='ocrx_word' id='word_1_633' title='bbox 949 2197 1146 2236; x_wconf 84' lang='lat' dir='ltr'>pudentiam</span> <span class='ocrx_word' id='word_1_634' title='bbox 1171 2200 1409 2237; x_wconf 74' lang='lat' dir='ltr'>negotiatorum</span> <span class='ocrx_word' id='word_1_635' title='bbox 1433 2199 1622 2235; x_wconf 67' lang='lat' dir='ltr'>coercebat,</span> <span class='ocrx_word' id='word_1_636' title='bbox 1646 2202 1686 2228; x_wconf 83' lang='lat' dir='ltr'>ut</span> 
     </span>
     <span class='ocr_line' id='line_1_114' title="bbox 951 2241 1684 2282; baseline 0.001 -12"><span class='ocrx_word' id='word_1_637' title='bbox 951 2241 1067 2270; x_wconf 89' lang='lat' dir='ltr'>Cicero</span> <span class='ocrx_word' id='word_1_638' title='bbox 1089 2242 1169 2271; x_wconf 82' lang='lat' dir='ltr'>fecit</span> <span class='ocrx_word' id='word_1_639' title='bbox 1193 2242 1215 2272; x_wconf 92' lang='lat' dir='ltr'>l.</span> <span class='ocrx_word' id='word_1_640' title='bbox 1241 2252 1268 2272; x_wconf 85' lang='lat' dir='ltr'>e.</span> <span class='ocrx_word' id='word_1_641' title='bbox 1293 2247 1327 2272; x_wconf 86' lang='lat' dir='ltr'>et</span> <span class='ocrx_word' id='word_1_642' title='bbox 1350 2243 1421 2280; x_wconf 87' lang='lat' dir='ltr'>ejus</span> <span class='ocrx_word' id='word_1_643' title='bbox 1444 2242 1561 2279; x_wconf 82' lang='lat' dir='ltr'>frater,</span> <span class='ocrx_word' id='word_1_644' title='bbox 1579 2242 1620 2272; x_wconf 90' lang='lat' dir='ltr'>ad</span> <span class='ocrx_word' id='word_1_645' title='bbox 1642 2242 1684 2282; x_wconf 73' lang='lat' dir='ltr'>Q.</span> 
     </span>
     <span class='ocr_line' id='line_1_115' title="bbox 950 2283 1685 2325; baseline 0.003 -11"><span class='ocrx_word' id='word_1_646' title='bbox 950 2283 1001 2314; x_wconf 79' lang='lat' dir='ltr'>Fr.</span> <span class='ocrx_word' id='word_1_647' title='bbox 1020 2284 1040 2314; x_wconf 91' lang='lat' dir='ltr'>i.</span> <span class='ocrx_word' id='word_1_648' title='bbox 1064 2287 1090 2314; x_wconf 90' lang='lat' dir='ltr'>l.</span> <span class='ocrx_word' id='word_1_649' title='bbox 1109 2295 1136 2315; x_wconf 87' lang='lat' dir='ltr'>c.</span> <span class='ocrx_word' id='word_1_650' title='bbox 1155 2287 1184 2315; x_wconf 75' lang='lat'>⁶2.</span> <span class='ocrx_word' id='word_1_651' title='bbox 1197 2290 1232 2314; x_wconf 88' lang='lat' dir='ltr'>et</span> <span class='ocrx_word' id='word_1_652' title='bbox 1247 2286 1332 2315; x_wconf 86' lang='lat' dir='ltr'>Cato</span> <span class='ocrx_word' id='word_1_653' title='bbox 1349 2285 1527 2315; x_wconf 79' lang='lat' dir='ltr'>Censorius</span> <span class='ocrx_word' id='word_1_654' title='bbox 1543 2296 1595 2325; x_wconf 90' lang='lat' dir='ltr'>ap.</span> <span class='ocrx_word' id='word_1_655' title='bbox 1611 2285 1685 2316; x_wconf 83' lang='lat' dir='ltr'>Liv.</span> 
     </span>
     <span class='ocr_line' id='line_1_116' title="bbox 949 2328 1686 2368; baseline 0 -10"><span class='ocrx_word' id='word_1_656' title='bbox 949 2328 1051 2358; x_wconf 82' lang='lat' dir='ltr'>xxxii.</span> <span class='ocrx_word' id='word_1_657' title='bbox 1070 2330 1122 2361; x_wconf 64' lang='lat'>97.</span> <span class='ocrx_word' id='word_1_658' title='bbox 1147 2328 1235 2358; x_wconf 86' lang='lat' dir='ltr'>Hinc</span> <span class='ocrx_word' id='word_1_659' title='bbox 1254 2336 1289 2359; x_wconf 89' lang='lat' dir='ltr'>et</span> <span class='ocrx_word' id='word_1_660' title='bbox 1301 2329 1410 2359; x_wconf 88' lang='lat' dir='ltr'>forum</span> <span class='ocrx_word' id='word_1_661' title='bbox 1432 2330 1686 2368; x_wconf 76' lang='lat' dir='ltr'>72egotiatm·ium</span> 
     </span>
     <span class='ocr_line' id='line_1_117' title="bbox 949 2372 1687 2412; baseline 0.003 -12"><span class='ocrx_word' id='word_1_662' title='bbox 949 2377 1246 2410; x_wconf 83' lang='lat' dir='ltr'>commemoratur,</span> <span class='ocrx_word' id='word_1_663' title='bbox 1261 2383 1325 2412; x_wconf 90' lang='lat' dir='ltr'>quo</span> <span class='ocrx_word' id='word_1_664' title='bbox 1342 2372 1458 2402; x_wconf 90' lang='lat' dir='ltr'>cedere</span> <span class='ocrx_word' id='word_1_665' title='bbox 1474 2375 1687 2411; x_wconf 72' lang='lat' dir='ltr'>negotiatores</span> 
     </span>
     <span class='ocr_line' id='line_1_118' title="bbox 949 2414 1687 2450; baseline 0.003 -6"><span class='ocrx_word' id='word_1_666' title='bbox 949 2414 1109 2444; x_wconf 90' lang='lat' dir='ltr'>dicuntur</span> <span class='ocrx_word' id='word_1_667' title='bbox 1139 2425 1216 2445; x_wconf 87' lang='lat' dir='ltr'>cum</span> <span class='ocrx_word' id='word_1_668' title='bbox 1249 2416 1341 2446; x_wconf 88' lang='lat' dir='ltr'>bonis</span> <span class='ocrx_word' id='word_1_669' title='bbox 1369 2421 1577 2446; x_wconf 82' lang='lat' dir='ltr'>evertuntur.</span> <span class='ocrx_word' id='word_1_670' title='bbox 1606 2416 1687 2450; x_wconf 66' lang='lat' dir='ltr'>,lam</span> 
     </span>
     <span class='ocr_line' id='line_1_119' title="bbox 950 2457 1688 2490; baseline 0.004 -3"><span class='ocrx_word' id='word_1_671' title='bbox 950 2457 1020 2487; x_wconf 85' lang='lat' dir='ltr'>haec</span> <span class='ocrx_word' id='word_1_672' title='bbox 1037 2459 1239 2488; x_wconf 86' lang='lat' dir='ltr'>testimoniis</span> <span class='ocrx_word' id='word_1_673' title='bbox 1264 2460 1491 2489; x_wconf 80' lang='lat' dir='ltr'>Ciceronianis</span> <span class='ocrx_word' id='word_1_674' title='bbox 1508 2460 1688 2490; x_wconf 84' lang='lat' dir='ltr'>confirma-</span> 
     </span>
     <span class='ocr_line' id='line_1_120' title="bbox 951 2502 1688 2541; baseline 0.005 -11"><span class='ocrx_word' id='word_1_675' title='bbox 951 2502 1070 2532; x_wconf 88' lang='lat' dir='ltr'>bimus.</span> <span class='ocrx_word' id='word_1_676' title='bbox 1102 2502 1209 2532; x_wconf 86' lang='lat' dir='ltr'>Flacc.</span> <span class='ocrx_word' id='word_1_677' title='bbox 1237 2504 1290 2537; x_wconf 72' lang='lat'>29.</span> <span class='ocrx_word' id='word_1_678' title='bbox 1319 2504 1495 2541; x_wconf 64' lang='lat' dir='ltr'>neg-otiaris</span> <span class='ocrx_word' id='word_1_679' title='bbox 1521 2504 1554 2534; x_wconf 88' lang='lat' dir='ltr'>in</span> <span class='ocrx_word' id='word_1_680' title='bbox 1583 2503 1688 2534; x_wconf 89' lang='lat' dir='ltr'>libera</span> 
     </span>
     <span class='ocr_line' id='line_1_121' title="bbox 950 2545 1686 2585; baseline 0.004 -11"><span class='ocrx_word' id='word_1_681' title='bbox 950 2545 1097 2579; x_wconf 86' lang='lat' dir='ltr'>civitate.</span> <span class='ocrx_word' id='word_1_682' title='bbox 1123 2555 1294 2584; x_wconf 83' lang='lat' dir='ltr'>quousque</span> <span class='ocrx_word' id='word_1_683' title='bbox 1322 2548 1524 2585; x_wconf 74' lang='lat' dir='ltr'>negotiabere</span> <span class='ocrx_word' id='word_1_684' title='bbox 1541 2547 1557 2576; x_wconf 83' lang='lat'><em>?</em></span> <span class='ocrx_word' id='word_1_685' title='bbox 1581 2557 1686 2577; x_wconf 88' lang='lat' dir='ltr'>annos</span> 
     </span>
    </p>
   </div>
   <div class='ocr_carea' id='block_1_6' title="bbox 941 2588 1687 2627">
    <p class='ocr_par' dir='ltr' id='par_1_11' title="bbox 941 2588 1687 2627">
     <span class='ocr_line' id='line_1_122' title="bbox 941 2588 1687 2627; baseline 0.004 -10"><span class='ocrx_word' id='word_1_686' title='bbox 941 2588 1015 2625; x_wconf 84' lang='lat' dir='ltr'>jam</span> <span class='ocrx_word' id='word_1_687' title='bbox 1032 2589 1173 2627; x_wconf 84' lang='lat' dir='ltr'>triginta</span> <span class='ocrx_word' id='word_1_688' title='bbox 1189 2591 1325 2619; x_wconf 84' lang='lat' dir='ltr'>versaris</span> <span class='ocrx_word' id='word_1_689' title='bbox 1340 2599 1375 2619; x_wconf 88' lang='lat' dir='ltr'>m</span> <span class='ocrx_word' id='word_1_690' title='bbox 1390 2590 1474 2627; x_wconf 87' lang='lat' dir='ltr'>foro,</span> <span class='ocrx_word' id='word_1_691' title='bbox 1491 2591 1549 2620; x_wconf 88' lang='lat' dir='ltr'>sed</span> <span class='ocrx_word' id='word_1_692' title='bbox 1569 2595 1687 2621; x_wconf 89' lang='lat' dir='ltr'>tamen</span> 
     </span>
    </p>
   </div>
   <div class='ocr_carea' id='block_1_7' title="bbox 943 2632 1691 2938">
    <p class='ocr_par' dir='ltr' id='par_1_12' title="bbox 943 2632 1691 2938">
     <span class='ocr_line' id='line_1_123' title="bbox 948 2632 1688 2672; baseline 0.004 -11"><span class='ocrx_word' id='word_1_693' title='bbox 948 2632 983 2662; x_wconf 87' lang='lat' dir='ltr'>in</span> <span class='ocrx_word' id='word_1_694' title='bbox 1001 2632 1216 2671; x_wconf 85' lang='lat' dir='ltr'>Pergameno.</span> <span class='ocrx_word' id='word_1_695' title='bbox 1232 2633 1325 2664; x_wconf 90' lang='lat' dir='ltr'>Verr.</span> <span class='ocrx_word' id='word_1_696' title='bbox 1342 2634 1388 2663; x_wconf 88' lang='lat' dir='ltr'>iii.</span> <span class='ocrx_word' id='word_1_697' title='bbox 1405 2634 1457 2664; x_wconf 88' lang='lat'>60.</span> <span class='ocrx_word' id='word_1_698' title='bbox 1474 2635 1688 2672; x_wconf 71' lang='lat' dir='ltr'>negotiatores</span> 
     </span>
     <span class='ocr_line' id='line_1_124' title="bbox 947 2675 1686 2716; baseline 0.005 -12"><span class='ocrx_word' id='word_1_699' title='bbox 947 2675 1008 2710; x_wconf 84' lang='lat' dir='ltr'>sibi</span> <span class='ocrx_word' id='word_1_700' title='bbox 1025 2680 1123 2716; x_wconf 85' lang='lat' dir='ltr'>turpe</span> <span class='ocrx_word' id='word_1_701' title='bbox 1141 2681 1276 2716; x_wconf 89' lang='lat' dir='ltr'>putant,</span> <span class='ocrx_word' id='word_1_702' title='bbox 1294 2676 1328 2706; x_wconf 89' lang='lat' dir='ltr'>id</span> <span class='ocrx_word' id='word_1_703' title='bbox 1343 2677 1454 2707; x_wconf 90' lang='lat' dir='ltr'>forum</span> <span class='ocrx_word' id='word_1_704' title='bbox 1470 2678 1612 2716; x_wconf 78' lang='lat' dir='ltr'>ejurare,</span> <span class='ocrx_word' id='word_1_705' title='bbox 1629 2677 1686 2708; x_wconf 88' lang='lat' dir='ltr'>ubi</span> 
     </span>
     <span class='ocr_line' id='line_1_125' title="bbox 945 2719 1691 2760; baseline 0.005 -13"><span class='ocrx_word' id='word_1_706' title='bbox 945 2722 1159 2756; x_wconf 71' lang='lat' dir='ltr'>negotientur.</span> <span class='ocrx_word' id='word_1_707' title='bbox 1173 2719 1214 2749; x_wconf 86' lang='lat' dir='ltr'>ad</span> <span class='ocrx_word' id='word_1_708' title='bbox 1229 2719 1269 2760; x_wconf 75' lang='grc' dir='ltr'><strong>Ω.</strong></span> <span class='ocrx_word' id='word_1_709' title='bbox 1284 2720 1307 2749; x_wconf 87' lang='lat' dir='ltr'><strong>F</strong></span> <span class='ocrx_word' id='word_1_710' title='bbox 1310 2730 1334 2750; x_wconf 79' lang='lat' dir='ltr'>r.</span> <span class='ocrx_word' id='word_1_711' title='bbox 1348 2721 1368 2749; x_wconf 93' lang='lat' dir='ltr'>i.</span> <span class='ocrx_word' id='word_1_712' title='bbox 1384 2723 1410 2750; x_wconf 89' lang='lat' dir='ltr'>l.</span> <span class='ocrx_word' id='word_1_713' title='bbox 1429 2731 1456 2750; x_wconf 92' lang='lat' dir='ltr'>c.</span> <span class='ocrx_word' id='word_1_714' title='bbox 1478 2723 1691 2760; x_wconf 77' lang='lat' dir='ltr'>1.negotiato·</span> 
     </span>
     <span class='ocr_line' id='line_1_126' title="bbox 944 2762 1689 2805; baseline 0.004 -13"><span class='ocrx_word' id='word_1_715' title='bbox 944 2771 996 2792; x_wconf 81' lang='lat' dir='ltr'>res</span> <span class='ocrx_word' id='word_1_716' title='bbox 1018 2762 1179 2794; x_wconf 88' lang='lat' dir='ltr'>dicuntur</span> <span class='ocrx_word' id='word_1_717' title='bbox 1193 2763 1242 2793; x_wconf 84' lang='lat' dir='ltr'>ita</span> <span class='ocrx_word' id='word_1_718' title='bbox 1263 2765 1434 2802; x_wconf 75' lang='lat' dir='ltr'>negotiari,</span> <span class='ocrx_word' id='word_1_719' title='bbox 1452 2771 1490 2795; x_wconf 88' lang='lat' dir='ltr'>ut</span> <span class='ocrx_word' id='word_1_720' title='bbox 1503 2764 1689 2805; x_wconf 86' lang='lat' dir='ltr'>locupletes</span> 
     </span>
     <span class='ocr_line' id='line_1_127' title="bbox 946 2805 1688 2839; baseline 0.005 -5"><span class='ocrx_word' id='word_1_721' title='bbox 946 2805 1026 2835; x_wconf 84' lang='lat' dir='ltr'>sint.</span> <span class='ocrx_word' id='word_1_722' title='bbox 1052 2811 1087 2836; x_wconf 89' lang='lat' dir='ltr'>et</span> <span class='ocrx_word' id='word_1_723' title='bbox 1109 2806 1222 2837; x_wconf 86' lang='lat' dir='ltr'>addit:</span> <span class='ocrx_word' id='word_1_724' title='bbox 1248 2807 1442 2837; x_wconf 87' lang='lat' dir='ltr'>consulatus</span> <span class='ocrx_word' id='word_1_725' title='bbox 1467 2808 1630 2839; x_wconf 87' lang='lat' dir='ltr'>beneficio</span> <span class='ocrx_word' id='word_1_726' title='bbox 1652 2818 1688 2838; x_wconf 88' lang='lat' dir='ltr'>se</span> 
     </span>
     <span class='ocr_line' id='line_1_128' title="bbox 945 2848 1688 2883; baseline 0.007 -5"><span class='ocrx_word' id='word_1_727' title='bbox 945 2848 1129 2879; x_wconf 88' lang='lat' dir='ltr'>incolumes</span> <span class='ocrx_word' id='word_1_728' title='bbox 1156 2850 1275 2880; x_wconf 87' lang='lat' dir='ltr'>habere</span> <span class='ocrx_word' id='word_1_729' title='bbox 1298 2850 1450 2880; x_wconf 83' lang='lat' dir='ltr'>fortunas</span> <span class='ocrx_word' id='word_1_730' title='bbox 1467 2852 1688 2883; x_wconf 84' lang='lat' dir='ltr'>arbitrantur.</span> 
     </span>
     <span class='ocr_line' id='line_1_129' title="bbox 943 2892 1688 2938; baseline 0.005 -15"><span class='ocrx_word' id='word_1_731' title='bbox 943 2892 1031 2932; x_wconf 81' lang='lat' dir='ltr'>quod</span> <span class='ocrx_word' id='word_1_732' title='bbox 1060 2892 1158 2933; x_wconf 85' lang='lat' dir='ltr'>quale</span> <span class='ocrx_word' id='word_1_733' title='bbox 1189 2894 1235 2926; x_wconf 89' lang='lat' dir='ltr'>sit</span> <span class='ocrx_word' id='word_1_734' title='bbox 1265 2894 1467 2935; x_wconf 82' lang='lat' dir='ltr'>intelligitur</span> <span class='ocrx_word' id='word_1_735' title='bbox 1497 2905 1538 2928; x_wconf 83' lang='lat' dir='ltr'>ex</span> <span class='ocrx_word' id='word_1_736' title='bbox 1564 2905 1618 2938; x_wconf 87' lang='lat' dir='ltr'>ep.</span> <span class='ocrx_word' id='word_1_737' title='bbox 1644 2895 1688 2929; x_wconf 80' lang='lat' dir='ltr'>ad</span> 
     </span>
    </p>
   </div>
  </div>
 </body>
</html>
