1985 3206
248 73 331 111 254

251 170 441 207 AEbuffinm,
467 179 565 209 quam
598 179 638 199 ne
662 170 700 199 cle
726 180 764 200 eo
789 176 981 201 contemtus

253 224 324 245 esse
355 215 516 244 vitientur.
562 214 626 243 Sed
654 224 682 243 v.
710 220 780 244 not.
810 216 881 245 Att.
912 216 980 245 xiii.

252 261 306 290 31.
330 259 368 287 de
386 257 464 288 Pilio
482 257 573 286 cinit.

297 301 413 332 Debeo.
445 302 484 329 ad
518 301 592 329 niv.
624 300 644 330 i.
680 303 706 330 l.
744 306 826 330 extr.
857 311 916 331 nos
948 302 980 330 in

254 354 354 374 causa
367 344 576 374 auctoritatis
589 344 699 373 minus
714 344 885 381 babemus,
895 345 982 383 quod

254 388 316 418 tibi
354 390 513 424 debemus,
543 386 613 416 scil.
649 392 783 427 propter
820 388 983 417 beneficia

255 434 326 461 tua.

299 474 493 504 Debilitare.
527 472 632 502 Flacc.
649 476 701 503 30.
733 474 882 503 membra
901 475 984 504 debi-

257 518 355 547 litare
378 516 556 555 lapidibus,
573 516 736 553 fustibus,
764 521 815 545 est
838 517 983 546 confrin-

257 570 347 599 gere,
372 566 406 589 et
433 570 547 589 eorum
577 570 672 589 usum
701 560 841 589 auferre.
896 560 982 590 Nam

256 604 371 633 debitos
400 603 570 638 dicuntur,
602 604 656 642 qui
687 603 797 642 aliquo
836 605 985 633 membro

257 647 402 686 corporis
419 647 508 686 capii
525 650 615 676 sunt.
644 656 672 675 v.
690 646 795 676 Graev.
814 647 854 676 ad
870 647 985 686 Agrar.

257 690 291 720 ii.
308 694 360 721 33.
383 705 388 708 ·

302 733 476 769 Debilicas,
494 733 533 762 de
558 733 746 772 corporibus
767 738 862 772 parte
877 733 987 771 aliqua

258 777 434 807 truncatis.
460 777 559 806 Tusc.
577 777 622 806 iii.
640 779 691 806 34.
717 777 787 806 Isin.
805 787 833 805 v.
850 780 902 807 ¹253.
932 777 987 806 bo-

261 829 342 850 num
363 821 536 859 integritas
561 820 719 859 corporis,
737 820 858 849 misera
880 820 988 849 debili-

260 869 311 894 tas
328 868 389 893 est.

303 907 513 939 Debilitatns.
544 907 659 946 Quint.
680 909 707 936 1.
739 907 860 936 veritas
880 907 988 936 debiti-

261 955 333 982 tata
356 955 544 987 recreanti-3
575 960 651 979 cum
679 960 835 989 oppressa
858 951 988 987 fuisset,

262 995 416 1033 emergit,
441 999 475 1023 et
499 994 720 1032 cognoscitur.
749 994 989 1033 *perterritus

261 1038 319 1068 Or.
335 1038 368 1067 ii.
386 1041 437 1068 33.
471 1038 628 1067 debilitati
652 1047 670 1066 a
687 1038 763 1074 jure
788 1047 989 1076 cognoscen-

262 1081 317 1118 do,
334 1081 541 1110 voluntatem
558 1081 705 1110 discendi
720 1080 819 1109 simul
839 1090 915 1110 cum
932 1090 988 1120 spe

262 1124 471 1164 perdiscendi
488 1125 717 1161 abiiceremus.
765 1124 917 1154 Pearcius
933 1125 990 1153 ad-

255 1168 443 1206 jiciendum
465 1174 580 1207 putat:
607 1174 722 1204 metu3
748 1168 835 1205 quod
852 1168 885 1197 in
910 1168 988 1197 duo-

264 1212 322 1241 bus
342 1211 432 1240 MSS.
450 1211 586 1250 reperit,
603 1216 640 1240 ut
658 1216 707 1240 est
724 1211 796 1240 aliis
813 1210 903 1241 locis.
927 1211 991 1240 Sed

263 1254 544 1293 quemadmodum
581 1253 745 1283 vulnerati
777 1260 811 1283 et
841 1255 990 1283 membro

264 1298 374 1336 aliquo
391 1298 479 1337 capti
503 1297 701 1337 simpliciter
718 1298 892 1333 debilem-i,
908 1299 992 1328 debe·-

264 1342 351 1371 litati·
387 1341 558 1377 dicuntur,
592 1341 712 1371 omisso
751 1342 895 1381 corporis
934 1346 993 1371 aut

265 1385 404 1414 membri
428 1378 576 1420 nomine,
595 1395 659 1423 quo
683 1385 912 1416 ‹lebilie‘antztm
945 1385 991 1414 sic

263 1428 366 1458 etiam
383 1429 514 1457 animus
530 1429 711 1458 debilitatus
734 1427 930 1467 simpliciter
946 1428 996 1457 di-

264 1472 295 1501 ci
318 1477 442 1511 potest,
460 1481 518 1511 pro
542 1479 636 1502 metu
660 1472 852 1502 c.⁷ebililatus.
885 1472 993 1510 *Aga

264 1515 299 1545 ii.
319 1518 370 1546 33.
400 1516 507 1544 nervis
530 1515 685 1544 omnibus
706 1515 859 1551 exsectis,
876 1515 992 1544 urbem

264 1558 368 1598 ipsam
395 1558 538 1588 solutam
566 1569 603 1588 ac
630 1559 828 1589 debilitatam
853 1558 994 1597 relique-

265 1607 357 1632 runt.
386 1602 489 1631 ducta
512 1601 707 1642 metaphora
729 1603 769 1631 ab
793 1612 832 1631 ea
847 1602 935 1631 verbi
952 1602 995 1631 si-

267 1646 495 1684 gnificatione,
513 1646 551 1675 de
567 1656 632 1684 qna
649 1646 714 1675 dixi
731 1646 765 1675 in
781 1646 960 1676 debilitare.

310 1689 439 1720 Debitio
455 1690 616 1728 pecuniae.
642 1689 754 1719 Plane.
770 1691 822 1720 23.

312 1732 511 1763 Deccmtare.
555 1733 612 1762 Or.
643 1733 676 1761 ii.
711 1736 758 1762 18.
800 1732 997 1772 pervulgata

267 1779 436 1815 praecepta
465 1777 648 1806 decantare.
691 1775 860 1806 *cantum
888 1777 995 1805 finire.

267 1819 366 1850 Tusa
384 1820 429 1849 iii.
453 1821 504 1850 92.
528 1820 602 1859 jam
625 1820 896 1852 decmztaz·era21t;
928 1826 997 1850 tro-

268 1863 351 1902 pice.

312 1906 531 1942 DeeantaMcs,
549 1906 715 1944 cognitu&
736 1906 899 1946 planeque
923 1917 996 1946 per-

267 1956 413 1989 spectus.
443 1951 501 1980 Or.
520 1950 554 1979 ii.
575 1952 626 1980 322.
657 1959 772 1979 omnes
797 1951 996 1988 quaestiones

269 2003 441 2032 percursas
473 1994 586 2022 animo
614 2003 651 2022 ac
677 2003 778 2033 prope
809 1994 997 2024 (lecantattts

267 2035 389 2066 habere
405 2037 539 2066 debent.

310 2079 484 2110 Decedere.
516 2080 609 2110 Verr.
627 2080 661 2110 ii.
677 2082 729 2112 2⁷0.
761 2079 877 2119 ltaque
902 2079 997 2110 Sthe-

269 2124 431 2154 nius—de
462 2124 632 2163 provincia
659 2124 797 2154 decessit.
849 2124 997 2154 Graevius

268 2167 429 2206 probabat
447 2168 676 2206 conjecturam
700 2167 922 2205 Hotomanni,
941 2169 997 2206 qui

268 2210 419 2240 discessit
441 2210 621 2250 legendum
638 2211 800 2250 putabat,
817 2211 904 2250 quod
928 2221 998 2241 ma-

269 2254 427 2292 gistratus
457 2258 593 2284 tantum
622 2254 769 2284 decedere
795 2255 997 2284 dicerentur.

270 2296 395 2327 Eodem
421 2298 519 2327 modo
542 2297 687 2327 tentavit
711 2297 858 2327 Graevius
887 2297 997 2328 locum

266 2339 362 2371 Verr.
388 2341 433 2370 iii.
459 2344 513 2371 41.
552 2341 777 2379 negotiatores
808 2342 903 2370 inviti
934 2341 1000 2371 Ro-

269 2393 360 2414 mam
384 2394 523 2423 raroque
547 2385 714 2415 decedunt.
759 2384 823 2414 Sed
847 2385 873 2414 si
889 2388 999 2414 atten-

268 2427 372 2457 disset
394 2429 444 2457 vir
467 2428 691 2465 doctissimus,
718 2427 814 2457 facile
841 2438 997 2467 magnam

269 2471 399 2510 copiam
423 2471 571 2501 locorum
595 2472 629 2501 in
646 2472 717 2511 ipso
733 2471 892 2501 Cicerone
910 2471 1002 2501 colli-

267 2523 346 2554 gere
363 2515 539 2554 potuisset,
559 2515 613 2544 ubi
630 2515 777 2545 decedere
799 2515 840 2544 de
864 2515 999 2554 privatis

269 2557 403 2588 dicitur.
449 2558 575 2588 Paucos
614 2557 654 2587 de
692 2558 808 2588 multis
846 2557 997 2588 laudasse

269 2601 449 2631 suffecerit.
479 2602 573 2631 Verr.
599 2602 634 2631 ii.
662 2603 713 2634 Ξῖ.
744 2601 885 2631 Romam
911 2602 1000 2632 dece-

268 2645 343 2675 dere
371 2655 503 2674 mecum
544 2645 721 2684 cupierunt
759 2645 935 2674 Heraclius
965 2650 1000 2674 et

268 2686 452 2727 Epicrates.
484 2688 561 2718 ibid.
578 2689 631 2719 65.
662 2694 700 2718 ut
719 2688 821 2718 Siculi
838 2688 898 2718 sibi
915 2698 932 2718 e
949 2689 1000 2717 Si-

269 2731 345 2761 cilia
373 2732 590 2762 deeedendum
606 2732 823 2762 arbitrentur.
850 2731 929 2761 ibid.
945 2735 998 2765 77.

268 2773 443 2806 Verrutius
470 2776 532 2806 iste
561 2776 595 2805 in
623 2775 737 2805 Sicilia
766 2775 823 2812 Sit,
843 2775 916 2813 jam
948 2775 1002 2804 de-

267 2820 404 2849 cesserit.
422 2819 494 2850 Att.
505 2829 536 2849 v.
551 2821 602 2850 521.
619 2819 746 2857 equites
763 2828 803 2848 ex
822 2818 930 2858 Cypro
947 2819 1002 2848 (Ie-

267 2862 377 2893 cedere
392 2863 492 2902 jussi.
537 2863 592 2893 Sic
614 2865 666 2892 est
687 2862 790 2893 etiam
814 2861 893 2892 ibid.
909 2863 952 2893 vi.
973 2865 1000 2892 l.

768 81 913 110 INDEX
942 82 1237 110 LATINITATIS.

1025 175 1056 202 3.
1088 171 1129 201 ad
1144 172 1219 202 Div.
1245 171 1278 200 ii.
1298 173 1347 200 11.
1378 180 1410 200 x.
1427 171 1479 202 32.
1509 170 1566 201 xii.
1589 173 1642 202 30.
1665 174 1751 202 extr.

1026 216 1085 244 ἃς,
1131 214 1248 253 Neque
1276 213 1383 244 solum
1408 214 1447 244 de
1471 215 1641 254 provincia
1666 215 1754 245 dece-

1025 259 1099 287 dere
1123 258 1258 294 dicitur,
1275 258 1331 287 sed
1350 258 1456 287 Roma
1473 259 1585 287 ctiam.
1617 258 1657 288 ad
1673 258 1752 288 DiV.

1026 302 1094 331 viii.
1117 304 1164 331 10.
1184 306 1268 330 extr.
1299 302 1362 330 mei
1381 301 1478 330 osticii
1502 308 1564 338 est,
1583 301 1755 331 meminis-

1027 355 1074 381 se,
1089 355 1154 383 qua
1168 344 1389 374 obtestatione
1405 344 1552 374 decede-ns
1565 345 1645 374 mihi
1659 354 1754 375 man-

1028 388 1124 417 daris.
1171 387 1279 425 Atque
1300 387 1380 417 adeo
1404 397 1461 426 pro
1483 388 1649 417 discedere
1674 388 1756 418 dici-

1027 435 1094 460 tur.
1127 430 1205 460 ibid.
1229 434 1254 460 1.
1280 430 1367 469 quod
1386 431 1445 460 tibi
1464 431 1612 461 decedens
1627 431 1756 470 pollici-

1028 479 1082 503 tus
1107 484 1194 510 sum,
1213 474 1245 504 h.
1269 484 1297 504 e.
1321 474 1490 503 discedens
1515 485 1533 504 a
1556 482 1602 512 te,
1620 484 1697 504 cum
1722 479 1756 504 te

1030 518 1208 547 abeuntem
1239 518 1272 547 in
1299 518 1502 557 provinciam
1528 527 1755 556 prosequerer.

1030 561 1085 589 ubi
1104 571 1132 590 v.
1150 561 1282 590 Manut.
1312 562 1330 579 ’κ
1344 561 1385 590 ad
1408 562 1483 591 Div.
1502 562 1569 590 xiii.
1587 562 1638 591 56.
1669 561 1756 591 deee-

1030 604 1103 633 dere
1115 604 1153 633 de
1171 604 1375 643 liypotheci3‚
1389 611 1451 641 est,
1467 604 1668 644 hypothecas
1686 614 1756 633 cre-

1031 647 1128 677 ditori
1152 647 1296 683 tradere,
1318 654 1357 677 ut
1385 658 1438 676 eas
1463 657 1529 676 non
1553 648 1758 687 hypotheca-

1030 700 1118 726 rum,
1137 690 1191 719 scd
1209 690 1346 720 dominii
1358 692 1436 727 jure
1454 691 1582 721 habeat.
1599 691 1689 721 *Atn
1701 691 1758 721 vii.

1030 736 1060 763 2.
1093 740 1255 772 quartana
1277 735 1415 764 decessit.
1446 735 1623 764 *decedere
1641 735 1757 764 dicun·

1030 780 1087 806 tur
1113 777 1206 807 nobis
1232 778 1331 814 obvii,
1356 778 1411 816 qui
1438 777 1571 807 honoris
1595 787 1695 807 causa
1717 778 1758 807 de

1033 821 1085 850 via
1106 821 1290 858 declinant,
1308 831 1348 849 ne
1372 821 1464 850 nobis
1489 821 1521 850 id
1544 820 1652 850 faeere
1675 830 1758 860 opus

1031 864 1085 894 sit.
1111 864 1193 893 Cato
1213 867 1261 893 18.

1075 907 1299 946 Decemprimi
1314 906 1473 936 dicuntur
1489 906 1601 936 decem
1615 907 1760 936 seniores

1033 954 1067 979 et
1097 951 1262 990 principes
1300 955 1469 980 senatores
1504 950 1538 980 in
1569 951 1759 990 municipiis

1034 994 1170 1032 aliisque
1195 994 1384 1024 civitatibus
1416 993 1541 1029 liberis,
1564 994 1619 1032 qui
1653 994 1759 1033 magi-

1033 1041 1156 1067 stratus
1181 1038 1329 1076 proxime
1352 1042 1549 1075 sequuntur.
1571 1037 1667 1067 Rosa.
1683 1038 1758 1067 Am.

1034 1086 1064 1115 9.
1082 1081 1138 1111 ubi
1155 1092 1184 1110 v.
1201 1081 1307 1111 Graev.
1338 1080 1429 1110 Verr.
1452 1080 1485 1110 ii.
1502 1081 1553 1114 67.
1586 1081 1760 1119 magistra-

1034 1129 1090 1154 tus
1106 1129 1139 1154 et
1155 1125 1379 1164 deeemprimi:
1404 1123 1515 1153 Livius
1532 1124 1619 1153 xxix.
1639 1127 1689 1153 15.
1705 1124 1762 1153 de-

1036 1178 1107 1197 cem
1126 1168 1290 1208 principes
1312 1167 1476 1207 appellat:
1502 1167 1576 1197 add.
1594 1167 1703 1197 Noris.
1720 1167 1761 1197 ad

1039 1211 1224 1251 Cenotaph.
1246 1212 1309 1241 Pis.
1326 1211 1414 1241 Diss.
1432 1211 1453 1240 i.
1471 1221 1498 1240 c.
1516 1214 1546 1241 3.

1081 1255 1276 1285 Decemviri.
1299 1258 1324 1284 l.
1339 1255 1508 1284 decemviri
1524 1253 1670 1284 stlitibus
1691 1254 1762 1294 (an-

1036 1298 1142 1336 tique,
1158 1309 1216 1338 pro
1240 1296 1367 1335 litibus)
1388 1297 1590 1337 judicandis,
1610 1303 1689 1327 sunt
1706 1298 1764 1337 ju-

1037 1341 1125 1371 dices
1142 1351 1316 1371 causarum
1338 1343 1553 1380 privatarum,
1572 1341 1672 1370 creati
1697 1350 1763 1370 non

1038 1385 1147 1414 multo
1171 1390 1245 1424 post
1268 1389 1447 1425 praeturam
1464 1384 1687 1424 peregrinam,
1704 1394 1765 1414 au·

1039 1433 1129 1458 ctore
1160 1429 1342 1468 Pomponio
1373 1429 1407 1457 in
1437 1429 1553 1467 Origg.
1579 1427 1688 1457 Juris:
1724 1427 1764 1457 de

1039 1473 1157 1510 quibus
1173 1472 1238 1503 vid.
1255 1472 1405 1501 Sicczima
1422 1471 1461 1501 de
1477 1472 1587 1501 dudio.
1602 1472 1765 1501 Centum·

1038 1516 1097 1545 vir.
1115 1526 1142 1545 c.
1159 1520 1189 1549 9.
1207 1522 1241 1545 et
1260 1519 1308 1545 10.
1336 1515 1488 1554 Sigonius
1513 1515 1552 1544 de
1569 1514 1709 1544 Judiciis
1732 1518 1766 1544 et

1040 1558 1123 1589 lntt.
1143 1559 1325 1599 Pomponii.
1353 1559 1454 1588 Dom.
1471 1561 1522 1592 99.
1552 1559 1578 1588 si
1595 1558 1767 1588 decemviri

1039 1612 1286 1632 sacramentum
1296 1602 1681 1640 injustumjudicassent.
1695 1601 1767 1631 Cae-

1042 1647 1106 1675 cin.
1129 1650 1180 1677 33.
1211 1656 1287 1676 cum
1311 1646 1473 1675 Arretinae
1498 1644 1645 1675 mulieris
1670 1644 1769 1675 liber-

1039 1696 1144 1719 tatem
1163 1689 1387 1726 defenderem,
1404 1694 1439 1719 et
1463 1689 1564 1718 Cotta
1581 1689 1768 1718 decemvivis

1041 1732 1235 1772 religionem
1253 1734 1433 1773 injecisset,
1451 1742 1518 1762 non
1541 1741 1636 1771 posse
1659 1741 1767 1762 sacra-

1042 1780 1193 1806 mentum
1214 1782 1365 1806 nostrum
1385 1777 1515 1815 justum
1534 1775 1689 1814 judicari.
1721 1776 1766 1805 Ο-

1042 1826 1102 1850 rat.
1115 1821 1168 1850 46.
1200 1821 1450 1850 decemvirorum
1471 1819 1585 1849 litibus
1613 1820 1652 1858 (s.
1668 1818 1769 1848 stliti-

1042 1863 1114 1901 bus,
1132 1868 1170 1894 ut
1194 1863 1347 1893 Muretus
1371 1864 1405 1893 in
1429 1863 1501 1893 MS.
1522 1861 1664 1900 invenit)
1677 1862 1769 1900 judi-

1042 1907 1167 1944 caudis,
1192 1907 1265 1936 dico
1289 1916 1473 1945 nunquam.
1505 1908 1535 1937 2.
1553 1905 1769 1945 magistratus

1041 1951 1318 1980 extraordinarius
1363 1950 1477 1989 legum
1519 1949 1768 1979 scribendarum

1042 2004 1142 2024 causa
1163 1995 1233 2024 sine
1257 1994 1493 2024 intercessione
1519 1997 1660 2022 creatus.
1677 2002 1708 2022 a.
1725 1992 1769 2022 U.

1044 2047 1162 2068 eccm.
1195 2038 1267 2068 Liv.
1294 2038 1341 2067 iii.
1367 2040 1418 2068 33.
1448 2036 1505 2067 Or.
1528 2037 1550 2066 i.
1578 2039 1627 2066 13.
1665 2036 1770 2066 nostri

1042 2083 1225 2119 decemviri,
1249 2082 1305 2120 qui
1328 2081 1384 2111 xii.
1413 2080 1543 2110 tabulas
1566 2080 1772 2119 scripserunt

1042 2126 1102 2155 ἃς.
1133 2128 1164 2156 3.
1180 2125 1220 2155 de
1236 2125 1439 2155 Decemeiris
1452 2122 1616 2154 Rullianis
1640 2132 1670 2152 v.
1690 2122 1770 2162 Agr.

1043 2179 1076 2198 11.
1095 2172 1126 2202 7.
1151 2178 1221 2207 sqq.

1087 2212 1256 2243 Decentia.
1294 2211 1373 2242 Nat.
1396 2211 1438 2242 D.
1465 2211 1499 2240 ii.
1527 2213 1578 2240 58.
1616 2212 1773 2239 venusta-

1042 2260 1126 2293 tem,
1149 2255 1314 2292 ordinem,
1340 2259 1374 2285 et
1398 2261 1436 2284 ut
1459 2255 1507 2284 ita
1529 2253 1638 2283 dicam
1661 2253 1772 2283 decen-

1045 2300 1142 2336 tiam,
1158 2299 1246 2328 oculi
1256 2299 1424 2336 judicant.

1087 2342 1247 2373 Decerne.
1271 2342 1389 2381 Quint.
1407 2344 1437 2372 8.
1450 2343 1503 2371 ΞΟ.
1528 2344 1651 2380 praetor
1664 2339 1773 2369 decer-

1044 2387 1113 2416 m't:
1138 2395 1215 2415 cum
1232 2396 1271 2415 ex
1287 2385 1395 2415 edicto
1413 2385 1469 2423 jus
1493 2383 1586 2414 dicit.
1606 2393 1636 2412 v.
1653 2393 1681 2413 e.
1700 2392 1775 2422 pos-

1044 2429 1237 2466 sessionem,
1261 2432 1319 2459 aut
1344 2428 1563 2458 interdictum
1587 2426 1658 2463 dat,
1682 2425 1774 2456 addi-

1046 2473 1092 2502 cit
1108 2473 1167 2502 δερ.
1200 2473 1398 2503 *decernere
1421 2480 1518 2512 porro
1542 2471 1700 2500 dicuntur
1719 2469 1775 2498 Se—

1046 2520 1178 2546 natores
1195 2517 1228 2546 in
1246 2516 1419 2546 sententiis
1443 2514 1603 2551 dicendis,
1620 2513 1708 2553 quod
1726 2513 1776 2542 di-

1046 2564 1141 2597 cunt,
1173 2559 1252 2598 quid
1283 2570 1302 2589 a
1330 2560 1459 2589 Senatu
1494 2558 1622 2588 decerni
1657 2556 1776 2587 velint.

1045 2603 1117 2633 Mil.
1135 2604 1165 2633 6.
1196 2613 1257 2642 ego
1281 2604 1350 2643 ipse
1373 2602 1507 2632 decrevi.
1539 2601 1580 2630 ad
1602 2600 1678 2631 Div.
1698 2601 1720 2630 i.
1747 2603 1776 2629 l.

1048 2646 1184 2676 Crassus
1220 2652 1288 2676 tres
1335 2646 1461 2685 legatos
1503 2645 1654 2675 decernit.
1701 2642 1777 2673 add.

1046 2689 1189 2719 GronoV.
1215 2689 1256 2720 ad
1277 2690 1349 2720 Liv.
1372 2690 1470 2719 xxvii.
1494 2690 1546 2720 90.
1577 2688 1646 2727 *Ω.
1670 2686 1722 2717 Fr.
1742 2686 1778 2716 ii.

1049 2735 1098 2764 12.
1138 2733 1376 2763 decernendum
1407 2732 1490 2762 nihil
1519 2741 1656 2761 censeo:
1695 2731 1717 2760 i.
1748 2738 1778 2759 e.

1045 2785 1115 2806 rem
1132 2777 1347 2814 rejiciendam
1365 2781 1458 2816 put0.
1491 2775 1510 2793 ²*
1522 2778 1614 2815 puto.
1644 2773 1686 2804 ad
1702 2773 1778 2804 Div.

1046 2820 1080 2849 ii.
1097 2820 1127 2850 6.
1160 2821 1193 2850 in
1210 2830 1275 2859 quo
1291 2821 1400 2860 posita
1415 2819 1530 2849 omnia
1545 2828 1622 2848 mea
1637 2826 1707 2847 esse
1723 2816 1779 2846 de-

1044 2865 1141 2894 crevi.
1171 2863 1243 2894 Att.
1261 2863 1307 2895 iii.
1330 2867 1380 2895 15.
1410 2863 1499 2902 quod
1514 2862 1550 2893 in
1570 2871 1624 2892 me
1639 2861 1711 2902 ipso
1725 2869 1778 2889 sa-
