1985 3206
261 85 344 122 204
786 92 933 122 lxmzx
965 91 1262 122 tumn-Aris.

263 182 396 211 animus
413 179 546 220 quidem
564 183 647 210 erat.
672 180 817 221 Harusp.
830 181 930 221 Resp.
945 183 997 212 530.

262 225 449 265 Sulpicium
477 224 623 262 lougius,
646 234 746 263 quam
773 224 891 261 voluit,
912 235 999 254 aura

264 269 432 308 popularis
458 270 617 308 provexit.
649 268 741 297 Verr.
765 269 786 297 i.
814 271 862 298 13.
887 274 999 308 sperat

263 313 322 341 sibi
341 322 462 341 auram
480 321 574 350 posse
598 310 741 350 aliquam
763 312 866 341 afflari
885 312 919 341 in
937 311 998 341 hoc

263 356 418 392 crimino,
443 355 626 384 voluntatis
654 355 917 393 assensionisque
944 365 999 384 eo-

264 408 353 435 rum,
372 399 403 428 h.
421 409 448 427 e.
467 408 500 427 se
518 397 691 428 voluntate
708 408 821 427 eorum
839 406 871 427 et
889 408 998 427 asson-

263 444 369 479 sion‹=‚
388 442 443 480 qui
462 442 522 471 Cn.
541 441 727 471 Carbonem
751 442 895 478 oderint,
912 447 998 470 tam—

263 495 363 524 quam
394 495 481 515 uma
511 485 670 521 secunda,
697 496 736 514 ex
767 485 828 515 hoc
861 486 998 514 crimine

264 538 473 558 emersurum
497 534 531 558 et
554 532 727 567 tamquam
747 528 899 568 scopulos
917 538 999 568 prae-

266 579 508 602 tervecturum.
528 572 661 602 Muren.
684 575 733 606 17.
750 579 856 601 totam
871 572 999 611 opinio-

264 625 342 645 nem
365 617 424 653 (sc.
450 615 489 645 de
514 623 636 645 eventu
653 614 880 653 comitiorum)
901 625 1000 654 parva

264 669 507 698 nonnunquam
533 669 621 689 azara
644 660 786 689 rumoris
812 664 1001 688 conmutat

267 706 454 743 (tamquam
487 712 620 732 cursum
658 704 779 741 navis).
817 704 907 731 Sext.
947 705 999 735 47.

265 753 350 776 extr.
375 746 415 785 Q.
439 746 591 783 Catulus,
610 757 707 785 quem
732 756 838 785 neque
862 745 998 785 periculi

264 797 461 830 tempestas,
487 800 594 828 neque
619 800 706 820 aura
732 790 864 819 honoris
889 790 1001 827 potuit

265 843 414 871 unquam
428 834 466 862 de
483 843 541 863 suo
552 844 650 863 cursu
663 834 841 863 dimovere.
858 832 920 872 Ap.
932 833 1000 862 Liv.

266 878 345 907 xxii.
363 878 414 908 26.
445 888 530 907 aura
547 877 666 906 favoris
684 877 865 916 popularis,
879 876 1002 905 dicitur

265 921 307 952 de
325 921 433 959 gratia
453 921 541 961 apud
566 921 738 960 populum,
755 920 813 950 sed
836 925 1000 958 quatenns

268 965 306 996 C.
320 964 512 1001 Terentius,
530 965 585 1003 qui
605 965 676 1003 jam
700 965 850 993 animum
869 963 1002 993 attolie-

266 1009 324 1038 bat
349 1008 390 1037 ad
414 1008 606 1038 consulatus
630 1018 736 1048 spem,
755 1008 816 1037 hae
837 1007 945 1046 gratia
961 1007 1002 1037 ad

267 1052 479 1082 consulatum
512 1062 545 1081 se
582 1056 820 1091 perventurum
851 1051 1001 1090 putabat.

267 1106 341 1126 xxx.
359 1098 412 1125 45.
429 1099 512 1125 extr.
537 1101 651 1125 tamen
668 1101 719 1125 est
738 1095 778 1124 de
803 1094 866 1124 levi
889 1093 1002 1134 populi

270 1140 381 1170 favore
399 1138 606 1178 simpliciter.

312 1183 483 1213 Auricula.
498 1183 563 1222 Qu.
574 1182 624 1211 rr.
638 1182 671 1212 ii.
687 1185 734 1212 15.
751 1181 803 1211 Ita
815 1191 868 1211 me
882 1188 915 1210 et
932 1190 1003 1211 esse

269 1232 303 1256 et
319 1225 388 1255 fore
405 1227 489 1256 scito
503 1228 656 1256 auricula
672 1226 789 1255 infima
806 1225 1003 1255 molliorem.

312 1271 423 1300 Auris.
453 1270 552 1300 Arch.
583 1273 629 1299 10.
656 1279 754 1299 aar&
780 1279 855 1299 suas
884 1269 1003 1298 dedere

270 1314 387 1354 poetis
405 1314 478 1343 Att.
495 1314 528 1343 ii.
550 1316 596 1344 14.
614 1313 766 1343 sitientes
779 1323 887 1343 aures.
903 1312 1002 1342 Arch.

268 1359 298 1387 6.
323 1367 420 1387 aures
443 1357 588 1387 defessae.
618 1357 675 1387 Or.
700 1359 752 1391 29.
779 1366 876 1386 aures
900 1355 1003 1385 avidae

268 1406 304 1430 et
319 1411 467 1441 capaces.
481 1410 526 1431 sc.
540 1402 573 1430 in
591 1400 811 1438 dijudicandis
826 1400 1003 1430 verborum

269 1444 566 1484 complexionibus,
594 1454 775 1484 earumque
805 1445 902 1483 justa
935 1453 1005 1473 ma-

270 1488 458 1528 gnitudine.
488 1488 600 1518 Rabir.
633 1488 720 1518 Post.
747 1491 796 1518 14.
828 1497 926 1517 aures
955 1497 1005 1516 re-

270 1532 365 1562 fersit
392 1532 464 1562 istis
489 1532 708 1562 sermonibus.
734 1531 808 1562 Mil.
836 1534 884 1561 12.
909 1541 1006 1560 aures

269 1576 539 1616 peregrinantur,
558 1585 665 1614 neque
686 1580 861 1606 versantur
882 1575 915 1604 in
939 1584 1006 1604 ser-

272 1630 370 1650 mone
386 1620 530 1649 civitatis
547 1620 606 1648 ἃς.
632 1619 743 1649 Plane.
762 1621 813 1652 ⁶27.
837 1629 933 1648 aures
949 1618 1006 1648 he-

271 1663 364 1693 betes
390 1662 531 1703 populus
559 1663 656 1693 Rom.
684 1663 795 1692 habet.
828 1663 899 1692 Att.
924 1663 946 1692 i.
975 1665 1005 1692 5.

273 1706 351 1737 dare
377 1717 475 1737 aisn-s
500 1717 576 1736 suas
600 1707 711 1736 alicui.
746 1706 840 1736 Orat.
863 1711 893 1740 9.
918 1705 1005 1736 Atti-

272 1761 388 1780 corum
420 1760 517 1780 aures
546 1755 669 1780 teretes
700 1755 733 1780 et
765 1749 938 1789 religiosae.
965 1749 1008 1779 ad

273 1795 349 1825 Div.
374 1794 430 1823 xii.
455 1795 501 1824 16.
526 1794 594 1824 noli
618 1798 749 1834 putare,
766 1803 819 1824 me
844 1793 905 1823 hoe
928 1793 1006 1823 dare

272 1839 408 1869 auribus
424 1838 502 1867 tuis.
520 1839 581 1868 διο.

315 1883 458 1912 Aurum.
489 1882 567 1921 Agr.
599 1882 622 1911 i.
652 1884 682 1912 4.
715 1891 839 1911 aarum
870 1890 1007 1910 corona-

273 1926 371 1957 rium.
394 1936 422 1954 v.
441 1925 475 1955 in
493 1925 649 1955 Coronar.
679 1925 785 1955 Flacc.
806 1927 857 1956 28.
881 1934 1007 1954 aarum

271 1969 475 1999 Judaieum:
515 1969 602 2007 quod
638 1969 833 1999 dudaeomm
872 1969 1007 1997 nomine

274 2023 313 2043 ex
335 2013 430 2043 ltalia
446 2018 481 2042 et
497 2023 536 2042 ex
553 2013 707 2042 omnibus
727 2012 902 2052 provinciis
928 2011 1008 2041 Hie-

273 2057 473 2096 rosolymam
501 2057 667 2096 exportari
693 2056 831 2086 solebat.
872 2055 1007 2085 Flaccus

274 2101 385 2131 sanxit
400 2101 523 2136 edit-to,
540 2110 580 2129 ne
597 2110 637 2130 ex
654 2099 732 2130 Asia
747 2099 913 2140 exportari
932 2098 1009 2128 lice-

275 2149 338 2174 ret.
354 2145 413 2174 &c.
456 2143 487 2173 Is
511 2148 562 2173 est
585 2143 676 2174 locus
701 2144 740 2173 de
765 2153 845 2173 auro
867 2142 1008 2172 Judaieo

275 2188 453 2218 classicus:
479 2188 536 2217 ubi
563 2198 593 2217 ν.
620 2187 744 2227 lnterp.
769 2187 920 2226 inprimis
944 2186 1010 2215 Go-

273 2231 419 2261 thofred.
443 2231 484 2261 ad
509 2231 590 2261 Cod.
608 2231 736 2261 Theod.
760 2231 782 2261 l.
803 2231 866 2260 xvi.
891 2230 944 2260 tit.
969 2230 1008 2259 (le

274 2275 412 2306 Judaeis.
439 2275 461 2309 i,
492 2277 540 2305 14.
570 2278 618 2308 17.
644 2276 702 2304 &cu
727 2274 910 2306 Addictum
935 2279 1010 2304 tan—

277 2319 352 2349 dem
368 2320 448 2348 fisco
462 2319 612 2348 Caesaris.

318 2363 525 2394 Auscultare.
549 2362 625 2392 Div.
642 2362 662 2392 i.
679 2364 731 2396 57.
755 2362 860 2400 magis
874 2360 1012 2390 audien-

275 2406 370 2444 dum,
395 2416 494 2445 quam
520 2406 775 2436 auscultandum
806 2415 935 2434 censeO.
971 2404 1011 2434 In

274 2451 374 2480 verbo
402 2450 609 2480 auscultandi
635 2450 722 2479 inest
748 2450 794 2479 vis
821 2448 1010 2485 obediendi,

273 2494 428 2526 credendi
448 2494 507 2525 ἃς,

319 2538 458 2578 Auspex.
488 2537 622 2567 Cluent.
648 2539 677 2567 5.
710 2536 853 2575 auspices
877 2534 1011 2575 nuptia-

276 2592 363 2613 rum.
389 2582 501 2611 Divin.
518 2581 539 2610 i.
561 2581 612 2611 16.
637 2580 833 2620 nuptiarum
856 2580 1009 2619 auspices,

276 2626 391 2664 —qui‚
403 2626 526 2654 omissa
535 2634 583 2661 re,
597 2633 719 2653 nomen
732 2627 867 2652 tantum
880 2627 1011 2652 tenent.

277 2669 319 2700 ef.
345 2668 451 2698 Plaut.
477 2667 587 2698 Casiri.
612 2668 665 2697 Pr.
690 2667 742 2698 86.
771 2666 842 2696 Liv.
864 2667 933 2696 xlii.
961 2667 1011 2696 12.

276 2714 371 2744 Suet.
387 2711 505 2742 Claud.
521 2712 574 2743 26.
598 2711 707 2741 Valer.
733 2710 780 2740 M.
803 2710 837 2740 ii.
864 2713 892 2740 l.
916 2713 951 2739 et
967 2709 1011 2739 ibi

279 2757 423 2795 Interpr.
450 2755 612 2795 petebant
637 2754 797 2794 auspicia,
821 2757 860 2782 ut
883 2752 1012 2792 nuptiae

278 2799 515 2830 auctoritatem
554 2799 725 2828 haberent.
756 2807 787 2827 v.
825 2796 923 2836 plura
959 2805 1012 2836 ap.

276 2844 435 2874 Juretum
452 2842 493 2873 ad
509 2841 699 2882 Symmach.
717 2841 757 2870 iv.
778 2843 827 2871 14.
860 2840 878 2858 ³*
890 2840 960 2870 Att.
977 2840 1012 2870 ii.

277 2891 309 2922 7.
331 2888 475 2926 auspices
491 2886 572 2926 legis
589 2885 735 2916 Curiata
750 2895 760 2923 ;
785 2884 824 2914 de
840 2884 1011 2924 Pompeio,

1042 181 1098 220 qui
1115 181 1148 211 in
1166 180 1305 219 auspicio
1323 178 1400 217 fuit,
1417 177 1497 210 dum
1521 179 1572 210 lex
1596 179 1733 211 Curiata
1754 190 1775 211 a

1044 224 1172 254 caesare
1189 223 1344 253 ferretur.

1084 268 1267 306 Aaspicato.
1285 267 1440 306 auspiciis
1453 267 1558 307 captis
1571 271 1679 297 antea.
1696 267 1772 297 Div.

1041 310 1063 340 i.
1085 314 1111 340 1.
1128 310 1289 341 Romulus
1301 312 1466 350 auspicato
1481 311 1596 340 urbem
1614 310 1775 340 condidit.

1084 354 1291 393 Aaspz'cutus.
1322 354 1555 393 inauguratuS,
1578 363 1679 383 sacer.
1710 353 1775 383 Ra-

1041 398 1102 428 bir.
1124 398 1209 427 Post.
1228 400 1256 427 3.
1281 398 1335 436 qui
1349 398 1383 427 in
1397 398 1521 437 Campo
1535 398 1776 435 Martios-au-

1040 443 1160 481 spicato
1176 441 1210 470 in
1229 441 1311 470 loco.

1084 485 1284 524 Auspicium.
1300 484 1375 515 Div.
1393 484 1425 514 ii.
1440 487 1492 515 38.
1510 494 1584 515 aves
1595 484 1775 524 auspicium

1042 532 1151 558 ratum
1183 527 1301 557 fecere.
1335 527 1412 557 ibid.
1443 528 1464 557 i.
1496 529 1544 558 16.
1575 528 1776 558 ementitum

1042 572 1236 610 auspicium.
1263 572 1296 601 ii.
1320 571 1372 601 36.
1398 581 1539 610 augures
1563 572 1776 611 praecipiunt,

1043 625 1085 645 ne
1101 616 1183 653 juge
1199 615 1379 655 auspicium
1392 615 1558 650 obveniat,
1570 619 1609 645 ut
1617 615 1779 653 jumenta

1035 658 1180 697 jubeant
1190 658 1389 698 disjungere.
1408 658 1495 697 «luge
1508 660 1701 698 mamutium,
1713 662 1778 694 est,

1043 712 1119 731 cum
1137 702 1298 740 junctum
1316 703 1512 741 jumentum
1537 709 1664 732 stercus
1683 701 1774 731 fecit.

1044 745 1171 775 Festus
1196 746 1271 775 Div.
1291 746 1324 775 ii.
1342 746 1393 775 36.
1418 745 1520 775 ProC.
1538 751 1572 775 et
1595 746 1777 785 l’ropraeto-

1043 799 1094 818 res
1118 790 1264 828 auspiciu
1281 798 1348 818 non
1365 789 1499 818 habent.
1516 789 1536 818 i.
1554 799 1582 818 e.
1593 791 1649 828 jus
1666 790 1776 827 auspi-

1043 834 1084 862 cii
1112 833 1274 871 capiendi.
1300 836 1392 861 totus
1419 831 1509 861 locus
1537 832 1710 871 legendus,
1729 831 1778 861 ‘ad

1045 877 1272 915 cognitionem
1289 877 1517 915 auspiciorum.

1087 921 1274 959 Auspicari,
1301 920 1481 959 auspicium
1507 927 1616 957 agere,
1648 928 1776 958 capere.

1044 963 1119 993 Div.
1137 964 1170 992 ii.
1188 964 1239 993 36.
1267 964 1532 992 Praetores—nec
1554 961 1700 1001 tripudio
1717 973 1778 992 au-

1043 1008 1223 1046 spicantur.
1239 1007 1303 1036 vid.
1321 1006 1451 1036 Duker.
1468 1006 1508 1035 ad
1523 1005 1606 1036 Flor.
1625 1006 1646 1035 i.
1666 1009 1692 1036 l.
1710 1006 1740 1035 6.

1087 1050 1256 1080 Auster-us.
1281 1050 1337 1080 Or.
1353 1050 1400 1079 iii.
1413 1051 1465 1080 ⁶26.
1491 1050 1633 1079 suavitas
1646 1053 1779 1079 austera.

1043 1098 1078 1123 et
1101 1093 1217 1131 solida,
1237 1094 1431 1133 (opponitur
1453 1093 1542 1123 dulci
1564 1097 1598 1122 et
1618 1093 1775 1131 deeoctae)

1045 1137 1151 1176 qualis
1169 1137 1233 1168 fuit
1252 1138 1318 1166 vini
1336 1137 1478 1173 Falerni,
1495 1137 1618 1166 habens
1635 1136 1780 1166 delecta-

1045 1182 1172 1211 tionem
1196 1181 1334 1211 virilem.
1359 1190 1436 1211 nam
1457 1181 1590 1210 feminae
1611 1180 1723 1210 dulcia
1744 1190 1779 1209 a-

1047 1230 1151 1254 mant.

1089 1269 1265 1307 Authepsa.
1290 1268 1386 1298 Rosc.
1410 1267 1484 1297 Am.
1508 1268 1561 1299 46.
1586 1270 1637 1298 est
1661 1276 1718 1297 vas
1744 1268 1778 1297 in

1045 1312 1206 1352 superiori
1231 1319 1324 1351 parte
1349 1312 1523 1341 continens
1542 1321 1612 1342 rem
1636 1321 1780 1350 coquen-

1047 1355 1136 1392 dam,
1162 1356 1195 1385 in
1220 1355 1366 1385 inferiori
1395 1355 1544 1385 foculum
1575 1365 1652 1385 cum
1677 1355 1779 1394 igne3

1047 1399 1159 1438 qualia
1181 1399 1278 1428 hodie
1307 1399 1408 1428 etiam
1433 1398 1633 1429 adhibentur
1658 1397 1699 1428 ad
1724 1409 1781 1438 po-

1046 1444 1155 1473 tiones
1172 1452 1266 1482 aquae
1283 1443 1399 1472 calidae
1417 1441 1650 1472 conficiendas.
1681 1441 1781 1472 Lam-

1047 1486 1131 1527 prid.
1156 1486 1189 1516 in
1214 1486 1350 1525 Elagab.
1374 1489 1423 1516 13.
1449 1492 1622 1525 argenteas
1645 1487 1780 1525 authep-

1046 1541 1099 1561 sas
1114 1535 1365 1560 commemorat.
1381 1530 1438 1560 ubi
1455 1529 1520 1559 vid.
1535 1529 1672 1560 Salmas.
1684 1529 1779 1560 Voss.

1047 1574 1089 1604 ad
1117 1573 1238 1604 Catull.
1265 1584 1297 1613 p.
1325 1576 1399 1604 318.
1424 1573 1567 1604 refertur
1589 1573 1621 1603 h.
1648 1573 1669 1604 1.
1694 1573 1783 1604 inter

1048 1628 1125 1647 vasa
1141 1617 1314 1647 Corinthia
1330 1623 1363 1647 et
1379 1617 1528 1648 Deliaca.

1091 1662 1312 1692 Aufiliarius.
1337 1661 1379 1690 ad
1405 1661 1480 1691 Div.
1503 1672 1534 1691 x.
1561 1663 1612 1691 32.
1636 1661 1780 1691 militem

1050 1715 1115 1735 non
1133 1705 1229 1735 modo
1254 1705 1487 1744 legionarium,
1502 1704 1558 1735 sed
1576 1714 1617 1734 ne
1640 1705 1784 1734 auxilia·

1048 1751 1136 1779 riam
1169 1749 1314 1788 quidem.
1349 1749 1442 1778 Prov.
1476 1749 1574 1778 Cons.
1606 1751 1637 1781 7.
1665 1754 1780 1779 tamen

1048 1793 1191 1822 occurrit
1209 1792 1323 1822 cohors
1347 1793 1538 1822 auriliana.
1584 1791 1646 1822 Est
1667 1798 1782 1822 autem

1049 1836 1163 1866 cohors
1180 1836 1318 1875 legionis
1334 1846 1420 1876 pars.

1092 1881 1216 1910 Axilla.
1240 1880 1295 1910 Or.
1312 1883 1365 1910 45.
1390 1879 1554 1918 quomodo
1569 1879 1658 1909 enim
1675 1885 1784 1909 vester

1048 1924 1161 1954 Arilla
1184 1923 1246 1953 Ala
1268 1924 1375 1958 factus
1399 1929 1462 1961 est,
1487 1924 1550 1953 nisi
1573 1922 1654 1963 fuga
1676 1922 1782 1953 literae

1049 1974 1212 1998 vastioris.

1394 2010 1432 2041 Β.

1094 2097 1218 2129 Barca.
1243 2098 1282 2128 de
1299 2099 1390 2127 omni
1403 2097 1517 2127 fructu
1530 2097 1676 2127 arboreo.
1701 2097 1783 2136 Leg.

1052 2143 1073 2171 i.
1091 2145 1120 2173 8.
1146 2141 1258 2181 fruges
1274 2146 1308 2171 et
1325 2143 1435 2172 bacca».
1460 2141 1573 2170 Divin.
1591 2141 1612 2170 i.
1631 2144 1682 2171 51.
1712 2141 1785 2171 bac-

1051 2195 1095 2215 (γε
1119 2186 1285 2216 arborum.
1309 2185 1388 2215 Nat.
1413 2186 1455 2215 l).
1480 2184 1513 2214 ii.
1539 2187 1589 2214 51.
1614 2184 1711 2223 idque
1734 2195 1785 2214 se-

1053 2239 1129 2259 men
1144 2230 1310 2259 inclusum
1321 2236 1370 2259 est
1383 2230 1417 2258 in
1430 2228 1551 2258 intima
1561 2234 1655 2268 parte
1668 2238 1784 2259 earum

1053 2274 1239 2311 baccarum,
1263 2283 1336 2312 quae
1363 2283 1402 2303 ex
1426 2282 1557 2310 quaque
1583 2273 1685 2312 stirpe
1710 2272 1786 2302 fun-

1053 2317 1189 2346 duntur.

1096 2360 1275 2390 Baccliari.
1302 2359 1400 2389 Catil.
1419 2360 1439 2389 i.
1462 2363 1509 2390 10.
1534 2363 1662 2398 quanta
1680 2360 1714 2389 in
1730 2369 1785 2389 vo-

1054 2404 1183 2444 luptate
1201 2405 1400 2433 bacchabere.

1098 2448 1278 2478 Bac-illam.
1306 2447 1435 2484 insigne
1463 2447 1721 2486 magistratuum
1751 2447 1786 2477 in

1053 2491 1259 2531 municipiis,
1276 2491 1348 2520 loco
1365 2491 1515 2520 fascium.
1539 2490 1655 2529 Agrar.
1679 2491 1713 2520 ii.
1733 2493 1787 2521 34.

1053 2534 1186 2564 lictores
1203 2544 1269 2564 non
1285 2544 1362 2564 cum
1380 2535 1514 2571 bacillis,
1527 2534 1584 2564 sed
1600 2544 1677 2564 cum
1690 2533 1787 2563 fasci-

1052 2578 1113 2607 bus
1137 2579 1322 2608 anteibant.
1345 2578 1386 2607 ad
1411 2588 1510 2616 quem
1527 2577 1639 2609 locum
1656 2588 1686 2607 V.
1703 2577 1790 2608 Tur-

1055 2622 1189 2651 nebum.

1096 2666 1202 2696 Baioe.
1229 2666 1360 2705 proprie
1387 2674 1460 2704 qua?v
1489 2665 1570 2703 sint,
1599 2664 1726 2694 dietum
1754 2664 1788 2694 in

1054 2708 1126 2738 Ind.
1142 2709 1261 2748 Geogr.
1285 2709 1350 2738 Sed
1370 2710 1410 2738 ab
1434 2709 1498 2738 illis
1523 2708 1702 2748 Campanis
1717 2718 1790 2737 om-

1054 2753 1110 2782 nia
1136 2753 1257 2782 balnea
1279 2752 1425 2782 calentia
1448 2753 1527 2782 haiae
1550 2757 1689 2788 voeatae,
1705 2751 1787 2781 item

1054 2795 1144 2825 lacus
1161 2796 1333 2828 hortorum
1350 2795 1483 2826 delicati
1501 2802 1536 2826 et
1552 2796 1643 2826 suavi
1655 2795 1795 2833 frigore..

1054 2840 1107 2868 Sic
1124 2839 1284 2870 dicuntur
1307 2840 1387 2870 Coel.
1408 2843 1457 2870 15.
1479 2840 1527 2871 16.
1544 2842 1597 2871 20.
1621 2850 1651 2870 v.
1668 2839 1788 2879 Scalig.

1056 2883 1098 2913 ad
1113 2882 1236 2914 Tibull.
1253 2884 1299 2914 iii.
1317 2887 1347 2914 5.
1361 2887 1391 2914 3.
