1920 3196
241 66 326 103 300

245 168 428 194 arb-anea.-
459 163 493 194 h.
518 173 546 193 e.
572 173 638 193 non
664 173 703 194 ex
722 164 793 205 ipsa
819 175 853 195 re
870 165 985 203 ducta,

248 207 306 237 sed
323 206 460 237 aliunde
478 207 606 237 adscita
622 212 655 237 et
673 214 834 239 assumta.

291 251 716 282 Este-110rainarius.Rosc.
736 252 830 282 Com.
852 255 878 282 1.
892 252 986 283 Verr.

246 295 269 323 i.
286 297 338 328 39.
363 295 396 324 ii.
426 298 478 328 70.
517 296 788 325 e.rt·ramwlinarz'ce
821 297 985 336 pecunia‘,

246 343 340 375 sunt,
373 348 466 376 quas,
492 338 571 377 quia
601 339 734 376 injustis
765 343 800 369 et
829 340 985 380 turpibus

249 382 354 411 modis
379 382 566 411 conciliatae
595 386 688 419 sunt,
721 392 789 412 non
816 383 987 413 audebant

252 426 286 455 in
299 425 431 455 tabulas
448 430 662 465 acceptorum
682 426 816 464 referre,
834 436 874 457 ne
889 437 927 457 ex
946 427 985 457 iis

246 470 400 498 convinci
436 473 580 509 possent.
617 469 635 487 ²*
652 469 693 499 ad
732 470 808 500 Div.
848 471 914 500 viii.
954 474 984 501 8.

247 523 321 543 reus
340 513 636 549 extraordinarius,
661 518 725 551 est,
743 513 783 542 (le
805 524 871 552 quo
895 524 985 553 quae-

245 556 309 585 stio
325 561 419 586 extra
444 557 596 587 ordinem
625 556 777 586 habenda
802 561 864 594 est,
891 557 923 587 h.
955 568 983 588 e.

246 599 370 629 relictis
386 604 574 631 ceterorum
592 601 774 632 criminum
792 602 985 640 quaestioni-

246 643 317 673 bus.
337 653 414 674 nam
433 645 632 683 quaestiones
657 654 695 673 eo
712 644 779 674 fere
795 644 909 675 ordine
927 645 984 675 ha-

246 687 425 725 bebantur,
444 698 509 727 quo
522 693 619 718 erant
635 688 776 718 crimina
792 688 915 725 delata,
934 689 984 718 ni-

245 731 273 761 si
292 731 363 771 lege
390 738 527 761 cautum
550 736 650 768 esset,
668 736 707 761 ut
725 732 795 770 ejus
820 733 983 770 criminis,

246 775 336 814 quod
365 775 514 805 delatum
547 781 647 811 esset,
678 776 798 805 ceteris
828 777 983 807 omnibus

243 825 513 859 praeverteretur.
538 819 661 848 *Vera
686 829 717 849 v,
748 822 796 850 14.
837 825 983 850 eaftraor-

244 863 383 893 d'z'narioe
404 863 619 903 cupiditates,
644 867 862 902 opponuntur
886 867 983 894 natu-

245 916 291 937 ηε
304 917 342 936 ac
356 908 560 937 necessitati.
581 906 599 924 ’⁵
609 907 681 936 Att.
695 917 725 936 v.
741 912 771 942 9.
793 917 916 937 munus
929 919 983 939 ea:-

246 952 521 981 tram-dinarium.
542 950 583 980 ad
597 950 692 980 Brut.
706 953 737 981 4.
756 952 983 982 entraordina—

244 997 289 1026 riz'
305 995 446 1026 honores
464 999 556 1031 sunt,
575 995 630 1034 qui
649 1004 714 1023 non
731 997 884 1035 perpetui
902 1001 982 1026 sunt

244 1040 279 1069 in
296 1039 480 1078 republica,
497 1038 554 1068 sed
563 1041 623 1067 aut
638 1043 781 1077 urgente
797 1039 909 1078 aliqua
925 1049 983 1069 ne-

244 1083 412 1119 cessitate,
430 1087 488 1112 aut
513 1082 578 1111 alia
600 1081 640 1111 de
665 1092 766 1112 causa
792 1083 896 1122 gravi,
924 1094 984 1123 per

243 1127 334 1157 SCta
346 1131 405 1156 aut
423 1125 511 1165 leges
528 1125 762 1163 conferuntur,
775 1132 833 1156 aut
847 1127 903 1166 qui
920 1127 982 1157 ali-

244 1171 298 1200 cui
317 1180 375 1210 per
389 1169 498 1209 legem
516 1169 661 1208 aliquam
675 1170 886 1208 tribuuntur,
903 1181 981 1202 cum

243 1225 283 1244 ex
301 1214 372 1253 lege
389 1213 502 1243 annali
520 1219 579 1243 aut
596 1213 670 1243 aliis
697 1213 838 1253 legibus,
854 1224 894 1244 ex
911 1216 983 1254 qui—

243 1258 304 1288 bus
322 1258 480 1288 ordinarii
504 1257 647 1287 honores
668 1257 889 1297 mandantur,
908 1259 980 1289 ficri

244 1311 313 1332 non
330 1302 445 1342 possit.

288 1346 487 1383 Extrarz’us,
529 1349 719 1375 extraneus.
752 1346 902 1376 Herenn.
947 1347 981 1376 ii.

249 1392 299 1421 13.

289 1433 485 1470 Ercremus,
520 1432 740 1472 periculosus.
771 1433 854 1464 Rab.
886 1434 980 1464 Pei-d.

243 1479 275 1509 2.
298 1482 447 1507 extrema
471 1481 634 1516 tempora.
659 1479 678 1497 ³*
695 1478 834 1517 primus.
863 1477 981 1508 Manil.

246 1525 296 1552 lo.
322 1526 469 1552 extrema
486 1521 640 1560 pucritia.
665 1520 766 1551 *Att.
784 1532 836 1551 xv,
855 1523 908 1552 20.
924 1522 982 1551 ho-

243 1566 366 1603 mines,
376 1570 524 1596 extrema
536 1564 688 1603 quaedam
703 1564 742 1594 de
753 1564 922 1605 republica
936 1565 982 1595 lo-

243 1610 322 1648 qui:
350 1610 382 1639 h.
410 1620 439 1639 e.
463 1609 492 1639 ei
517 1618 685 1639 summam
711 1610 893 1649 perniciem
920 1609 982 1639 im·

247 1654 386 1683 minere.

290 1697 441 1728 Extrieo.
466 1696 507 1726 ad
524 1697 601 1727 Div.
620 1706 650 1727 v.
680 1699 730 1727 lo.
754 1696 794 1726 de
821 1698 981 1738 Dionysio

244 1744 306 1771 tuo
329 1740 437 1771 adhuc
462 1740 544 1770 nihil
567 1742 712 1772 αἰνέω,-
740 1741 760 1770 ὶ.
778 1751 806 1770 e.
839 1742 980 1781 reperio.

241 1785 314 1815 Att.
332 1794 383 1815 xv.
407 1787 458 1815 20.
482 1784 605 1814 solutio
621 1785 782 1814 extricata
797 1796 806 1813 .·
829 1785 863 1815 h.
878 1795 907 1815 e.
925 1795 982 1815 ex-

243 1828 372 1869 pedita.

287 1872 498 1903 Exulem-are
525 1871 680 1910 gratiam.
710 1871 806 1903 Brut.
831 1875 884 1904 42.
910 1873 930 1902 i.
951 1883 980 1903 e.

246 1916 414 1953 minuere,
431 1916 471 1945 de
489 1916 625 1945 invidia.

286 1960 525 2000 Exulceratus,
550 1960 666 1990 iratus.
694 1960 806 1990 Deiot.
832 1964 864 1991 3.
887 1962 980 1991 eml-

243 2009 376 2035 ceratus
393 2004 538 2033 animus.

285 2048 434 2079 Exzcere.
460 2048 552 2077 Verr.
568 2057 599 2077 v.
621 2050 674 2079 53.
698 2058 814 2078 eruere
828 2058 862 2078 se
875 2058 914 2078 ex
932 2047 979 2078 la-

243 2092 348 2132 queis.

286 2136 451 2167 Emrere.
475 2135 557 2165 Nat.
572 2135 616 2165 D.
634 2135 679 2165 iii.
697 2137 728 2165 3.
752 2134 833 2165 mihi
851 2145 891 2165 ex
908 2136 979 2165 ani-

240 2190 296 2210 mo
312 2182 407 2211 exuri
423 2189 490 2210 non
505 2183 629 2220 potest,
646 2188 716 2209 esse
734 2178 834 2209 Deos.
870 2180 934 2209 Sed
949 2189 978 2209 v.

241 2227 312 2254 not.

284 2267 437 2298 Exuvioe.
462 2266 580 2296 Manil.
601 2268 653 2296 18.
679 2268 806 2296 eoezwz'oe
819 2267 978 2303 nauticae,

240 2315 322 2342 sunt
337 2315 443 2341 rostra
456 2310 594 2340 navibus
605 2309 743 2350 derepta
755 2314 789 2340 et
802 2314 978 2351 tamquam

242 2356 389 2390 victoriae
402 2355 499 2395 signa
515 2354 638 2384 alieubi
654 2363 826 2400 suspensa.

590 2441 625 2473 1³.

286 2530 436 2561 Fabelloe.
460 2529 724 2560 narratiunculae
759 2529 912 2569 vulgares
944 2536 978 2561 et

239 2576 369 2605 inanes.
392 2575 470 2605 Div.
499 2575 534 2604 ii.
561 2577 615 2606 38.
649 2575 892 2605 commentitiae
913 2573 979 2615 fa-

240 2620 339 2649 bella».

284 2663 436 2699 Facetus,
454 2665 629 2699 venustus,
658 2661 698 2692 de
723 2661 976 2702 pulchritudine

238 2707 370 2746 generis
393 2705 526 2736 dicendi
549 2707 675 2743 tenuis,
702 2706 760 2735 sed
784 2716 844 2746 per
868 2710 976 2736 totam

238 2750 427 2781 orationem
457 2749 542 2779 fusa.
565 2750 623 2780 Or.
653 2750 684 2780 6.
708 2749 764 2779 alii
798 2750 832 2779 in
858 2750 976 2780 eadem

232 2794 418 2833 jejunitate
452 2794 497 2833 (V.
521 2790 700 2833 jejunitas)
729 2794 974 2832 concinniores,

240 2837 302 2867 hoc
317 2836 510 2876 est,faceti‚
528 2837 685 2867 florentes
702 2837 818 2874 etiam,
836 2842 871 2869 et
894 2837 975 2869 levi-

236 2886 290 2913 ter
305 2882 427 2913 ornati.
451 2880 493 2911 cf.
516 2880 660 2921 Quintil.
676 2881 720 2912 vi.
737 2883 768 2913 3.
785 2883 817 2914 4.

778 75 925 105 INDEX
956 77 1092 105 LATIN
1100 76 1254 105 [TA'rls.

1074 164 1195 195 Facies.
1213 165 1253 195 de
1266 169 1340 195 toto
1354 167 1498 206 corporis
1509 167 1630 200 habitu
1646 173 1681 199 et
1691 178 1765 209 spe-

1030 208 1090 238 cie.
1118 209 1212 239 Rosc.
1226 209 1320 240 Com.
1341 213 1390 240 10.
1401 209 1514 250 facies
1531 221 1597 242 non
1614 218 1699 251 erat,
1712 222 1764 243 ars

1029 256 1102 281 erat
1138 253 1443 292 pretiosa,—nemo
1471 255 1561 285 enim
1605 266 1683 286 eum
1724 266 1764 287 ex

1028 299 1151 325 trunco
1169 296 1314 336 corporis
1328 298 1514 337 spectabat,
1532 298 1589 328 sed
1602 310 1642 329 ex
1660 299 1767 330 artifi-

1029 339 1080 368 cio
1098 339 1226 369 comico
1242 340 1441 371 aestimabat.
1465 342 1522 372 Or.
1540 344 1562 372 i.
1578 342 1765 382 28.facz'es,

1028 382 1154 419 vultus,
1182 393 1401 414 sonus—vox
1436 386 1676 424 tragoedorum,
1708 396 1765 425 ge-

1029 430 1099 456 stus
1116 436 1210 466 paene
1227 437 1436 458 summorum
1455 433 1618 459 actorum.
1644 433 1662 451 *ἱ
1684 429 1764 459 hinc

1029 480 1087 509 pro
1103 471 1225 509 specie,
1246 471 1398 511 inprimis
1414 482 1466 508 ea,
1484 472 1517 501 in
1536 483 1602 510 qua
1615 473 1762 512 dignitas

1028 513 1180 552 quaedam
1199 514 1243 543 sit
1268 519 1328 544 aut
1344 517 1511 553 majestas.
1538 516 1623 546 Phil.
1649 517 1714 546 viii.
1732 519 1763 547 8.

1014 556 1143 596 sociem
1175 562 1310 588 senatus
1345 560 1649 598 auctoritatemque
1680 560 1761 600 reip.

1027 610 1140 630 secum
1173 601 1345 632 attulerat.
1369 603 1449 633 Nat.
1466 603 1508 633 D.
1537 604 1558 633 i.
1583 606 1636 634 38.
1661 603 1756 642 cujus

1027 644 1242 684 cr‹··b1·asaeie
1258 645 1428 685 pellantur
1446 646 1560 676 animi.

1072 688 1192 724 Faczle,
1217 688 1368 719 libenter.
1393 690 1457 719 Off.
1475 691 1508 719 ii.
1528 687 1698 728 19.sacile
1714 688 1762 719 la-

1027 731 1153 761 borare.
1183 732 1237 762 ubi
1270 743 1300 762 ν.
1326 733 1459 763 Manut.
1492 738 1527 763 et
1555 734 1679 764 Victor.
1711 733 1753 764 ad

1027 774 1112 815 Epp.
1130 776 1170 804 ad
1187 776 1263 806 Div.
1278 776 1312 806 ii.
1330 778 1377 807 16.

1071 819 1226 849 streilitas
1256 828 1307 850 est
1337 820 1370 849 in
1406 820 1500 850 bonis
1528 821 1639 857 rebus,
1671 820 1762 859 quod

1025 862 1216 902 proclivitas
1234 864 1267 893 in
1292 863 1398 894 malis.
1420 863 1521 894 Tusc.
1536 865 1577 894 iv.
1599 866 1647 894 12.
1663 863 1681 881 *ὃ
1693 865 1761 904 Op-

1026 907 1164 946 ponitur
1200 908 1302 937 etiam
1334 909 1531 938 morositati.
1568 908 1632 938 Off.
1658 908 1678 937 i.
1706 909 1759 938 25.

1025 950 1095 980 Att.
1115 951 1171 980 xii.
1182 954 1233 981 40.
1248 952 1321 990 quis
1337 956 1394 980 aut
1404 961 1619 991 congressum
1631 961 1759 989 meum,

1026 994 1295 1033 antjizcilitatmn
1313 996 1474 1025 sermonis
1489 995 1704 1026 desideravit.

1070 1038 1179 1074 Facio,
1197 1049 1273 1068 creo
1298 1039 1534 1078 magistratum
1559 1039 1618 1069 ἃς.
1645 1039 1760 1069 Plane.

1026 1084 1056 1112 4.
1081 1082 1322 1122 populussacit
1339 1093 1407 1120 eos,
1421 1093 1439 1112 a
1452 1083 1570 1122 quibus
1588 1086 1640 1113 est
1656 1083 1761 1112 maxi-

1027 1135 1079 1155 me
1097 1126 1254 1156 ambitus.
1278 1126 1297 1144 ²*
1313 1127 1347 1156 in
1366 1137 1398 1156 re
1416 1137 1520 1164 sacra,
1534 1125 1760 1166 sacrasacere.

1025 1169 1115 1199 Mur.
1128 1173 1181 1200 41.
1197 1170 1324 1200 «Iunoni
1341 1180 1457 1200 omnes
1474 1169 1761 1210 Consulesfacere
1784 1198 1786 1201 .

1026 1223 1160 1243 necesse
1178 1218 1240 1244 est.
1263 1214 1281 1232 ²*
1295 1213 1414 1244 Manil.
1439 1216 1492 1244 20.
1507 1215 1535 1245 si
1552 1214 1631 1254 quid
1653 1213 1761 1254 eofiz-

1025 1261 1113 1287 ctum
1132 1262 1231 1295 esset,
1242 1268 1300 1297 per
1316 1256 1468 1297 εὐφημίαν,
1480 1268 1551 1298 pro,
1564 1258 1590 1288 si
1605 1263 1758 1288 mortuus

1024 1304 1120 1331 esset.
1155 1301 1279 1332 *Vera
1296 1302 1329 1331 ii.
1352 1302 1399 1331 16.
1434 1302 1514 1341 quid
1537 1301 1599 1332 hoc
1624 1301 1759 1332 homine

1012 1344 1145 1385 facias:
1163 1346 1183 1375 i.
1196 1355 1224 1375 e.
1241 1345 1406 1385 quomodo
1422 1349 1586 1382 coerceas,
1600 1346 1758 1384 corrigas,

1024 1399 1133 1419 serves
1165 1390 1223 1419 ἃς.
1249 1388 1349 1419 Acad.
1380 1390 1422 1419 iv.
1450 1393 1502 1421 30.
1527 1388 1607 1428 quid
1624 1387 1759 1431 jaceret

1024 1432 1103 1462 huic
1121 1432 1338 1463 conclusioni.
1356 1434 1376 1463 i.
1394 1444 1422 1463 e.
1446 1433 1612 1473 quomodo
1630 1432 1760 1463 refelle-

1025 1482 1087 1507 ret.
1111 1477 1130 1495 *²
1148 1477 1249 1517 fingo.
1275 1477 1354 1507 Nat.
1371 1477 1412 1507 D.
1431 1478 1451 1507 i.
1469 1480 1520 1508 30.
1544 1476 1594 1506 his
1613 1477 1758 1507 nomini-

1023 1521 1085 1550 bus
1103 1520 1180 1550 deos
1204 1531 1274 1550 esse
1289 1520 1455 1560 jacimus,
1482 1521 1601 1560 quibus
1623 1530 1642 1550 a
1664 1521 1758 1553 nobis

1026 1565 1257 1598 nominantur.
1291 1565 1309 1583 ⁷*
1325 1564 1419 1597 Verr.
1445 1565 1491 1595 iii.
1509 1566 1561 1595 42.
1589 1564 1757 1595 tributum

1011 1607 1132 1647 facere
1147 1609 1298 1648 coegisti,
1316 1609 1336 1638 i.
1349 1619 1378 1639 e.
1395 1608 1485 1638 dare.
1509 1608 1527 1626 *²
1540 1608 1610 1638 fieri
1628 1608 1689 1638 sibi
1699 1609 1758 1647 ju-

1024 1652 1113 1690 bere,
1134 1651 1332 1695 jaciendum
1367 1663 1494 1682 curare.
1516 1651 1610 1682 verr.
1634 1653 1676 1682 iv.
1704 1654 1760 1683 25.

1025 1706 1101 1726 cum
1121 1696 1220 1726 vellet
1235 1697 1296 1726 sibi
1313 1695 1614 1736 annulumfacere,
1631 1696 1695 1726 nisi
1710 1695 1759 1725 le-

1024 1740 1172 1779 gendum
1198 1746 1249 1770 est
1274 1740 1357 1770 fieri.
1391 1741 1409 1760 'ff
1426 1750 1557 1777 ornare,
1588 1740 1757 1779 effingere.

1023 1784 1081 1814 Or.
1109 1787 1161 1815 51.
1185 1784 1345 1814 orationis
1360 1783 1530 1824 faciendoe
1546 1788 1711 1821 auctores,
1736 1783 1758 1814 i.

1025 1838 1054 1858 e.
1079 1828 1271 1858 excolendae
1288 1834 1322 1858 et
1338 1828 1504 1867 fingendae
1518 1837 1576 1867 per
1599 1836 1756 1857 numeros

1024 1872 1084 1902 ἃς.
1109 1872 1150 1904 ad
1176 1872 1248 1902 Att.
1278 1873 1334 1902 xii.
1367 1875 1420 1904 40.
1445 1881 1549 1911 genus
1576 1870 1756 1909 scribendi,

1024 1915 1112 1955 quod
1130 1915 1354 1956 nemosacere
1369 1919 1492 1956 posset.

1067 1959 1237 1997 Faculcas,
1256 1970 1314 2000 pro
1342 1960 1450 2000 copia,
1475 1958 1598 1989 dicitur
1619 1957 1756 1990 divesris

1022 2004 1142 2040 modis,
1169 2007 1208 2034 ut
1230 2004 1339 2044 ipsum
1368 2004 1471 2044 copiae
1499 2003 1648 2033 verbum.
1671 2002 1755 2034 Sull.

1027 2050 1074 2078 14.
1099 2047 1194 2087 cujus
1221 2049 1351 2087 generis
1376 2048 1523 2079 virorum
1538 2047 1694 2087 facultas
1720 2047 1756 2077 in

1021 2095 1141 2121 senatu
1159 2092 1315 2122 maxima.
1338 2092 1456 2133 Quint.
1474 2094 1505 2121 4.
1522 2090 1678 2130 facultas
1694 2099 1758 2120 nu-

1021 2145 1165 2165 morum.
1189 2135 1306 2166 Partit.
1334 2138 1387 2166 28.
1398 2134 1556 2175 facultas
1579 2143 1758 2173 argumen-

1021 2179 1203 2209 tationum.
1220 2179 1262 2209 ad
1285 2180 1361 2210 Div.
1379 2190 1410 2210 x.
1427 2182 1459 2210 4.
1484 2179 1512 2209 si
1527 2177 1685 2218 ‚facultas
1702 2177 1755 2212 tui

1020 2223 1193 2263 praesentis
1202 2227 1299 2253 esset.
1310 2223 1428 2263 Quint.
1445 2221 1660 2262 1.facultaces
1674 2221 1759 2251 ami-

1021 2276 1149 2297 corum.
1163 2268 1220 2297 Or.
1238 2267 1284 2297 iii.
1302 2267 1512 2308 15.Jizcultas
1527 2265 1687 2306 temporis
1700 2274 1757 2294 va-

1022 2310 1075 2340 cui
1106 2315 1140 2341 ct
1173 2311 1279 2341 liberi.
1308 2311 1349 2341 ad
1378 2311 1450 2341 Att.
1466 2311 1488 2341 i.
1519 2313 1568 2344 17.
1594 2309 1753 2349 ‚facultas

1022 2356 1287 2385 commodorum.
1311 2355 1329 2373 ’ἒ
1346 2355 1386 2385 de
1404 2354 1638 2396 possibilitate,
1659 2363 1756 2383 occa-

1021 2398 1115 2428 sione
1132 2399 1192 2429 &c.
1209 2399 1251 2429 ad
1267 2399 1342 2429 Div.
1360 2400 1381 2429 i.
1393 2403 1424 2434 7.
1442 2399 1468 2429 si
1492 2396 1756 2437 resfaeullatem

1021 2441 1179 2475 habitura
1205 2442 1367 2473 videatur.
1385 2444 1428 2473 ib.
1447 2443 1481 2472 ii.
1504 2441 1755 2481 &facultatem

1021 2495 1202 2517 munerum
1222 2496 1322 2517 nemo
1345 2487 1550 2517 admiratur:
1583 2490 1635 2515 est
1664 2485 1756 2515 enim

1021 2530 1207 2569 copiarum,
1235 2540 1303 2560 non
1332 2531 1477 2561 virtutis.
1500 2529 1589 2560 Mur.
1618 2531 1649 2559 5.
1678 2538 1758 2559 vera

1007 2572 1164 2613 facultas
1194 2574 1426 2605 maledicendi.
1466 2574 1563 2605 Rose.
1594 2572 1670 2604 Am.
1700 2575 1756 2603 33.

1021 2627 1081 2657 age
1099 2627 1190 2648 nunc
1215 2622 1343 2649 ceteras
1354 2618 1540 2659 facultates
1566 2615 1756 2647 considere-

1022 2671 1108 2692 mus.

1063 2706 1186 2743 Facem,
1204 2705 1261 2744 jus
1275 2705 1429 2737 faciendi.
1444 2705 1528 2745 Top.
1548 2707 1597 2735 11.
1623 2703 1665 2733 ad
1677 2702 1755 2734 Div.

1019 2750 1075 2779 vii.
1092 2751 1145 2780 21.
1156 2748 1342 2788 factionem
1357 2749 1556 2782 testamenti
1573 2757 1639 2778 non
1655 2746 1756 2781 habe!

1019 2803 1065 2823 re.
1089 2794 1107 2812 *²
1122 2798 1246 2834 parteS,
1273 2795 1378 2825 etiam
1407 2794 1442 2824 in
1470 2794 1558 2823 bono
1577 2801 1687 2822 sensu.
1710 2790 1753 2830 Ω.

1019 2837 1071 2868 Fr.
1085 2838 1118 2867 ii.
1138 2841 1165 2868 1.
1179 2840 1209 2868 5.
1235 2837 1416 2870 Gabinium
1432 2841 1499 2869 tres
1516 2834 1757 2878 adhucsactioa·

1020 2890 1077 2912 nes
1092 2881 1276 2923 postulant.
