1920 3196
699 90 846 120 mnnx
877 88 1175 118 mummi-13.
1611 76 1692 113 311

173 179 291 222 rhum.
322 178 398 209 Seu.
429 189 462 220 p.
490 179 530 211 R.
563 179 594 210 6.
630 189 707 210 cum
749 178 908 208 Graeculis

176 223 411 264 philosophari.
436 227 455 245 2*
474 224 566 253 nulla
582 223 646 253 fide
659 223 794 262 dignus,
812 221 905 252 levis.

175 268 217 297 ad
232 268 309 297 Div.
334 268 387 297 vii.
421 270 467 298 18.
499 268 650 298 Groecula
668 266 779 296 cautio
797 266 905 296 chiro-

175 310 312 350 graphi:
346 311 384 340 de
409 321 475 349 quo
500 311 570 340 loco
587 321 616 340 v.
641 310 756 341 Burin.
781 309 822 339 ad
847 309 906 338 Pe-

172 360 261 384 tron.
287 364 314 383 ο.
343 355 396 384 46.
423 355 477 384 uhi
504 355 606 384 ctiam
634 354 673 384 de
701 352 774 384 aliis
805 352 905 392 hujus

173 398 264 427 verbi
283 398 583 437 significationibus
601 398 695 428 dixit.

222 441 363 471 Graecus.
389 441 444 472 Or.
465 442 497 471 ii.
516 443 567 472 36.
598 442 676 472 dare
691 440 906 479 significatio-

170 494 245 514 nem
257 495 445 523 gracorum
463 495 587 521 rerum,
604 485 636 515 h.
654 495 683 515 e.
698 494 814 524 ἔνατα»
831 494 907 514 eru-

170 528 317 559 ditionis.
341 529 412 558 Au.
431 530 492 559 xvi.
511 532 540 559 5.
575 530 629 559 vii.
652 532 678 559 1.
700 529 803 568 groeci
821 527 903 564 ludi,

169 577 250 602 suut
264 573 401 610 scenici,
417 573 448 602 in
467 573 585 609 quibus
602 571 722 602 fabulae
737 573 837 611 groeoi
855 581 906 601 ar-

170 617 323 655 gumenti
338 626 427 645 more
439 626 544 655 ζαν-ατο
554 623 713 656 aguntur.
728 616 794 646 vid.
811 615 904 646 Dod-

172 659 247 689 wel.
264 660 303 689 de
321 660 428 699 Cyclis
446 661 487 690 iv,
509 662 557 691 16.

219 703 426 734 Gramineus.
465 703 558 734 Verr.
590 704 632 734 iv.
663 703 716 734 56.
755 703 904 733 etiamne

164 749 359 785 graminras
385 747 497 778 hastas
511 748 668 778 ?—eraut
699 746 904 785 hujusmodi,

169 797 208 821 ut
225 792 328 821 semel
352 791 469 821 vidisse
484 792 564 822 satis
589 796 700 829 esset3
725 791 760 821 in
783 791 903 830 quibus

170 845 278 874 neque
291 845 393 865 manu
406 836 548 873 factum,
561 844 669 875 neque
686 834 902 875 pulchritudo

168 885 240 908 erat
258 879 338 917 ulla,
356 879 413 909 sed
429 884 565 910 tantum
582 878 780 919 magnitudo
797 879 904 908 incre·

170 922 290 953 dibilis.
347 923 395 953 Ex
415 924 486 963 ipso
504 923 575 953 loco
591 929 698 962 patet,
714 923 827 953 hastas
843 921 902 952 has

168 966 269 996 fuisse
285 977 367 1007 opus
385 971 524 997 uaturae.
573 967 679 997 Credo
698 966 798 997 fuisse
820 976 902 1005 gra-

168 1012 266 1039 minis
278 1010 404 1041 culmos
416 1011 584 1041 inusitatae
597 1010 852 1050 magnitudinis,
864 1016 902 1041 ut

165 1052 296 1084 hastam
322 1061 506 1094 aequarent‚
532 1064 672 1094 eamque
695 1055 737 1085 ob
764 1064 900 1084 causam

165 1106 312 1127 servatos
330 1104 364 1128 et
385 1103 564 1138 spectatos.
609 1098 761 1129 Olivetus
786 1104 899 1128 autem

164 1140 361 1172 Turnebum
374 1143 537 1181 sequitur,
549 1143 605 1181 qui
620 1142 771 1182 putabat,
781 1142 900 1182 quibus

163 1185 377 1224 ingramineo
385 1195 502 1226 campo
512 1196 546 1216 se
559 1191 752 1216 exercentes
765 1193 901 1216 uteren-

163 1233 232 1267 tur,
258 1233 295 1259 ut
323 1229 480 1265 Virtrilius
507 1237 540 1259 et
563 1232 777 1268 gramineam
800 1229 903 1270 palae-

154 1277 268 1309 *stram
282 1273 365 1303 dixit
377 1274 453 1303 AEu.
468 1274 509 1303 vi.
521 1275 595 1304 642.
614 1274 675 1304 Cui
689 1275 837 1314 opinioni
851 1285 902 1304 re—

164 1323 296 1355 pugnat
314 1317 404 1346 locus
423 1317 604 1355 Ciceronis,
623 1318 657 1348 in
673 1329 738 1357 quo
755 1328 830 1348 mox
849 1328 898 1349 se-

161 1361 289 1398 quitur,
306 1362 340 1391 iu
358 1361 421 1391 illis
435 1360 538 1391 hastis
554 1362 637 1392 nihil
651 1372 754 1392 manu
769 1362 898 1392 facturn

162 1402 275 1434 fuisse.
323 1404 471 1435 Fuerunt
488 1415 565 1445 ergo
591 1411 719 1436 naturae
737 1416 820 1446 opus
838 1407 899 1436 mi-

162 1447 265 1477 rabile
281 1453 315 1478 et
340 1449 528 1479 visendum.
574 1450 710 1480 Poctiea
740 1449 898 1489 loquendi

159 1490 268 1521 forma
283 1502 348 1521 non
366 1492 489 1532 datjus
515 1493 555 1523 ad
572 1494 642 1533 ejus
667 1503 821 1524 normam
847 1494 897 1525 in—

159 1535 388 1575 terpretandae
418 1538 640 1567 narrationis:
674 1537 797 1577 alioqui
825 1548 900 1578 pos-

161 1582 215 1608 set
239 1579 361 1618 aliquis
391 1590 429 1610 ex
455 1581 564 1611 Ovidii
591 1583 770 1622 pampinea
800 1581 898 1612 hasta

161 1621 298 1653 Heroid.
321 1626 368 1653 13.
394 1627 446 1655 33.
471 1625 600 1655 efficere
618 1625 728 1656 hastas
745 1626 896 1665 gramine

159 1666 397 1698 circumdatas.
421 1667 581 1698 Nostram
599 1670 803 1699 sententiam
821 1679 896 1710 pro-

158 1710 240 1784 Ἑξη
273 1711 375 1742 etiam
402 1711 621 1753 Verburgius,
652 1713 832 1752 Gesnerus,
860 1719 895 1744 et

196 1765 229 1784 n.

207 1798 447 1830 Grammatica.
472 1799 564 1830 Orat.
589 1800 610 1831 i.
637 1802 691 1832 42.
725 1801 807 1840 quid
835 1802 894 1840 sit,

157 1851 231 1881 quae
251 1843 383 1881 objecta
400 1844 520 1874 habeat
535 1845 547 1874 ?

205 1886 436 1917 Grammatici.
461 1887 537 1917 Div.
556 1888 576 1917 i.
607 1891 656 1919 18.
686 1888 895 1920 Grammati-

156 1929 199 1968 εἰ,
216 1931 414 1970 interpretes
431 1935 617 1971 poetarum.

204 1974 388 2005 Grassator.
415 1975 483 2005 Fat.
510 1979 560 2007 15.
586 1985 691 2014 genus
708 1975 892 2015 latronum,

156 2017 245 2054 quod
261 2018 296 2048 in
314 2019 395 2049 urbe
411 2019 500 2049 vicos
528 2020 713 2058 obsidebat,
731 2025 766 2050 et
780 2021 893 2051 obvios

153 2060 285 2098 injurioe
309 2067 515 2103 opportunos
543 2063 751 2101 verberabat,
775 2064 892 2104 spolia.

154 2102 211 2134 bat
226 2110 260 2135 et
277 2110 385 2136 morte
398 2106 587 2137 territabat.
607 2107 647 2137 de
660 2118 725 2147 quo
735 2107 893 2139 Torrent.

152 2152 188 2176 et
206 2147 346 2179 Casaub.
364 2150 406 2179 ad
422 2151 560 2181 Suetou.
575 2151 661 2191 Aug.
678 2154 731 2183 32.
746 2151 892 2183 Budaeus

156 2190 198 2220 ad
215 2191 318 2223 Pand.
335 2203 368 2233 p.
385 2196 459 2225 342.

202 2236 332 2267 Gracia.
358 2237 429 2267 Att.
442 2239 537 2269 v.90.
561 2242 635 2269 erat
659 2242 812 2269 nostrum
832 2249 889 2270 no-

151 2288 228 2309 men
260 2281 294 2310 in
327 2283 454 2320 gratia.
502 2281 621 2313 Manil.
643 2284 697 2314 24.
739 2283 887 2322 aliquam

149 2321 271 2354 bonam
294 2326 445 2363 gratiam
474 2325 537 2355 sibi
568 2336 728 2365 quaerere.
751 2327 887 2358 Muren.

149 2368 203 2397 20.
242 2369 412 2407 provincia
445 2370 599 2400 Murenae
630 2370 754 2401 multas
785 2370 887 2401 bonas

144 2412 278 2449 gratias
301 2412 428 2443 attulit.
452 2413 508 2444 ubi
524 2413 590 2444 vid.
606 2413 714 2445 Graev.
732 2413 814 2445 Sull.
837 2416 886 2446 16.

144 2456 298 2492 gratiam
324 2456 460 2494 referre,
485 2467 558 2497 pro,
576 2457 703 2488 ulcisci.
731 2467 760 2488 v.
778 2458 886 2490 Graev.

146 2497 185 2546 it.
211 2497 252 2528 ad
275 2499 331 2529 Or.
355 2500 398 2530 ad
424 2500 518 2540 Quir.
535 2511 567 2541 p.
584 2501 667 2532 Red.
683 2506 715 2536 9.
739 2501 781 2532 ad
807 2502 885 2534 Div.

148 2551 170 2571 ι.
192 2544 218 2571 l.
239 2544 389 2581 gratiam
418 2548 566 2575 nostram
590 2545 760 2584 extinguit
777 2545 885 2576 homi-

147 2594 230 2615 num
246 2588 404 2627 suspicio,
421 2588 455 2618 h.
470 2599 499 2619 e.
512 2588 598 2620 nihil
611 2590 754 2627 efficere,
767 2600 886 2629 quam-

148 2638 250 2678 quam
269 2631 432 2669 gratiosus
447 2632 536 2672 apud
553 2632 719 2670 homines,
734 2643 884 2673 possum,

147 2681 226 2710 qma
247 2675 463 2714 suspicantur
490 2676 549 2706 διο.
573 2676 668 2707 Verr.
692 2677 740 2707 iii.
772 2679 824 2708 82.
849 2678 885 2708 in

146 2715 302 2747 beneficii
323 2720 506 2758 gratiaeque
526 2719 599 2750 loco
622 2725 748 2759 petere.
772 2724 791 2743 *
809 2720 885 2752 Ele-

146 2768 230 2798 gans
244 2765 295 2790 est
306 2761 378 2792 haec
394 2762 502 2793 forma
516 2775 522 2793 :
547 2773 671 2803 ponere
687 2763 833 2804 aliquem
849 2766 884 2796 in

144 2805 263 2852 gratia
288 2805 339 2836 vel
360 2808 527 2845 gratiam,
554 2813 594 2838 ut
616 2808 688 2838 Att.
717 2818 748 2839 ν.
773 2812 805 2840 3.
837 2812 885 2840 11.

144 2855 189 2877 vi.
216 2850 248 2878 5.
275 2849 334 2879 διο.
367 2859 442 2888 quae
465 2851 647 2890 significat,
671 2853 802 2883 efficere
825 2853 886 2883 ali-

147 2899 250 2930 quem
267 2892 357 2935 apud
367 2893 512 2929 alterum
525 2895 722 2935 gratiosum,
739 2906 888 2929 comme-

953 175 1114 207 morando
1131 176 1202 215 ejus
1227 175 1261 205 in
1290 175 1399 215 ipsum
1425 183 1551 210 amore,
1578 172 1692 204 studio

955 222 1014 250 διο.
1043 231 1071 251 v.
1089 220 1232 251 Gronov.
1251 218 1292 249 ad
1316 219 1387 249 Liv.
1413 217 1488 247 xliv.
1520 220 1566 247 14.
1590 217 1689 247 *esse

954 274 1031 294 cum
1050 264 1161 303 aliquo
1178 264 1212 293 in
1225 264 1342 302 gratia
1359 262 1399 292 ad
1416 262 1490 291 Div.
1510 261 1530 290 i.
1547 265 1578 294 9.

1004 307 1384 346 Gratulalio‚ju¹1gitur
1414 305 1556 335 laetitiae.
1595 304 1690 334 verr.

955 352 996 382 iv,
1015 354 1066 382 34.
1091 360 1225 381 summa
1250 360 1328 380 cum
1357 349 1586 389 gratulalione
1609 348 1691 377 civia

953 405 1011 425 um
1029 400 1060 424 et
1087 394 1207 424 laetitia
1228 395 1401 434 reponitur
1432 396 1556 422 statua.
1581 390 1690 421 Flacc.

952 441 1006 473 39.
1031 443 1160 477 quanta
1182 437 1473 476 laetitia-quanta
1494 436 1689 475 gratulatio.

953 483 1116 512 *Murem
1141 484 1194 512 41.
1219 481 1253 511 in
1276 491 1339 511 sua
1357 481 1596 520 gratulatione,
1613 480 1634 508 i.
1659 488 1689 509 e.

953 536 1030 556 cum
1048 525 1164 556 consul
1187 525 1382 564 designatus
1398 530 1495 554 esset.
1523 523 1542 541 ¹*
1557 522 1625 552 dies
1641 522 1674 552 fe
1685 540 1692 545 ·

951 577 1036 607 stus,
1054 579 1119 609 quo
1146 569 1217 599 Diis
1247 569 1363 608 gratiae
1389 573 1537 607 aguntur
1571 576 1630 607 pro
1655 576 1690 596 re

952 613 1039 644 laeta.
1064 614 1103 643 ad
1122 613 1198 643 niv.
1225 613 1270 643 xi.
1301 616 1349 643 18.
1373 610 1436 642 hac
1462 616 1533 642 tam
1562 611 1690 640 receuti

949 658 1187 696 gratulatione,
1205 665 1303 696 quam
1322 656 1395 687 Diis
1413 655 1455 685 ad
1470 654 1586 685 omnia
1600 660 1689 684 tcm-

952 701 1008 742 pia
1022 700 1174 731 fecimus.
1209 704 1228 721 θ
1246 700 1345 730 Catil.
1363 701 1404 730 iv.
1427 702 1476 730 10.
1501 699 1689 738 gratulatio

951 745 1032 786 reip.
1049 750 1264 775 conservatae.
1288 744 1332 774 ad
1347 744 1423 775 Div.
1441 753 1471 772 v.
1496 746 1527 777 7.
1544 751 1687 781 quarum

951 798 1062 819 rerum
1073 789 1269 828 gratulatio.

1002 833 1210 867 Grtrtulator.
1234 831 1307 862 Fin.
1324 831 1359 861 ii.
1377 833 1429 861 33.
1455 829 1518 860 Sed
1535 839 1565 859 v.
1583 834 1655 859 not.

999 877 1187 907 Gratuitus.
1219 876 1260 916 Ω.
1294 875 1345 906 Fr.
1377 875 1411 904 ii.
1446 877 1493 904 15.
1541 873 1688 903 Comitia

947 921 1114 959 gratuita,
1133 921 1154 950 i.
1178 930 1207 951 e.
1231 921 1266 950 in
1288 919 1409 959 quibus
1435 917 1528 948 nulla
1552 917 1686 956 largitio

949 970 1080 995 versata
1094 970 1157 994 est.

999 1009 1133 1039 Gratus.
1158 1007 1199 1037 ad
1215 1006 1292 1037 Div.
1305 1006 1351 1036 iii.
1365 1009 1395 1037 8.
1416 1007 1512 1045 grati
1529 1006 1564 1036 in
1580 1008 1614 1035 te
1630 1005 1687 1035 be-

952 1062 994 1083 ne
1013 1053 1144 1082 merito.

998 1097 1213 1126 Gravidatus.
1238 1094 1318 1124 Nat.
1334 1094 1378 1125 D.
1398 1093 1432 1124 ii.
1450 1096 1504 1125 33.
1524 1092 1687 1133 gravida-

948 1145 984 1171 ta
999 1140 1185 1170 seminibus
1200 1144 1301 1168 terra.

999 1184 1130 1221 Gravis,
1148 1183 1204 1223 qui
1221 1183 1369 1212 oratione
1387 1181 1491 1221 gravi,
1507 1180 1687 1220 magnifica.

947 1229 1068 1258 utitur.
1092 1227 1149 1258 Or.
1167 1227 1214 1256 iii.
1229 1229 1283 1257 45.
1297 1236 1419 1265 graves
1430 1226 1547 1255 simus.
1574 1225 1592 1243 ²*
1605 1226 1683 1255 Sen.

949 1283 980 1312 p.
999 1273 1037 1303 R.
1055 1273 1085 1303 6.
1108 1281 1227 1311 graves
1253 1270 1354 1307 oculi,
1372 1274 1452 1299 sunt
1480 1279 1611 1307 eorum,
1629 1269 1685 1308 qui

947 1316 1096 1346 nondum
1124 1314 1330 1345 edormivere
1359 1313 1542 1354 crapulam.
1577 1313 1596 1331 *ἓ
1614 1322 1685 1342 ma-

945 1370 1047 1400 gnam
1065 1360 1131 1389 vim
1150 1359 1287 1389 habeus.
1300 1358 1341 1388 ad
1356 1358 1432 1388 Div.
1446 1357 1515 1387 xiii.
1529 1359 1581 1390 ⁶29.
1594 1356 1683 1395 quod

946 1414 1006 1444 per
1032 1414 1066 1434 se
1094 1407 1145 1433 est
1168 1412 1285 1441 grave.
1323 1402 1401 1432 ibid.
1431 1412 1462 1431 x.
1493 1403 1540 1431 1⁶2.
1578 1401 1687 1430 litcrae

942 1458 1073 1486 graves.
1097 1448 1227 1486 *quern
1244 1446 1397 1476 homiues
1415 1449 1582 1475 verentur.
1606 1444 1686 1483 Agr.

944 1493 978 1523 ii.
1000 1495 1049 1526 17.
1076 1501 1181 1530 grave
1197 1496 1245 1520 est
1266 1499 1389 1520 nomeu
1414 1489 1557 1529 imperii.
1582 1488 1600 1506 ¹*
1614 1498 1684 1518 ina·

945 1536 1137 1576 gnauimus.
1172 1534 1271 1565 Arch.
1295 1537 1327 1568 7.
1358 1532 1539 1563 excellenti
1571 1532 1685 1562 animo

945 1585 979 1610 et
1007 1583 1132 1610 v1rtute
1156 1577 1520 1608 homines-moderati
1544 1582 1579 1606 et
1600 1586 1685 1615 gra-

942 1634 1005 1654 ves.
1051 1624 1069 1642 ’ἒ
1084 1623 1179 1654 verr.
1211 1622 1246 1652 ii.
1280 1625 1312 1653 4.
1355 1631 1477 1660 graves
1517 1620 1684 1658 civitates,

942 1672 1023 1698 sunt
1054 1667 1215 1703 illustres,
1246 1670 1281 1695 et
1316 1669 1493 1706 propterea
1521 1673 1682 1703 maguam

941 1712 1179 1742 auctoritatem
1204 1720 1242 1740 ac
1259 1709 1360 1739 fidem
1378 1709 1581 1739 obtinentes,
1627 1708 1682 1738 Sic

941 1755 982 1786 de
998 1756 1132 1786 civitate
1148 1755 1301 1785 Romana
1314 1758 1366 1783 est
1377 1752 1489 1782 Vatin.
1508 1755 1557 1782 13.
1578 1752 1596 1769 ¹¹²
1607 1761 1682 1792 pas-

940 1800 1020 1830 sive.
1047 1800 1126 1839 Agr.
1143 1799 1176 1828 ii.
1194 1797 1248 1829 26.
1270 1796 1602 1833 succumbentijam,
1621 1805 1681 1835 op-

941 1853 1067 1883 presso,
1092 1842 1237 1873 Sullanis
1265 1841 1421 1871 oneribus
1445 1841 1554 1879 gravi.
1593 1839 1613 1858 *
1629 1849 1683 1869 so·

939 1897 1004 1918 nus
1028 1886 1255 1917 humillimus:
1293 1885 1317 1915 il
1340 1885 1456 1915 basso:
1496 1884 1681 1924 opponitur

941 1932 1149 1962 acutissimo.
1173 1931 1231 1961 Or.
1248 1930 1294 1959 iii.
1312 1929 1364 1959 61.
1390 1929 1410 1959 i.
1430 1932 1482 1962 59.

988 1976 1154 2006 Gravitas.
1178 1974 1249 2004 Att.
1267 1973 1311 2002 xi.
1335 1974 1387 2003 22.
1415 1973 1567 2011 gravitas
1589 1971 1678 2009 coeli,

939 2024 991 2049 est
1007 2018 1201 2059 pestilentia.
1217 2018 1312 2048 a'eris.
1336 2017 1354 2035 ᾗ
1368 2017 1437 2046 Fin.
1454 2017 1494 2045 iv.
1516 2017 1565 2046 12.
1593 2025 1676 2055 gra.-

936 2065 1023 2093 vz'r‘as
1036 2063 1277 2099 membrorum,
1288 2064 1339 2091 est
1355 2060 1506 2090 debilitas
1522 2064 1556 2089 et
1568 2059 1673 2089 dolor.

939 2107 996 2137 ubi
1013 2106 1078 2137 vid.
1097 2106 1208 2137 Davis.
1239 2104 1402 2135 Similiter
1422 2104 1505 2134 dixit
1528 2104 1562 2133 in
1589 2102 1676 2133 Tus-

937 2151 1003 2181 cul.
1028 2151 1072 2181 iii.
1101 2153 1129 2181 1.
1151 2150 1303 2189 gravitas
1332 2153 1367 2178 et
1396 2148 1489 2178 dolor
1515 2147 1676 2187 corporis.

936 2195 992 2225 ubi
1010 2194 1135 2225 frustra
1150 2192 1324 2224 Bentleius
1351 2192 1499 2222 malebat
1514 2192 1673 2231 pravitas,

933 2242 973 2268 ut
989 2239 1073 2269 bene
1093 2237 1227 2278 judicat
1255 2236 1434 2267 Schultens
1450 2236 1492 2266 ad
1519 2235 1674 2265 Proverb.

934 2282 1058 2313 SaJom.
1075 2292 1103 2312 e.
1133 2285 1186 2314 25.
1235 2281 1334 2311 Porro
1360 2279 1462 2310 Acad.
1482 2280 1524 2310 iv.
1545 2282 1593 2313 17.
1619 2284 1672 2309 est

931 2328 1086 2366 grazdtas
1113 2335 1243 2362 seusus,
1260 2325 1281 2355 i.
1306 2334 1335 2354 e.
1359 2323 1539 2360 hebetudo,
1566 2323 1672 2354 imbe-

934 2370 1068 2401 cillitas.
1091 2371 1148 2400 Or.
1166 2369 1212 2399 iii.
1234 2372 1281 2399 ll.
1297 2369 1449 2408 gravitas
1465 2368 1602 2407 linguae,
1620 2374 1672 2398 est

933 2424 1034 2444 sonus
1051 2413 1139 2444 vocis
1155 2412 1268 2454 paullo
1285 2412 1448 2452 agrestior
1469 2418 1503 2441 et
1529 2412 1671 2441 rustica-

932 2468 1006 2489 nus.
1064 2457 1220 2488 Pearcius
1252 2461 1375 2497 praeter
1404 2465 1475 2486 rem
1498 2455 1564 2495 legi
1597 2455 1670 2486 vult

931 2503 1087 2543 pravitas.
1142 2501 1232 2531 Nam
1264 2500 1409 2540 pravitas
1446 2499 1547 2529 latius
1575 2502 1671 2539 patet

927 2547 1107 2585 gravitate.
1159 2545 1315 2575 Gravitas
1332 2545 1365 2574 in
1379 2544 1580 2574 deteriorem
1596 2553 1673 2583 par-

930 2596 1002 2620 tem
1026 2589 1067 2620 de
1098 2588 1214 2619 multis
1240 2588 1338 2618 rebus
1368 2587 1505 2624 dicitur,
1524 2590 1563 2616 ut
1589 2587 1672 2616 vidi-

932 2643 1018 2664 mus,
1055 2633 1155 2663 Aliud
1168 2638 1219 2662 est
1231 2633 1384 2671 gravitas
1406 2631 1578 2669 orationis,
1596 2640 1671 2670 quae

932 2687 1065 2718 semper
1085 2678 1119 2707 in
1138 2676 1234 2706 laude
1251 2680 1315 2712 est,
1333 2675 1425 2705 aliud
1437 2676 1588 2714 gravitas
1607 2674 1671 2704 lin-

933 2731 1020 2761 guae.
1082 2720 1136 2750 Sic
1165 2721 1317 2759 gravitas
1346 2718 1459 2749 vultus
1487 2719 1522 2749 in
1557 2718 1669 2755 laude,

930 2766 1083 2804 gravitas
1098 2765 1163 2795 oris
1180 2769 1230 2794 est
1249 2764 1367 2793 vitium
1391 2763 1525 2792 animae.
1548 2762 1568 2781 ²*
1580 2771 1670 2792 seve·

933 2809 1026 2840 ritas,
1052 2809 1086 2838 in
1105 2807 1217 2838 Caeeil.
1234 2810 1264 2838 3.
1287 2806 1669 2845 gravitasjudiciorum.

931 2852 951 2871 ⁴
964 2852 1230 2892 magnificentia,
1248 2851 1404 2890 dignitas.
1419 2850 1460 2880 ad
1477 2851 1553 2880 Div.
1568 2860 1599 2880 x.
1620 2851 1672 2880 153.

927 2897 1085 2936 gravitas
1098 2895 1347 2928 sententiarum
1366 2895 1426 2926 ἃς.
1463 2893 1482 2912 '⁶‘
1499 2893 1670 2934 magnitu-

983 2942 1044 2974 14
