1920 3196
225 96 311 136 410

270 194 462 232 Renzigare.
492 191 592 224 Tusc.
610 193 652 224 iv.
666 195 699 224 4.
730 198 846 225 utrum
863 195 967 225 mavis

224 239 339 270 statim
357 247 416 267 nos
431 237 504 267 vela
518 237 641 275 facere,
656 246 698 267 an
715 239 808 276 quasi
825 247 842 268 e
866 244 966 279 portu

226 281 435 321 egredientes
452 280 640 320 paullulum
664 283 830 321 remigare
846 282 862 312 ‚7
886 282 966 312 Sen-

225 335 281 356 sus
297 329 365 355 est:
390 329 507 354 utrum
524 325 620 354 malit
643 326 759 355 statim
783 326 914 365 copiose
930 329 965 356 et

224 370 292 400 late
313 368 489 408 disputari,
506 378 549 398 an
573 378 650 398 vero
674 375 752 398 ante
773 369 881 399 adhuc
905 369 963 399 ali-

225 412 387 453 quamdiu
418 412 588 442 subtiliter
618 421 688 441 rem
718 422 752 442 se
790 414 961 451 persequi:

226 456 509 496 quemadmodum
543 456 598 494 qui
627 460 762 496 portum
788 457 965 495 egrediun-

224 505 294 537 tur,
318 509 384 529 non
407 499 523 529 statim
547 499 620 529 vela
644 499 738 537 dant,
762 500 819 529 sed
842 499 966 530 lentius

224 544 498 585 progrediuntur.
546 542 584 572 Id
607 549 720 573 autem
746 544 784 573 fit
800 544 966 582 remigan-

226 589 275 618 do.
322 593 472 617 ceterum
504 587 622 626 probat
655 587 819 617 Buherius
850 587 966 617 lectio—

226 641 305 662 nem
329 630 423 660 Leid.
440 630 575 666 codicis,
599 631 716 660 statim
741 640 798 660 nos
822 630 895 660 vela
918 630 966 660 fa-

225 684 314 712 cere,
329 678 502 712 tamquam
520 674 728 712 egredientes
752 684 770 704 e
794 679 905 715 portu,
923 684 965 704 an

225 718 412 759 paullulum
430 719 603 757 remigare.
642 718 814 748 Subituros
831 722 965 757 portum

226 763 297 793 sine
324 762 405 791 velis
433 762 587 800 navigare
615 761 695 800 scio,
724 771 871 801 egressos
897 771 964 791 non

226 807 321 837 item.
345 805 420 835 add.
438 806 472 835 in
488 814 611 835 remus.

272 850 480 888 Remig-rare.
510 849 610 879 Tusc.
641 858 671 878 v.
696 850 748 879 21.
780 849 967 887 remigrare

226 893 461 933 adjustitiam.

271 938 424 968 Remisse.
457 937 521 966 Off.
540 936 586 966 iii.
603 937 654 970 99.
688 936 743 974 qui
768 935 833 965 ista
855 936 966 966 remis-

226 983 293 1012 sius
316 981 509 1021 disputant:
539 980 570 1010 h.
588 991 615 1009 e.
640 980 752 1010 miuus
776 988 897 1010 severe.
931 980 964 1009 in

228 1027 408 1066 Epicureos
424 1024 553 1054 dictum
573 1027 635 1061 cst,
652 1023 707 1062 qui
732 1032 799 1053 non
822 1023 892 1053 sola
907 1022 965 1053 bo-

228 1074 325 1100 nesta
341 1068 458 1098 dicunt
475 1078 544 1098 esse
563 1068 659 1097 bona.

271 1113 439 1150 Rema'ssz‘o,
455 1111 588 1142 lenitas.
619 1110 694 1141 Cat.
711 1111 752 1141 iv.
769 1111 800 1141 6.
824 1111 968 1141 remissio

227 1166 345 1198 poenae.

271 1200 448 1236 Remisszaes,
464 1199 592 1229 finitus.
617 1197 718 1228 Tusc.
736 1198 757 1227 i.
775 1199 828 1228 44.
855 1199 968 1227 romis-

225 1254 263 1275 σα
280 1245 347 1274 vita
361 1244 521 1273 humana.
552 1253 570 1272 e
588 1242 701 1272 Poeta.
732 1241 850 1271 *levis
875 1241 968 1271 Verr.

228 1289 275 1319 iii.
292 1290 343 1322 29.
374 1287 536 1317 remissior
557 1285 746 1316 aestimatio.
776 1285 904 1322 *lenia
921 1285 969 1315 fa-

228 1332 312 1362 cilis.
343 1331 413 1361 Att.
429 1331 495 1360 xvi.
515 1333 564 1360 15.
596 1335 713 1360 utrum
732 1330 897 1359 remissior
919 1339 969 1358 es—

227 1386 311 1413 sem,
325 1385 366 1406 an
384 1374 603 1412 summojure
620 1373 868 1403 contenderem.
887 1372 969 1401 ²¹¹⁵00-

227 1420 305 1457 mis,
321 1418 447 1448 hilaris.
476 1417 556 1448 Coel.
574 1418 605 1448 6.
630 1418 970 1447 remissus—severus

226 1464 313 1494 *On
332 1464 366 1493 ii.
379 1465 433 1494 23.
447 1462 612 1492 remissius
628 1461 757 1491 dicendi
775 1470 895 1500 genus,
910 1470 968 1500 op-

225 1508 365 1549 ponitur
385 1506 522 1543 forensi,
540 1505 763 1535 contentioso.
808 1504 969 1534 Versatur

226 1552 318 1582 enim
336 1551 372 1581 in
387 1560 426 1580 eo
441 1550 548 1580 oratio
564 1549 762 1589 plerumque
779 1549 814 1578 in
830 1557 969 1579 narran-

227 1596 269 1625 do
292 1598 352 1625 aut
375 1593 536 1631 docendo,
552 1592 740 1634 philosophi
765 1601 869 1630 more,
886 1601 967 1631 quo-

226 1649 303 1670 rum
323 1637 457 1668 mollior
478 1642 542 1675 est,
558 1637 630 1667 sine
653 1636 833 1677 asperitate
857 1640 892 1666 et
914 1645 969 1666 ve-

226 1682 412 1719 hementia,
427 1682 545 1712 oratio.

272 1726 464 1762 Remittere,
488 1724 667 1755 dimittere.
697 1722 831 1754 Cluent.
855 1724 886 1754 2.
918 1733 969 1754 re-

227 1772 358 1801 mittere
371 1769 575 1809 opinionem.
607 1767 830 1805 *concederffi
847 1767 969 1797 condo-

228 1824 319 1845 nare.
352 1813 393 1843 ad
409 1813 484 1844 Div.
501 1813 545 1843 xi.
561 1814 614 1844 20.
647 1811 687 1841 de
709 1812 859 1841 exercitu
884 1810 969 1841 Pan-

227 1868 272 1888 sae
302 1857 471 1897 legionem
502 1856 584 1886 mihi
620 1855 731 1885 Caesar
762 1864 830 1885 non
857 1856 970 1885 remit-

227 1904 280 1933 tie.

274 1946 439 1977 Remotus.
478 1943 550 1974 Fin.
576 1944 621 1973 iii.
651 1944 699 1974 16.
728 1946 865 1981 remota,
891 1945 971 1973 sunt

200 2019 203 2022 1
226 1987 460 2032 ἂπαπξονιγμίνιι
475 1987 675 2018 Stoicorum.

271 2034 448 2064 Remooere
462 2032 534 2061 sine
551 2031 602 2062 ab.
631 2031 688 2061 Or.
705 2032 736 2061 ²2.

225 2077 287 2108 bus
303 2077 371 2107 suis
385 2079 600 2106 removerunt.

269 2121 507 2152 Remunerare.
532 2120 609 2149 Sen.
627 2129 658 2159 p.
675 2119 714 2149 R.
735 2119 785 2148 12.

271 2165 403 2196 Remus.
435 2164 536 2193 Tusc.
567 2164 609 2193 iv.
641 2165 670 2193 5.
705 2161 968 2192 Dialecticorum

227 2212 327 2240 remis
341 2208 526 2238 orationem
548 2206 743 2247 propellere,
760 2209 810 2235 est
833 2206 969 2236 initium

227 2253 336 2283 facere
353 2263 373 2283 a
387 2250 503 2282 subtili
521 2254 556 2281 et
578 2249 765 2281 Dialectica
779 2248 971 2290 disputandi

228 2297 370 2328 ratione.
393 2305 423 2325 v.
440 2295 615 2333 remigare.

763 2039 824 2060 nec
840 2039 874 2060 se
890 2029 970 2060 arti-

273 2341 454 2377 Renovare,
469 2339 619 2376 reficere,
632 2346 790 2368 recreare.
815 2337 904 2366 Sext.
917 2336 969 2370 69.

227 2394 383 2415 renovare
405 2381 569 2423 rempubl.
608 2382 802 2422 *repetere
835 2380 911 2411 Div.
936 2380 969 2410 ii.

228 2431 260 2460 2.
285 2428 397 2458 studia
412 2427 483 2457 haec
499 2436 655 2456 renovare
670 2424 842 2464 coepimus.

273 2472 459 2503 Renovatio.
489 2469 562 2500 Att.
580 2471 628 2501 ,vi.
656 2473 683 2499 l.
718 2467 881 2498 renovatio
903 2467 972 2497 sin-

229 2516 385 2556 gulorum
411 2524 594 2544 annorum:
620 2517 672 2543 est
694 2521 799 2552 genus
823 2511 972 2541 anatoci-

229 2561 306 2597 smi,
332 2559 371 2589 de
396 2568 461 2597 quo
484 2567 585 2598 supra
610 2557 645 2587 in
673 2555 898 2586 anatocismus
922 2554 972 2584 di-

228 2610 336 2635 ctum.
368 2602 563 2642 *repentia
590 2601 685 2630 Brut.
704 2603 757 2634 71.
784 2597 970 2628 laudandus

229 2648 375 2679 maxime
400 2651 463 2683 est,
481 2646 537 2685 qui
561 2645 624 2675 hoc
647 2650 799 2683 tempore
823 2642 972 2672 console-

227 2698 286 2724 tur
301 2701 349 2729 se,
363 2700 442 2720 cum
458 2688 663 2719 conscientia
677 2687 814 2727 optimae
832 2686 970 2723 mentis,

227 2741 304 2767 tum
330 2734 433 2764 etiam
459 2733 676 2774 usurpatione
707 2735 743 2762 et
767 2731 971 2761 renovatione

228 2779 403 2810 doctrinae.

273 2823 425 2854 Renuere
439 2830 516 2851 cum
532 2819 601 2850 dat.
630 2818 714 2850 Rab.
730 2817 820 2849 Post.
838 2819 889 2849 13.
919 2827 971 2849 re-

227 2871 363 2899 nuentes
377 2865 457 2896 huic
472 2863 618 2895 crimini.

272 2910 490 2943 Renunciare.
519 2908 614 2940 Verr.
627 2907 650 2938 i.
667 2909 719 2938 54.
742 2906 916 2937 renunciat
931 2904 969 2946 11-ῥ

768 106 915 136 INDEX
945 105 1245 136 LATINITATls.

1009 196 1076 226 lam
1093 194 1313 226 decisionem:
1337 193 1371 223 11.
1383 203 1412 223 e.
1427 193 1566 223 nunciat
1581 191 1672 224 illam
1689 202 1749 233 pa-

1010 240 1169 276 ctionem,
1180 247 1281 276 quam
1290 236 1460 274 fecissent,
1469 241 1576 267 ratam
1589 246 1655 267 non
1663 245 1748 274 esse,

1011 282 1190 322 improbari
1206 282 1247 311 ab
1263 290 1315 318 eo,
1329 281 1422 320 cujus
1439 282 1473 310 in
1488 290 1528 310 ea
1543 290 1577 310 re
1593 280 1748 310 voluntas

1012 327 1156 356 maxime
1180 324 1364 365 spectanda
1386 324 1440 354 sit.
1471 325 1594 354 nostri:
1627 323 1750 354 wieder

1012 369 1182 408 aufsagen.
1228 367 1396 408 *prodere
1425 367 1577 398 dicendo.
1622 367 1698 397 Act.
1725 367 1748 396 i.

1010 413 1104 443 Verr.
1124 414 1154 442 6.
1186 413 1379 442 renunciata
1402 417 1454 441 est
1475 415 1548 442 tota
1571 411 1748 441 conductio

1005 456 1137 496 judieii.

1048 499 1274 536 Renunciatio,
1284 502 1431 538 rapport,
1439 498 1747 537 registi-atunverr.

1012 543 1032 574 i.
1054 545 1107 574 34.
1125 553 1195 572 rem
1212 549 1340 582 gestam
1357 543 1749 579 renunciarat‚--renun-

1012 587 1243 625 nationemque
1262 587 1345 625 ejus,
1363 596 1436 625 quae
1459 590 1532 616 erat
1548 586 1582 615 in
1599 585 1749 626 publicas

1011 630 1123 661 literas
1141 630 1258 666 relata,
1272 629 1345 659 tolli
1355 630 1512 668 jusserat.

1054 673 1241 714 Repandus,
1253 674 1421 710 incurvus,
1439 674 1589 703 inflexus.
1612 673 1693 703 Nat.
1705 666 1748 703 D.

1010 718 1030 747 i.
1048 719 1100 751 29.
1134 717 1234 747 calcei
1258 717 1394 756 repandi
1416 716 1576 746 annonis:
1607 726 1749 755 quorum

1010 772 1055 790 se.
1079 761 1223 800 speciem
1248 761 1439 799 conspicere
1463 759 1542 789 lieet
1565 761 1599 790 111
1623 760 1749 797 mimis,

1010 805 1067 843 qui
1093 805 1263 834 Junoiiem
1288 803 1450 839 referunt,
1473 806 1508 832 et
1538 803 1574 832 in
1598 803 1750 834 Gorianiz

1013 848 1240 878 monumentis
1257 847 1290 877 in
1308 847 1426 878 Museo
1442 846 1596 877 Etrusco.

1054 892 1289 931 Repastinatio.
1326 890 1412 921 Cato
1433 893 1481 921 15.
1513 899 1617 929 genus
1641 891 1749 930 operis

1012 936 1139 973 rustici,
1157 945 1234 964 cum
1252 935 1355 964 vineae
1372 938 1498 964 veteres
1513 933 1736 964 refodiuntur.

1057 979 1233 1018 Repellere.
1251 978 1373 1008 flacc.
1390 979 1422 1008 2.
1452 987 1492 1007 ex
1507 977 1588 1007 urbe
1611 979 1750 1019 repulit.-

1013 1023 1075 1052 111ςί
1093 1022 1271 1062 legendum
1288 1021 1428 1061 depulit.

1057 1066 1271 1106 Repentinus,
1284 1065 1394 1095 subito
1406 1068 1512 1101 ortus,
1528 1073 1640 1094 novus.
1657 1064 1752 1094 Verr.

1014 1111 1124 1144 iii.75.
1149 1111 1323 1150 repentina
1339 1109 1496 1139 rationes,
1519 1108 1612 1138 Brut.
1625 1108 1677 1143 69.
1700 1118 1752 1138 re-

1009 1155 1137 1195 pentini
1154 1153 1304 1183 homines
1322 1157 1357 1182 et
1376 1152 1492 1191 ignoti.

1056 1197 1222 1237 Repetere,
1240 1196 1407 1226 vindicare
1427 1195 1488 1225 sibi
1511 1199 1667 1235 ereptum
1690 1194 1750 1224 ali-

1014 1242 1094 1280 quid
1114 1246 1149 1271 et
1172 1241 1328 1279 injuriam
1352 1239 1474 1270 factam
1492 1238 1621 1277 judicio
1643 1248 1752 1278 perse-

1015 1286 1083 1324 qui.
1118 1285 1153 1314 111
1182 1283 1295 1315 Caecil.
1319 1286 1349 1314 5.
1387 1287 1529 1322 repetere
1552 1283 1609 1322 jus
1639 1292 1751 1312 suum.

1014 1324 1093 1360 ibid.
1118 1329 1296 1368 pecuniam
1319 1337 1360 1357 ex
1383 1327 1457 1366 lege
1479 1331 1631 1366 repetere.
1662 1326 1753 1356 Mur.

1014 1374 1045 1403 2.
1077 1382 1129 1402 res
1145 1377 1296 1412 repetere.
1327 1371 1418 1401 Sext.
1433 1371 1487 1401 26,
1518 1369 1618 1400 11111115
1636 1371 1755 1410 repeti-

1014 1417 1055 1446 tis
1072 1416 1168 1446 rebus
1182 1428 1188 1446 :
1213 1416 1274 1446 int.
1289 1425 1349 1455 per
1363 1414 1508 1444 feciales.
1525 1413 1565 1443 de
1581 1423 1647 1452 qua
1662 1424 1755 1454 repe-

1011 1461 1133 1490 titione
1156 1459 1222 1490 vid.
1239 1459 1309 1489 Liv.
1324 1459 1347 1488 i.
1363 1461 1415 1489 3⁴2.
1444 1457 1608 1487 *initium
1632 1457 1754 1488 facere.

1012 1503 1114 1534 Tuse.
1131 1504 1152 1534 i.
1169 1505 1222 1534 48.
1253 1507 1403 1543 repetunt
1418 1502 1458 1532 ab
1478 1500 1678 1532 Erechtheo.
1709 1500 1755 1532 ef.

1009 1549 1067 1579 Or.
1083 1548 1103 1577 i.
1121 1549 1173 1578 20.

1058 1591 1265 1632 Repetundoe.
1296 1590 1332 1620 in
1355 1588 1467 1619 Caecil.
1482 1591 1514 1619 4.
1546 1587 1587 1618 de
1603 1589 1755 1628 pecuniis

1012 1635 1198 1676 repetundis
1216 1643 1337 1664 nomen
1355 1633 1495 1671 alicujus
1511 1632 1650 1663 deferre.
1672 1643 1703 1664 v.
1718 1633 1754 1664 in

1015 1679 1088 1710 Ind.
1104 1678 1209 1718 Legg.
1226 1678 1266 1708 de
1283 1676 1490 1717 Repetundis.

1060 1723 1244 1763 Replicare,
1267 1721 1447 1752 evolvendo
1471 1725 1684 1759 cognoscere,
1703 1730 1756 1750 re-

1013 1772 1139 1807 petere.
1162 1765 1244 1796 Sull.
1257 1770 1289 1800 9.
1309 1767 1468 1805 replicare
1482 1765 1680 1794 memoriam
1697 1774 1756 1794 an-

1016 1810 1156 1841 nalium.
1190 1809 1272 1849 Leg.
1295 1809 1342 1839 iii.
1368 1811 1419 1840 14.
1448 1809 1606 1848 replicare
1629 1818 1756 1838 memo-

1016 1855 1101 1885 riam
1118 1858 1323 1894 temporum.

1061 1898 1253 1937 Replicatio,
1278 1896 1459 1927 conversio.
1487 1895 1569 1926 Nat.
1591 1896 1634 1926 D.
1658 1896 1680 1926 i.
1706 1898 1758 1927 13.

1015 1942 1183 1983 replicatio
1196 1941 1325 1971 mundi.

1061 1986 1237 2025 Reponere,
1267 1984 1457 2015 restituere.
1501 1983 1570 2013 Att.
1602 1982 1671 2012 xiii.
1707 1984 1756 2013 12.

1018 2029 1138 2060 Catulo
1155 2032 1190 2058 et
1205 2028 1347 2059 Lucullo
1363 2027 1442 2057 alibi
1464 2029 1670 2068 reponemus:
1693 2027 1756 2058 int.

1017 2073 1106 2113 quod
1122 2073 1175 2103 hic
1193 2072 1342 2102 ablatum
1359 2076 1421 2101 est.

1061 2118 1246 2157 Reposcere,
1270 2125 1417 2156 poscere.
1447 2113 1541 2144 Verr.
1565 2115 1611 2145 iii.
1638 2117 1665 2144 l.
1701 2114 1758 2154 qui

1017 2161 1057 2192 ab
1073 2161 1179 2191 altero
1195 2162 1273 2190 vitae
1290 2160 1454 2190 rationem
1471 2162 1648 2199 reposcunt.

1061 2204 1318 2245 Repreliendere,
1335 2212 1500 2232 revocare.
1530 2201 1623 2232 Verr.
1640 2202 1686 2232 iii.
1703 2203 1757 2233 20.

1017 2249 1105 2288 quod
1129 2252 1201 2279 erat
1224 2247 1405 2288 prudentia
1419 2246 1694 2286 praetermissum,
1710 2245 1758 2283 id,

1017 2296 1147 2332 quaestu
1175 2302 1214 2322 ac
1242 2296 1393 2331 tempore
1423 2289 1627 2327 admonitus,
1650 2299 1760 2329 repre-

1018 2337 1165 2366 hendisti.
1189 2334 1380 2365 *refellere
1400 2333 1542 2367 Coe1.⁶27.
1565 2343 1663 2372 quem
1677 2343 1760 2372 quo-

1016 2379 1115 2410 modo
1131 2378 1415 2419 reprehenderent.
1432 2377 1634 2416 *cori-igere,
1645 2386 1760 2414 enien-

1017 2424 1107 2454 dare.
1138 2424 1238 2454 Dom.
1256 2426 1310 2453 33.
1338 2423 1365 2452 si
1382 2431 1416 2451 se
1435 2421 1634 2460 collegisset,
1650 2425 1759 2450 teme-

1017 2468 1152 2498 ritatem
1180 2472 1281 2506 atque
1311 2466 1469 2506 injuriam
1497 2475 1593 2494 suam
1623 2465 1760 2494 restitu-

1016 2511 1108 2542 tione
1125 2521 1200 2542 mea
1214 2510 1478 2550 reprehendisset.
1508 2507 1630 2539 *Vera
1645 2508 1691 2538 iii.
1704 2508 1758 2542 96.

1017 2555 1044 2585 si
1060 2558 1228 2585 senatores
1238 2553 1445 2594 judicarent,
1459 2552 1521 2582 hoc
1538 2561 1643 2592 genus
1657 2561 1758 2592 pecu-

1016 2599 1082 2628 niae
1098 2608 1157 2638 per
1173 2598 1331 2638 injuriam
1349 2596 1587 2636 cogendae‘non
1599 2605 1693 2636 posse
1705 2605 1757 2626 re-

1011 2642 1193 2683 prehendi:
1223 2641 1257 2672 h.
1281 2651 1310 2673 e.
1340 2641 1389 2672 ita
1419 2640 1582 2678 accusari,
1614 2645 1653 2670 ut
1683 2648 1759 2670 reus

1017 2687 1248 2717 damnaretur.

1061 2729 1284 2770 Reprehensio.
1314 2729 1372 2760 Or.
1398 2727 1445 2758 iii.
1473 2729 1526 2758 25.
1555 2726 1627 2757 sine
1649 2735 1759 2767 repre-

1017 2773 1174 2805 hensione.
1200 2774 1222 2804 i.
1239 2783 1269 2803 e.
1293 2778 1333 2803 ut
1355 2782 1390 2802 se
1415 2780 1587 2809 nunquam
1613 2774 1759 2808 revocet,

1018 2820 1170 2848 coerceat
1186 2817 1277 2847 intra
1292 2817 1389 2854 fines,
1406 2815 1552 2854 corrigat
1568 2814 1627 2844 &c.

1061 2861 1319 2902 Reproesentare,
1344 2863 1395 2890 est
1417 2859 1564 2900 proprie,
1582 2858 1617 2888 in
1641 2866 1676 2888 re
1701 2866 1760 2897 pe·

1016 2905 1180 2945 cuniaria,
1203 2904 1383 2947 pecuniam
1407 2902 1525 2934 statim
1552 2900 1692 2941 solvere,
1708 2902 1760 2932 at·
