1920 3196
286 123 370 160 422

289 220 354 249 tari
370 221 505 256 sectam,
519 218 617 249 docet
632 219 849 250 Casaubonus
866 220 907 250 ad
921 220 1024 252 Athe-

296 272 409 293 na’um
426 273 455 292 v.
476 266 526 293 11.

341 305 483 343 Sectari,
510 311 561 336 cst
590 316 773 344 servorum,
801 310 966 346 quatenus
992 309 1027 337 in

297 350 439 389 alicujus
472 350 620 380 dominio
648 355 738 380 sunt.
778 350 876 381 Rosc.
907 351 946 382 A.
975 353 1027 382 28.

297 398 466 424 sectantur
496 394 580 424 servi
623 393 894 434 Chrysogonum:
936 394 967 424 11.
999 405 1028 424 e.

299 442 380 468 sunt
393 438 481 478 apud
493 447 585 473 eum,
599 447 665 467 nou
682 437 824 477 amplius
841 437 930 478 apud
947 438 1028 469 Ros-

301 481 402 512 cium.
429 481 626 518 *chemmin
650 487 687 511 ut
703 482 870 511 assectari.
897 481 1028 511 Mureu.

303 528 356 555 33.
380 529 548 555 sectantur
579 535 655 554 eum
689 524 800 554 multi.
826 528 844 545 ⁴⁶
862 525 956 555 Verr.
987 526 1029 554 iv.

303 569 357 598 66.
380 572 549 598 sectantur
575 578 652 597 cum
685 569 801 608 pueri:
827 568 866 598 de
894 568 1029 599 homine

302 612 456 641 omnium
473 611 628 641 ludibrio.

348 655 508 692 Sacrator,
536 659 732 692 assectator,
765 655 804 684 de
832 652 900 694 quo*
920 665 1031 694 supra.

303 698 394 729 Mur.
423 702 475 730 34.
500 698 579 738 quid
606 709 688 738 opus
717 703 767 728 est
795 700 1001 728 sectatoribus
1015 699 1030 727 f

301 742 380 772 ibid.
398 742 449 772 lex
475 742 574 772 Fabia
596 743 635 772 de
663 752 803 772 numero
824 747 1030 772 sectatorum.

300 785 419 815 v.1nd.
447 786 551 825 Legg.
575 785 593 803 *⁶
609 796 731 816 comes.
756 786 867 816 Rabir.
893 786 981 816 Post.
1001 790 1032 816 3.

303 839 385 860 num
411 829 543 860 Gabinii
568 839 678 859 comes
710 830 762 860 vel
785 830 951 860 sectator?
976 840 1032 859 ne-

303 877 370 913 gat.
388 873 646 913 intelligendum
661 877 772 904 autem
798 873 837 903 de
855 873 1031 903 comitibus

302 918 562 956 magistratuum
587 918 620 947 in
646 917 865 957 provinciam,
888 927 1030 955 quorum

302 970 390 1000 saepc
406 966 457 991 est
469 963 557 1001 apud
574 966 700 991 veteres
721 962 862 998 mentio,
879 961 1031 1000 inprimis

303 1004 392 1044 apud
419 1006 630 1035 Suetonium.
666 1005 730 1034 vid.
758 1005 944 1034 Excursum
972 1014 1031 1034 no-

305 1053 412 1078 strum
431 1059 482 1078 xV.
495 1049 536 1078 ad
553 1049 690 1079 Sueton.
706 1047 781 1079 Tib.
797 1049 850 1078 46.

351 1092 474 1129 sector,
510 1093 678 1122 redemtor
719 1092 895 1122 bonorum.
933 1091 1031 1122 Rosc.

304 1134 416 1166 Amer.
444 1139 496 1171 ⁶29.
521 1137 561 1166 ad
580 1136 655 1166 Div.
673 1146 724 1166 xv,
745 1139 793 1169 19.
818 1136 912 1166 Verr.
929 1135 950 1164 i.
978 1137 1030 1165 93.

305 1178 346 1208 ad
370 1190 471 1218 quem
489 1179 601 1210 locum
630 1180 791 1210 Asconius
819 1189 839 1209 a
863 1178 1032 1218 sequendo

302 1232 397 1262 spem
415 1224 549 1254 verbum
569 1223 630 1253 hoc
646 1223 752 1261 ducit,
768 1224 801 1253 in
818 1233 883 1262 qua
897 1228 1033 1252 senten-

301 1266 352 1295 tia
373 1273 425 1297 est
449 1268 550 1297 etiam
579 1267 727 1297 Nonius:
768 1277 894 1304 secare,
925 1267 1030 1306 sequi,

305 1310 394 1340 unde
407 1315 442 1340 et
457 1316 640 1341 sectatores
658 1311 822 1341 bonorum
839 1315 973 1341 sectores
985 1310 1032 1340 di-

302 1353 349 1383 cti
361 1359 453 1385 sunt.
500 1355 634 1385 Verrius
650 1361 762 1384 autem
777 1355 961 1384 sectionem
974 1354 1032 1384 bo-

301 1406 436 1437 norum,
469 1399 735 1439 persecutionem
775 1398 1031 1438 interpretatur,

301 1441 392 1472 unde
421 1445 456 1472 et
481 1447 616 1473 sectores
643 1442 749 1472 dictos
774 1443 832 1478 ait,
859 1442 916 1480 qui
940 1445 1032 1471 emta

300 1495 362 1515 sua
392 1492 660 1526 persequuntur:
701 1486 794 1524 cujus
825 1486 1030 1515 sententiam

300 1529 419 1569 probat
445 1530 583 1560 Salmas.
613 1529 702 1559 mod.
735 1529 835 1560 Usur.
860 1540 888 1559 c.
919 1532 967 1560 18.
999 1540 1030 1569 p.

301 1574 468 1614 831).ρυί
485 1573 674 1604 redemerat
691 1573 771 1604 secti
775 1583 889 1610 onem,
907 1573 1030 1612 inquit,

300 1617 352 1647 vel
369 1617 504 1657 praedae,
527 1617 578 1647 xel
601 1618 754 1647 omnium
776 1596 939 1647 bonor'um
956 1627 1031 1657 pio-

299 1662 416 1700 scripti
440 1662 646 1709 damnitive,
663 1671 741 1691 cum
774 1661 929 1691 uuiveisa
959 1660 1030 1710 ejus

301 1705 400 1743 bona,
419 1715 618 1744 quacunque
635 1706 669 1734 in
694 1715 727 1734 re
751 1709 810 1735 aut
819 1704 896 1742 iure
923 1705 1031 1734 consi-

298 1753 444 1786 sterent,
475 1750 669 1789 accepisset,
697 1749 888 1787 ubicunque
919 1753 1031 1778 essent

300 1792 509 1832 reperienda,
521 1802 561 1822 ea
577 1793 840 1832 persequebatur
857 1793 917 1822 ἃς.
944 1791 1029 1821 Mihi

301 1837 327 1865 si
355 1835 500 1872 luberet,
524 1840 677 1866 sectorem
705 1846 724 1865 a
743 1836 835 1875 sequi
865 1840 1029 1875 repetere,

301 1879 402 1909 aliam
448 1880 612 1910 rationem
658 1880 842 1910 redderem.
900 1879 1030 1919 Nempe

302 1923 383 1953 olim
401 1924 436 1953 in
453 1924 625 1963 republica
651 1923 766 1960 libera,
784 1934 861 1953 cum
880 1923 1029 1953 nondum

300 1968 496 2008 proscriptio
506 1972 594 1997 esset
605 1967 732 2004 audita,
749 1971 880 1997 sectores
895 1972 1029 1996 tantum

300 2016 397 2041 erant
421 2011 624 2041 redemtores
650 2011 781 2051 przedae.
829 2010 946 2049 Itaque
974 2011 1030 2049 qui

300 2054 363 2085 hoc
382 2064 503 2094 genere
520 2059 668 2093 quaestus
692 2054 913 2091 ducebantur,
929 2060 1030 2084 secto-

300 2099 423 2129 bantur
443 2099 609 2128 exercitus
625 2098 666 2128 ad
691 2108 807 2128 omnes
823 2098 933 2135 urbes,
949 2107 1030 2136 quas

301 2142 512 2179 obsidebant,
531 2148 569 2173 ut
586 2143 624 2172 iis
647 2143 849 2182 expugnatis
864 2143 1030 2172 sectiones

301 2185 491 2226 praedarum
524 2192 698 2215 emerent:
739 2185 778 2215 de
811 2195 875 2224 quo
909 2195 1029 2224 genere

301 2229 477 2260 hominum
500 2239 567 2259 non
583 2229 686 2259 semel
703 2235 755 2259 est
777 2229 867 2268 apud
884 2230 1030 2266 Livium,

301 2283 333 2303 v.
360 2283 389 2303 c.
416 2283 448 2304 x.
481 2276 528 2306 17.
553 2274 583 2303 6.
630 2273 762 2303 Similes
794 2274 832 2302 iis
864 2283 903 2302 ex
935 2279 1028 2313 parte

299 2322 393 2354 sunt,
410 2322 445 2346 et
462 2317 496 2347 in
520 2327 553 2346 re
582 2317 716 2366 minori,
739 2322 798 2346 aut
823 2317 856 2346 in
881 2317 1029 2356 partibus

300 2360 444 2397 faciunt,
462 2360 549 2399 quod
563 2360 636 2390 illi
629 2370 662 2390 111
678 2361 807 2398 maiori,
821 2364 881 2390 aut
896 2360 1029 2390 univer—

918 2404 963 2414 ....

299 2447 433 2487 publica
449 2450 483 2477 et
510 2449 605 2477 aerari
608 2458 626 2477 o
652 2447 837 2483 inferendo,
859 2447 947 2485 lixae,
971 2448 1027 2486 qui

298 2496 334 2521 et
350 2492 411 2531 ipsi
438 2493 603 2521 exercitus
622 2491 860 2530 sequebantur,
881 2496 918 2521 ut
946 2491 1027 2520 cibis

298 2534 493 2571 vendendis,
511 2540 545 2564 et
562 2534 673 2574 praeda
689 2545 708 2564 a
724 2534 886 2564 militibus
913 2535 1027 2573 singu-

297 2577 337 2608 lis
351 2579 494 2608 emenda
512 2578 643 2608 lucrum
659 2578 921 2615 facerent‚unde
938 2578 1027 2608 Livi—

296 2632 335 2652 us
367 2632 396 2651 v.
427 2626 458 2653 8.
486 2623 597 2652 minus
631 2621 779 2652 militum
808 2623 922 2662 periit,
949 2622 1029 2661 quia

297 2670 420 2706 praeter
437 2675 556 2705 aegros,
576 2665 718 2695 lixarum
736 2666 769 2695 in
788 2665 938 2702 modum,
956 2675 1027 2694 om-

296 2719 355 2739 nes
369 2719 427 2749 per
443 2719 538 2748 agros
556 2709 746 2747 vicinasque
763 2710 858 2739 urbes
877 2710 1027 2748 negotia-

296 2752 430 2783 bantur.
449 2754 560 2783 Ca’sar
579 2752 614 2782 B.
633 2752 672 2782 G.
689 2753 731 2782 vi.
749 2755 800 2783 38.
821 2753 923 2782 ctiam
941 2763 1027 2782 rner—

296 2803 426 2827 catores
437 2803 692 2832 commemorat,
706 2797 761 2834 qui
775 2797 958 2826 exercitum
976 2806 1026 2826 sc-

295 2840 498 2878 quebantur,
516 2844 549 2869 et
566 2840 626 2869 sub
643 2839 729 2868 vallo
741 2839 936 2870 tendebant.
961 2840 1026 2870 Sed

294 2883 379 2913 illud
403 2883 457 2914 hie
480 2882 684 2922 relinquitur
707 2883 812 2921 dubii,
838 2883 939 2922 quod,
963 2883 1025 2913 hac

291 2927 420 2958 ratione
438 2927 589 2968 probata,
603 2927 706 2957 etiam
725 2926 799 2957 lixae
813 2931 848 2957 et
859 2932 1027 2958 mercato·

810 132 956 160 INDEX
990 133 1286 162 LATINITATIS.

1070 231 1120 251 res
1140 221 1257 260 reliqui
1275 225 1408 252 sectores
1423 221 1488 251 dici
1501 226 1648 261 possent.
1678 221 1795 262 Itaque

1071 266 1246 295 rectiorem
1273 271 1356 304 puto
1381 264 1553 305 vulgarem
1580 266 1796 302 sententiam,

1071 318 1143 347 ques
1161 318 1180 336 a
1194 308 1329 338 secando
1344 308 1437 339 ducit
1453 308 1514 338 hoc
1531 309 1666 339 verbum
1694 313 1728 338 et
1751 319 1798 339 se·

1071 362 1170 382 casurus
1195 362 1214 380 a
1240 351 1391 382 secandis
1422 353 1515 382 bonis
1542 352 1646 382 dictos
1670 357 1797 389 censet,

1071 396 1161 434 quod
1175 400 1308 425 sector-rs
1323 397 1476 426 universa
1494 399 1591 432 bona,
1609 397 1797 425 universam

1073 438 1232 478 praedam,
1250 438 1336 469 hanc
1364 440 1405 469 ob
1423 449 1555 469 causam
1575 440 1797 476 redimebant,

1073 485 1111 512 ut
1128 483 1165 511 iis
1183 492 1241 521 per
1255 488 1366 522 partes
1390 483 1572 512 vendendis
1597 483 1728 512 lucrum
1752 482 1801 512 fa-

1073 530 1201 562 cerent,
1229 526 1511 564 quemadmodum
1542 528 1610 566 ipsc
1638 526 1799 556 Asconius

1073 569 1187 598 tradit.
1233 570 1396 600 Homines
1413 570 1494 600 adeo
1510 571 1614 600 secari
1641 570 1797 599 diceban-

1074 619 1143 650 tur,
1173 622 1313 651 quorum
1342 614 1429 643 bona
1452 614 1607 643 auctione
1635 613 1798 642 distrahe-

1075 655 1208 686 bantur.
1234 656 1273 688 Id
1287 666 1410 687 nomen
1424 656 1542 687 deinde
1558 658 1683 687 mansit
1695 657 1799 686 etiam

1074 709 1152 729 cum
1183 699 1302 738 aliquis
1331 706 1459 730 emeret
1490 701 1665 740 proscripti
1697 700 1796 736 bona,

1076 747 1112 772 ut
1128 744 1288 774 retineret
1305 744 1386 784 ipse.
1405 743 1508 783 quue
1525 744 1606 774 adeo
1621 744 1800 774 confirma-

1075 788 1100 816 ri
1118 792 1200 826 puto
1212 788 1313 817 etiam
1339 787 1411 816 loco
1438 788 1607 817 Ciceronis
1632 787 1729 817 Rosc.
1760 786 1799 816 A.

1075 832 1126 864 ⁶29.
1165 831 1265 860 iidem
1297 834 1393 860 erant
1422 835 1552 861 sectores
1578 831 1739 860 bonorum
1767 835 1802 859 et

1075 874 1248 904 collorum.

1119 918 1235 955 Sec-tio,
1268 917 1432 948 redemtio
1462 918 1582 958 praedae
1625 918 1802 953 universae,

1075 967 1134 991 aut
1149 962 1309 991 bonorum
1328 962 1504 1002 proscripti
1525 961 1714 991 damnative
1731 970 1802 989 om-

1075 1006 1181 1035 nium.
1206 1005 1291 1036 Phil.
1313 1005 1347 1036 ii.
1373 1006 1425 1037 96.
1459 1015 1557 1035 nemo
1579 1005 1657 1043 fuit,
1681 1004 1737 1043 qui
1759 1003 1800 1033 ad

1074 1047 1158 1078 illud
1180 1050 1325 1080 sectionis
1349 1049 1457 1079 scelus
1481 1049 1619 1078 auderet
1635 1048 1802 1078 accedere.

1075 1092 1116 1122 cf.
1133 1103 1161 1122 e.
1179 1095 1231 1128 ⁶29.
1255 1093 1273 1111 *
1285 1093 1373 1123 bona
1399 1094 1482 1133 ipsa,
1498 1102 1572 1132 quae
1596 1091 1800 1128 venduntur,

1075 1136 1301 1166 redimuntur.
1327 1136 1398 1166 Inv.
1428 1137 1448 1167 i.
1476 1138 1530 1166 45.
1554 1136 1649 1175 cujus
1679 1134 1800 1175 praedae

1075 1182 1167 1209 sertio
1198 1190 1265 1210 non
1298 1181 1450 1209 venierit.
1480 1189 1518 1209 ex
1550 1179 1666 1218 Agrar.
1700 1179 1721 1208 i.
1748 1188 1802 1218 ap.

1076 1223 1161 1253 Gell
1195 1224 1264 1254 xiii.
1291 1226 1343 1254 2⁷4.
1378 1223 1439 1253 hoc
1470 1222 1699 1262 fragmentum
1726 1227 1801 1251 est:

1076 1267 1455 1307 praedam,=nianubias,
1481 1268 1662 1304 sectionem,
1695 1268 1803 1296 castra

1075 1311 1217 1350 denique
1235 1312 1297 1341 Cn.
1314 1311 1476 1351 Pompeii,
1498 1310 1634 1340 sedente
1659 1310 1802 1350 impera-

1073 1358 1159 1392 tore,
1174 1355 1267 1384 Xviri
1294 1355 1451 1385 vendent.
1498 1355 1546 1384 Ex
1563 1364 1628 1393 quo
1652 1353 1724 1383 loeo
1750 1353 1801 1382 in-

1073 1398 1251 1438 telligitur,
1271 1408 1345 1428 eam
1362 1403 1496 1428 tantum
1520 1397 1639 1437 praedae
1665 1401 1797 1436 partem

1072 1443 1238 1473 sectionem
1254 1452 1323 1472 esse
1339 1441 1556 1482 appellatam,
1572 1451 1645 1480 quae
1663 1441 1702 1470 ad
1720 1440 1804 1480 pub-

1073 1486 1177 1516 licum
1190 1487 1388 1526 pertineret,
1401 1484 1683 1524 quemadmodum
1697 1485 1798 1514 etiam

1072 1530 1188 1560 Romae
1207 1531 1301 1560 sectio
1325 1534 1376 1559 est
1399 1534 1535 1559 tantum
1552 1538 1667 1558 eorum
1700 1528 1802 1558 bono-

1073 1584 1162 1610 rum,
1176 1584 1251 1612 quae
1266 1574 1381 1603 aerario
1399 1572 1573 1603 inferenda
1588 1575 1678 1602 sunt.
1710 1571 1800 1602 Nam

1072 1617 1185 1657 praeda
1200 1624 1250 1647 est
1276 1617 1438 1655 militum,
1460 1615 1627 1646 manubiae
1656 1616 1800 1655 impera-

1073 1662 1168 1698 toris,
1181 1662 1273 1691 sectio
1289 1671 1367 1699 ergo
1384 1660 1509 1701 populi.

1117 1705 1286 1743 Securum,
1304 1706 1364 1735 int.
1382 1710 1505 1745 partes.
1522 1703 1661 1733 verbum
1679 1711 1801 1740 scenae,

1074 1749 1106 1778 in
1117 1759 1182 1788 qua
1199 1749 1328 1788 primae,
1352 1748 1521 1785 secundae,
1538 1751 1573 1777 et
1598 1747 1706 1777 tertiae
1725 1756 1800 1786 par-

1072 1798 1123 1822 tes
1139 1798 1229 1823 sunt.
1247 1792 1334 1822 unde.
1351 1792 1392 1822 ad
1408 1791 1473 1821 alia
1489 1791 1688 1820 traducitur.
1704 1790 1801 1821 Brut.

1074 1837 1126 1870 69.
1150 1836 1216 1866 fuit
1234 1837 1350 1866 Crasso
1368 1836 1459 1874 quasi
1476 1834 1706 1865 secundarum.

1117 1878 1298 1909 Secundus.
1321 1879 1421 1910 Tusc.
1440 1879 1474 1908 ii.
1498 1881 1524 1908 l.
1548 1878 1682 1908 seeundo
1698 1887 1804 1918 popu-

1073 1923 1105 1954 lo
1123 1924 1155 1954 id
1184 1923 1287 1953 facit:
1312 1923 1346 1953 h.
1373 1933 1402 1953 e.
1422 1922 1582 1963 probante
1607 1928 1642 1951 et
1667 1921 1800 1951 favente

1075 1967 1209 2008 1111111110.

1118 2011 1322 2048 Soeundam,
1355 2020 1394 2039 ex
1425 2010 1620 2050 praescripto
1650 2007 1800 2038 alterius

1073 2054 1175 2085 Acad.
1199 2055 1219 2084 i.
1250 2058 1299 2085 10.
1322 2055 1500 2084 secundum
1522 2060 1691 2083 naturam.
1726 2051 1745 2070 '²‘
1761 2061 1801 2082 ex

1074 2098 1250 2128 commodo
1280 2098 1518 2136 sententiaque
1551 2096 1700 2126 alterius.
1723 2095 1796 2126 Att.

1073 2143 1114 2172 iv.
1139 2144 1170 2173 ΕΖ.
1200 2141 1272 2171 loco
1294 2143 1500 2171 sententiam
1527 2144 1676 2179 rogatus,
1693 2138 1805 2170 multa

1072 2187 1249 2215 secundum
1267 2194 1401 2216 causam
1430 2190 1577 2214 nostram
1607 2182 1803 2224 disputavit.

1075 2229 1171 2260 Unde
1189 2233 1222 2259 et
1236 2229 1356 2268 injure
1369 2228 1544 2259 secundum
1563 2227 1708 2266 aliquem
1722 2226 1804 2256 dici-

1072 2277 1129 2303 tur
1141 2273 1288 2309 decerni,
1303 2282 1380 2302 cum
1399 2282 1532 2302 causam
1551 2271 1693 2301 obtinet.
1705 2270 1801 2300 verr.

1073 2317 1096 2346 i.
1112 2320 1164 2347 44.
1190 2317 1395 2347 *secundum
1415 2316 1635 2355 mancipium,
1663 2323 1803 2353 quomo·

1073 2361 1114 2390 do
1130 2359 1331 2400 capiendum
1347 2360 1403 2397 sit,
1421 2364 1535 2389 utrum
1554 2363 1688 2399 praeter,
1704 2367 1746 2387 an
1762 2367 1801 2387 ex

1072 2404 1144 2443 lege
1164 2404 1336 2444 mancipii,
1353 2403 1553 2443 disputatur.
1580 2401 1644 2432 vid.
1662 2400 1803 2431 satisda-

1072 2449 1132 2477 tio.
1158 2448 1177 2465 ³*
1195 2457 1308 2487 prope,
1329 2447 1439 2485 juxta.
1473 2447 1578 2476 Attic.
1604 2445 1672 2475 viii.
1703 2446 1751 2475 12.
1775 2444 1802 2474 si

1072 2492 1183 2521 Caesar
1193 2492 1369 2522 sec-undum
1387 2500 1477 2520 mare
1494 2491 1535 2520 ad
1552 2499 1606 2519 me
1621 2489 1668 2519 ire
1685 2488 1803 2529 coepis-

1070 2540 1130 2565 set.
1147 2535 1188 2565 cf.
1205 2535 1270 2565 xvi.
1285 2538 1316 2565 8.

1115 2579 1256 2615 Securis,
1269 2578 1378 2618 plaga.
1396 2577 1508 2607 Plane.
1526 2578 1578 2611 29.
1595 2585 1730 2615 gravem
1747 2575 1799 2605 in-

1071 2622 1183 2662 fligere
1197 2623 1337 2652 securim
1353 2620 1494 2661 reipubl.
1514 2621 1602 2650 Mur.
1620 2621 1673 2650 ⁶24.
1698 2628 1799 2658 quam

1068 2671 1102 2696 te
1116 2668 1256 2697 securim
1275 2671 1373 2706 putas
1388 2665 1539 2703 injecisse
1548 2663 1704 2703 petitioni
1717 2669 1800 2692 tuae.

1068 2720 1128 2749 pro
1145 2720 1210 2749 quo
1228 2714 1278 2739 est
1299 2720 1326 2739 c.
1344 2712 1395 2740 0253.
1421 2708 1519 2748 plaga
1536 2708 1660 2746 injecta
1675 2711 1727 2736 est
1742 2715 1802 2744 pe-

1068 2754 1182 2783 titioni
1197 2758 1277 2783 tuae.
1301 2753 1319 2770 ²*
1332 2754 1372 2792 Q.
1392 2752 1442 2782 Fr.
1468 2752 1502 2781 ii.
1524 2754 1573 2781 11.
1596 2751 1718 2781 securis
1734 2749 1800 2779 Te-

1069 2797 1196 2827 nedica.
1214 2807 1243 2827 V.
1261 2796 1466 2834 1nd.Ge0gr.
1493 2795 1623 2825 Securis
1637 2793 1803 2832 conspici·

1068 2845 1125 2870 tur
1139 2842 1174 2870 in
1190 2840 1302 2870 numis
1324 2839 1563 2874 Tenediorum,
1584 2846 1727 2877 quorum
1744 2845 1801 2865 ex-

1068 2884 1181 2924 empla
1197 2888 1231 2914 et
1248 2893 1338 2914 nunc
1351 2883 1566 2922 reperiuntur
1577 2882 1611 2911 in
1625 2880 1803 2910 Cimeliar-

1068 2928 1162 2958 chiis.
1181 2938 1212 2958 v.
1225 2927 1388 2967 Stephani
1404 2926 1518 2957 Lexic
1534 2925 1591 2956 Gi.
1608 2922 1800 2958 inv-sunus
