1920 3196
237 91 325 137 '354
763 109 909 138 mum(
940 110 1236 140 LAriNrrAris.

250 196 356 237 Epist.
376 194 416 226 ad
434 194 512 226 Ant.
534 193 762 227 Clementium
775 197 915 236 subject.
933 197 971 228 li-

246 240 312 271 bris
329 238 369 271 de
386 240 525 270 Sestert.
543 249 575 279 p.
592 240 666 274 698.
684 249 732 279 sq.

286 283 438 320 ΑΗΒ-σενι»,
458 282 566 312 moliri
583 292 633 313 res
648 282 872 313 turbulentas.
896 284 970 314 Mil.

240 332 271 363 9.
297 332 423 367 quanto
446 326 500 356 ille
529 326 626 366 plura
648 328 806 357 miscebat.
831 327 912 358 Har.
930 328 970 358 R.

244 373 297 403 22.
321 373 430 400 miscet
446 381 483 399 ac
504 371 629 400 turbat.
653 370 753 400 Catil.
774 371 815 400 iv.
831 373 861 401 3.
886 380 972 401 nova

243 414 397 453 quaedam
410 415 534 444 misceri
551 419 585 443 et
600 414 771 444 concitari.
795 414 836 443 ad
853 414 927 444 Div.
940 425 970 446 ν.

248 458 298 489 16.
323 468 363 487 ea
378 458 515 494 misceri,
539 457 662 497 parari,
680 457 871 497 impendere
889 459 970 498 reip.

245 502 264 520 ¹⁵
281 501 321 531 de
348 506 492 537 oratore,
519 509 570 531 est
594 511 799 531 commovere
829 502 968 531 animos.

243 545 300 576 Or.
330 545 351 575 i.
384 547 435 576 51.
468 545 599 574 miscere
627 545 815 574 animorum
848 550 970 575 motus.

243 590 296 618 Sic
318 589 375 618 Or.
393 593 425 622 9.
452 587 593 618 Pericles
617 587 970 629 dicitur,permiscuis-

242 643 274 663 se
290 632 465 662 Graeciam.

285 675 529 707 Miserabiliter.
563 673 632 705 Att.
662 675 726 704 xiv.
762 678 810 705 10.
842 674 970 705 laudari

243 720 489 750 miserabiliter.-
536 717 568 747 h.
606 729 635 748 e.
673 723 712 748 ut
751 719 971 749 misericm‘dia

242 768 493 794 commoveatur
508 762 541 791 in
559 772 649 798 eum,
667 763 722 801 qui
735 761 902 792 laudatur.

284 806 414 843 Misere,
439 805 667 843 vehementer,
695 805 804 835 nimis.
830 805 871 836 ad
889 806 966 836 Div.

245 851 300 881 xii.
321 853 368 881 12.
393 851 509 880 misere
525 848 642 879 noluit.

287 894 452 930 asts-erm,
478 893 613 932 passive.
644 891 715 922 InV.
732 892 753 922 i.
777 894 806 922 3.
838 896 877 922 ut
900 903 970 922 ma-

234 939 364 979 joribus
388 941 468 967 natu
496 941 703 976 assurgatur,
721 943 758 966 ut
779 936 970 976 supplicum

244 984 448 1012 misereatur.
474 980 526 1010 Sic
551 984 585 1010 et
611 980 716 1020 accipi
744 983 853 1020 potest
876 980 970 1010 Verr.

246 1026 267 1056 i.
285 1029 337 1056 30.
354 1035 384 1054 v.
402 1029 470 1054 not.

284 1069 433 1105 Illiseria,
450 1066 636 1108 periculum
650 1076 793 1097 reorum.
816 1068 922 1098 Flacc.
942 1070 970 1098 1.

244 1114 455 1144 miseriarum
472 1111 676 1151 deprecator.
715 1111 733 1128 *
749 1111 841 1142 labor
855 1111 971 1142 taedio-

240 1166 295 1187 sus
312 1161 346 1186 et
363 1155 532 1185 molestus.
548 1155 643 1185 Rosc.
658 1154 695 1184 C.
711 1157 721 1183 l
735 1157 760 1184 l.
784 1166 861 1185 cum
878 1165 968 1186 sum-

240 1210 296 1230 ma
323 1200 450 1230 miseria
473 1199 614 1228 erudire.
648 1198 667 1216 ἦ
683 1198 759 1228 Div.
790 1199 823 1229 ii.
849 1202 902 1230 41.
928 1209 968 1228 ne

244 1244 359 1273 onmia
373 1242 603 1282 superstitiosa
630 1243 759 1272 miseria
774 1243 948 1273 crederent
961 1255 967 1271 :

247 1286 280 1317 h.
297 1297 326 1317 e.
343 1287 447 1317 nimia
460 1286 708 1326 superstitione.

284 1330 405 1368 stlissio,
423 1331 509 1360 finis.
526 1329 567 1359 ad
584 1329 660 1359 Div.
677 1340 706 1358 v.
728 1331 775 1359 12.
795 1340 871 1360 cum
887 1340 970 1370 prae-

241 1384 340 1405 eones
358 1379 436 1404 ante
462 1374 639 1404 missionem
663 1372 819 1403 ludorum
847 1384 970 1404 corona

240 1418 420 1448 donentur.

280 1461 424 1492 Mieella.
456 1460 567 1491 Rabir.
595 1460 684 1490 Post.
710 1463 759 1491 10.
788 1465 839 1490 est
868 1461 970 1492 mitra

241 1515 352 1545 parva,
368 1506 435 1535 sive
459 1504 588 1534 corollae
604 1514 621 1533 e
638 1509 728 1534 veste
741 1505 846 1534 serica
862 1505 968 1535 diver-

238 1549 380 1588 sicolori,
419 1549 602 1587 unguentis
650 1548 804 1585 madidae,
845 1554 884 1578 ut
927 1559 965 1579 ex

238 1588 404 1623 Plinjxxi.
421 1596 452 1623 3.
476 1592 684 1622 demonstrat
696 1591 833 1622 Salmas.
851 1592 892 1622 ad
908 1594 967 1622 So·

238 1635 296 1666 lin.
314 1646 344 1676 p.
363 1639 437 1670 392.

278 1679 482 1720 fllitfficatus.
507 1679 582 1709 Div.
595 1679 628 1708 ii.
642 1679 694 1709 526.
719 1678 907 1718 mz‘tficatus
919 1680 964 1709 ci-

235 1723 310 1761 bus,
328 1728 379 1754 est
395 1730 574 1753 conc-octus
588 1729 620 1752 et
633 1723 668 1752 in
684 1733 801 1762 corpus
813 1723 963 1753 diffusus.

235 1767 302 1804 Sic,
320 1768 477 1806 mitigare
494 1767 605 1797 cibum
629 1766 708 1796 Nat.
724 1765 766 1797 D.
780 1767 813 1796 ii.
827 1768 879 1797 60.
904 1777 962 1807 pro

233 1821 387 1850 coquere.

273 1853 447 1894 filit-igare,
465 1853 639 1883 consolari.
657 1852 699 1882 ad
714 1854 790 1884 Div.
804 1855 844 1884 vi.
855 1857 886 1884 4.
902 1864 956 1884 me

233 1908 301 1928 non
316 1901 449 1928 tantum
463 1898 580 1934 literae,
593 1902 758 1936 quantum
769 1897 959 1937 longinqui-

229 1946 282 1972 tas
296 1943 456 1982 temporis
472 1941 646 1980 mitigat-it.

271 1985 389 2017 Macra.
420 1986 565 2025 Harusp.
595 1984 635 2014 R.
664 1986 716 2015 21.
742 1989 794 2014 est
838 1984 954 2021 fascia,

226 2039 293 2069 qua
319 2034 421 2070 caput
447 2029 634 2059 redimitur.
661 2028 719 2058 sed
742 2028 888 2058 barbaris
918 2029 957 2058 il-

226 2072 290 2103 lius
308 2083 387 2104 usus
405 2072 625 2112 frequentior,
643 2082 743 2110 quam
764 2072 902 2109 Graecis,
919 2076 959 2102 ut

232 2127 250 2146 e
264 2116 403 2156 Virgilio
420 2120 565 2153 constat,
582 2116 647 2145 vid.
659 2125 689 2145 v.
705 2126 732 2146 c.
747 2115 824 2145 AEn.
838 2126 865 2145 v.
882 2118 958 2146 215.

229 2160 271 2190 cf.
297 2160 404 2190 Graev.
434 2161 525 2190 Lect.
545 2158 681 2189 Hesiod.
699 2169 727 2189 c.
747 2161 801 2190 25.
825 2159 960 2189 etinter

229 2203 361 2234 Graecos
376 2204 612 2241 Romanosque
623 2202 770 2240 seminis,
785 2212 850 2232 non
869 2203 957 2233 viris.

228 2247 294 2277 vid.
311 2248 449 2278 Salmas.
464 2247 506 2277 ad
521 2246 665 2286 Solin.p.
681 2248 756 2280 392.
773 2252 808 2276 et
822 2246 957 2277 Abram.

230 2290 272 2322 ad
283 2292 339 2322 Or.
354 2301 403 2332 pr.
422 2291 504 2322 Rab.
520 2291 673 2320 Postsio.

265 2335 412 2371 Mittere,
430 2335 604 2371 nunciare,
622 2343 681 2374 per
697 2333 837 2363 nuncios
855 2334 957 2373 signi·

227 2379 339 2410 ficare.
363 2379 436 2409 Att.
458 2379 492 2408 ii.
520 2379 551 2408 2.
576 2387 654 2407 nam
673 2377 720 2406 ita
736 2376 775 2406 ad
800 2387 853 2406 me
882 2379 958 2407 mit-

231 2427 318 2459 tunt,
330 2421 505 2461 Nigidium
518 2421 639 2451 minari
657 2421 691 2450 in
707 2421 878 2451 concione.
903 2422 956 2451 Sic

231 2466 346 2497 Livius
373 2476 460 2505 saepe
488 2465 550 2495 hoc
574 2465 674 2494 verbo
700 2473 778 2493 usus
803 2469 874 2493 est:
900 2475 956 2494 ex-

221 2510 335 2549 empla
350 2510 515 2548 congessit
541 2507 684 2538 Gronov.
710 2507 751 2537 ad
778 2507 885 2537 xxxiv.
903 2510 955 2542 ⁶29.

219 2554 238 2573 ‘
256 2553 327 2584 Fin.
340 2554 361 2583 i.
382 2557 409 2584 1.
435 2552 524 2592 quod
539 2550 640 2582 semel
659 2552 793 2581 missum
810 2552 955 2581 coerceri

221 2598 424 2637 reprimique
443 2605 509 2626 non
525 2594 788 2635 potest.proprie
805 2594 844 2623 de
861 2595 955 2633 equis

219 2651 237 2671 e
254 2641 441 2670 carceribus
461 2639 600 2669 emissis.
634 2638 652 2656 ’κ
671 2648 728 2678 pro
760 2638 956 2669 immittere.

218 2685 292 2716 Mil.
311 2686 363 2714 ⁶28.
387 2684 473 2713 utin
489 2692 543 2712 eos
561 2683 670 2721 potius
686 2691 720 2710 se
739 2682 889 2711 mitteret.

258 2728 401 2764 stloln'lis,
429 2727 609 2767 periturus,
636 2724 812 2754 instabilis.
849 2725 948 2755 Dom.

219 2775 271 2802 58.
296 2771 422 2801 caduca
438 2779 570 2809 semper
584 2774 618 2798 et
634 2769 761 2798 mobilia
779 2767 850 2797 haec
879 2778 949 2798 esse

217 2815 308 2846 duxi.
333 2815 376 2845 N.
393 2815 436 2845 D.
455 2815 487 2843 ii.
509 2817 557 2843 11.
576 2812 809 2842 mobilissimos.

260 2858 432 2889 Mobilleer.
458 2857 534 2887 Div.
550 2856 584 2886 ii.
601 2857 653 2886 63.

258 2901 438 2939 llIoderari,
446 2909 594 2941 parcere.
602 2899 718 2930 flacc.
729 2901 782 2930 35.
799 2897 945 2930 modera-

1013 204 1066 230 tus
1088 202 1138 230 est
1153 198 1305 238 religioni
1320 209 1389 231 suae
1411 200 1446 231 in
1468 201 1664 233 testimonio
1687 202 1737 234 di-

1014 243 1130 273 cendo.

1059 286 1250 323 Moderatio,
1268 287 1431 326 regimen,
1447 292 1604 328 potestas.
1631 288 1704 319 Act.
1719 289 1742 320 i.

1014 328 1047 357 in
1076 329 1167 359 Verr.
1194 332 1224 362 7.
1249 335 1332 361 extr.
1356 333 1469 362 onmia
1496 333 1529 362 in
1557 333 1656 363 unius
1684 343 1741 373 po-

1013 376 1134 402 testate
1147 382 1183 401 ac
1202 373 1412 405 moderatione
1427 381 1610 406 vertentur.

1057 416 1249 446 Moderator.
1276 417 1392 448 Partit.
1410 422 1440 449 3.
1474 420 1520 449 rei
1545 419 1738 450 sententiae·

1015 468 1077 497 que
1091 460 1283 497 moderator,
1302 460 1340 490 de
1358 461 1590 502 disceptatore.

1057 502 1256 533 Moderatus.
1279 505 1336 534 Or.
1354 505 1387 534 ii.
1406 508 1435 535 8.
1471 506 1526 544 qui
1542 511 1659 535 cantus
1675 515 1741 535 mo·

1014 546 1135 577 deratoe
1164 547 1323 577 orationis
1361 549 1637 588 pronunciatione
1667 548 1741 578 dul-

1014 589 1104 619 cior?

1056 632 1209 671 fllodesle,
1241 634 1381 664 modice.
1415 635 1484 664 Att.
1528 635 1571 664 ix.
1605 638 1655 669 19.
1687 646 1738 673 ea,

1016 686 1092 706 cum
1112 677 1247 708 modeste
1275 678 1375 714 fiunt,
1390 682 1504 708 tamen
1528 679 1600 718 ipsa
1625 689 1684 718 per
1706 689 1740 708 se

1014 719 1156 750 molesta
1171 723 1259 750 sunt.
1285 731 1313 751 ν.
1342 721 1502 751 modicus.
1526 722 1543 739 '⁵
1559 723 1742 761 opponitur

1016 763 1057 802 τῷ
1082 763 1260 794 hostiliter.
1287 764 1327 794 ad
1354 765 1431 794 Div.
1456 766 1521 794 xiv.
1551 768 1600 795 14.
1625 767 1651 795 si
1683 765 1739 796 ille

1014 807 1148 838 modeste
1173 808 1314 838 Romam
1332 812 1491 838 venturus
1508 812 1571 846 est,
1589 812 1676 838 recte
1703 810 1738 840 in

1012 851 1191 890 praesentla
1202 851 1291 881 domi
1309 861 1378 881 esse
1396 853 1544 890 potestis.

1057 894 1225 925 fflodestia.
1250 894 1314 925 Off.
1345 895 1366 924 i.
1398 898 1451 925 40.
1475 895 1554 934 quid
1581 895 1650 925 sit?
1678 896 1738 926 Est

1013 937 1149 977 duplex,
1180 943 1214 968 et
1240 948 1279 968 ea
1307 948 1379 977 quae
1404 938 1526 968 Graecis
1553 938 1684 977 εὐταξία,
1701 946 1737 970 ot

1014 991 1086 1019 quae
1106 980 1236 1024 ιῦκιιςῖαι
1253 981 1385 1011 dicitur.
1409 991 1438 1011 v.
1465 982 1570 1012 Graev.
1594 983 1636 1012 ad
1654 983 1686 1013 h.
1718 983 1740 1013 1.

1013 1024 1277 1064 *temperantia
1299 1025 1398 1055 Tusc.
1417 1025 1462 1055 iii.
1482 1028 1510 1055 8.

1056 1068 1228 1099 fllodestus.
1254 1069 1330 1098 Sen.
1347 1078 1378 1108 p.
1394 1068 1434 1098 R.
1457 1071 1487 1100 2.
1513 1069 1643 1099 modesti
1658 1079 1738 1100 con-

1013 1111 1113 1149 sules,
1131 1112 1302 1148 dicuntur,
1321 1113 1377 1151 qui
1392 1116 1549 1142 verentur
1564 1119 1680 1143 contra
1690 1113 1737 1143 le-

1013 1165 1068 1195 ges
1085 1155 1204 1185 facere.
1228 1156 1247 1173 ²*
1262 1156 1318 1185 irae
1331 1159 1459 1195 potens.
1484 1156 1575 1186 Verr.
1592 1157 1613 1187 i.
1628 1159 1681 1191 47.
1705 1157 1735 1187 O

1013 1200 1189 1229 modestum
1200 1199 1369 1229 ordinem!
1391 1200 1447 1237 qui
1462 1204 1495 1229 te
1513 1201 1621 1230 vivum
1637 1201 1735 1230 istinc

1012 1243 1101 1273 abire
1126 1253 1239 1283 passus
1255 1246 1315 1272 est.
1340 1242 1359 1260 ¹*
1376 1245 1555 1283 opponitur
1570 1243 1740 1275 seditiose.

1011 1286 1090 1325 Agr.
1107 1287 1141 1316 ii.
1158 1290 1210 1317 31.
1233 1286 1324 1326 plebs
1353 1287 1593 1317 modestissima.
1617 1288 1636 1305 ’ἒ
1652 1287 1734 1318 Lael.

1015 1333 1064 1360 13.
1088 1331 1269 1370 opponitur
1285 1330 1464 1369 flagitioso:
1490 1330 1523 1360 h.
1541 1341 1570 1361 e.
1584 1331 1738 1361 libidino-

1011 1383 1058 1403 se.
1098 1373 1227 1404 *lenis
1255 1374 1325 1404 Att.
1356 1385 1388 1404 x.
1420 1377 1450 1404 5.
1477 1375 1642 1405 modestior
1666 1384 1733 1405 non

1013 1427 1080 1447 ero.

1055 1460 1192 1498 Modice,
1217 1459 1347 1491 leniter.
1380 1460 1462 1490 Cato
1488 1463 1514 1491 1.
1548 1461 1609 1491 etsi
1634 1465 1669 1490 te
1700 1461 1734 1492 id

1011 1504 1128 1534 modice
1144 1509 1179 1533 et
1194 1505 1361 1544 sapienter
1375 1509 1409 1534 et
1430 1504 1516 1534 ferre
1534 1510 1567 1535 et
1583 1504 1731 1536 laturum

1009 1557 1080 1578 esse
1108 1554 1198 1577 certo
1226 1548 1304 1578 scio.
1338 1548 1357 1565 ¹*
1373 1549 1547 1583 moderate,
1569 1548 1601 1578 h.
1628 1559 1657 1578 e.
1673 1559 1734 1579 suo

1009 1592 1151 1630 acjusto
1168 1591 1277 1621 modo.
1301 1592 1358 1622 Or.
1385 1592 1406 1621 i.
1429 1594 1481 1626 29.
1507 1592 1558 1629 iis,
1576 1602 1649 1631 quae
1674 1592 1732 1623 ha·

1007 1635 1101 1672 bent,
1120 1636 1238 1665 modice
1252 1645 1288 1664 ac
1305 1636 1449 1665 scienter
1464 1640 1614 1666 utantur.

1050 1677 1205 1709 lisodicus.
1230 1677 1309 1718 Leg.
1326 1680 1372 1709 iii.
1391 1682 1437 1709 18.
1462 1679 1598 1716 modica,
1616 1679 1650 1709 id
1666 1683 1730 1717 est,

1009 1723 1158 1752 modesta
1174 1728 1273 1762 atque
1286 1722 1413 1753 sedata.
1437 1722 1506 1753 Fin.
1520 1723 1554 1753 ii.
1574 1726 1622 1757 19.
1641 1723 1734 1753 Grae-

1008 1767 1054 1796 cis
1072 1766 1133 1796 hoc
1150 1767 1308 1796 modic-um
1321 1771 1382 1796 est.
1396 1766 1429 1796 h.
1447 1777 1476 1796 e.
1500 1766 1606 1796 Graeci
1622 1767 1657 1796 in
1672 1766 1734 1797 hoc

1007 1819 1128 1848 genere
1139 1820 1256 1850 parum
1267 1809 1495 1850 exemplorum
1506 1810 1652 1851 proferre
1661 1820 1737 1850 pos-

1005 1857 1096 1883 sunt.

1048 1897 1264 1937 stIodg'ficatus.
1289 1897 1376 1928 Part.
1405 1901 1436 1928 5.
1472 1897 1569 1927 verba
1595 1896 1634 1926 ab
1662 1906 1734 1927 ora-

1006 1944 1077 1970 tore
1101 1941 1285 1981 modg‘ficctta
1312 1945 1347 1971 et
1373 1941 1495 1971 inflexa
1517 1940 1735 1980 quothmmo-

1004 1984 1045 2014 do
1061 1996 1070 2023 ;
1097 1984 1208 2023 qualia
1224 1988 1304 2014 sunt
1318 1995 1369 2022 ea,
1388 1995 1461 2024 quae
1481 1984 1734 2014 transferuntur

1005 2029 1064 2058 ἃς.
1088 2028 1144 2058 Or.
1160 2028 1207 2060 iii.
1224 2031 1276 2059 48.
1300 2029 1449 2058 membra
1467 2029 1542 2069 (int.
1557 2027 1730 2066 orationis)

1004 2072 1197 2102 modificata
1207 2082 1277 2102 esse
1290 2071 1477 2102 debebunt:
1492 2071 1524 2102 h.
1535 2082 1563 2101 e.
1578 2081 1737 2101 numero·

1006 2125 1055 2151 sa,
1073 2120 1149 2155 apte
1167 2116 1329 2145 cadentia.

1046 2157 1185 2189 Modius.
1208 2159 1280 2189 Att.
1306 2160 1348 2189 vi.
1381 2162 1411 2189 1.
1434 2159 1480 2188 sic
1508 2158 1564 2188 illa
1587 2158 1659 2197 jam
1674 2157 1734 2188 ha·

1003 2202 1096 2239 bent,
1114 2202 1212 2242 pleno
1230 2203 1342 2239 modio,
1365 2203 1540 2232 verborum
1557 2202 1731 2240 honorem,

1003 2246 1238 2276 invitationem
1256 2247 1417 2276 crebram.

1045 2289 1150 2320 llIodo.
1185 2299 1245 2329 pro
1274 2299 1337 2319 nou
1368 2288 1457 2320 modo
1485 2300 1546 2320 non
1575 2289 1640 2319 dici
1670 2298 1733 2319 mm

1004 2334 1105 2370 modo,
1122 2343 1199 2364 cum
1217 2334 1368 2371 sequitur
1384 2343 1424 2362 ne
1448 2333 1595 2372 quidem,
1612 2338 1731 2362 notum

1002 2383 1064 2406 est.
1092 2386 1122 2406 v.
1148 2377 1189 2407 ad
1220 2377 1296 2407 Div.
1326 2377 1368 2407 ix.
1405 2380 1454 2410 17.
1477 2382 1512 2406 et
1528 2377 1661 2407 Manut.
1690 2376 1733 2406 ad

1002 2420 1079 2450 Div.
1095 2421 1116 2450 i.
1135 2425 1165 2454 9.
1188 2420 1246 2450 sed
1262 2423 1312 2450 cst
1326 2421 1428 2450 etiam
1445 2424 1523 2450 ante
1539 2429 1655 2449 verum
1677 2424 1727 2450 et-

1002 2464 1079 2494 iam.
1104 2464 1174 2494 Att.
1207 2464 1241 2494 ii.
1268 2468 1295 2494 l.
1326 2474 1388 2494 non
1416 2464 1504 2494 modo
1531 2464 1731 2501 excitatum,

1002 2507 1059 2537 sed
1075 2508 1177 2538 etiam
1195 2507 1293 2547 plane
1318 2508 1546 2548 perterritum.
1574 2508 1649 2538 Duo
1667 2507 1734 2538 alia

1003 2551 1157 2591 exempla
1173 2561 1210 2582 ex
1236 2550 1258 2581 l.
1282 2552 1315 2581 ii.
1341 2552 1387 2581 iii.
1413 2551 1509 2582 Offic.
1537 2551 1630 2581 dedit
1654 2550 1734 2581 Mu-

1002 2599 1064 2624 ret.
1081 2594 1120 2624 V.
1138 2595 1176 2625 L.
1200 2606 1230 2624 x.
1248 2598 1278 2628 7.
1295 2605 1324 2625 V.
1343 2604 1422 2625 non.
1439 2594 1552 2625 Etiam
1561 2595 1732 2624 omittitur

1002 2643 1080 2667 ante
1098 2638 1154 2668 sed
1165 2639 1279 2668 etiam.
1303 2642 1339 2668 ut
1349 2638 1450 2669 Tusc.
1463 2649 1492 2668 v.
1511 2639 1541 2669 6.
1565 2638 1621 2668 ubi
1640 2637 1733 2667 addi-

1001 2681 1049 2711 dit
1065 2682 1178 2712 Davis.
1195 2681 1251 2711 ed.
1273 2691 1338 2712 sec.
1371 2681 1537 2712 Notabilis
1562 2687 1613 2711 est
1628 2681 1733 2711 etiam

999 2725 1217 2764 transpositio
1233 2725 1332 2764 hujus
1358 2725 1486 2755 formae.
1509 2725 1580 2755 Att.
1597 2725 1661 2755 xiv.
1683 2728 1733 2759 19.

999 2769 1053 2798 cui
1070 2768 1165 2798 facile
1183 2769 1343 2809 persuasi,
1361 2768 1394 2798 id
1410 2769 1498 2808 quod
1520 2772 1665 2808 rogaret,
1688 2777 1731 2798 ne

997 2810 1097 2841 licere
1120 2812 1271 2851 quidem,
1297 2821 1361 2842 non
1393 2812 1481 2842 modo
1511 2822 1576 2842 mm
1606 2811 1732 2842 lubere.

997 2864 1064 2884 non
1081 2856 1181 2893 modo,
1199 2860 1360 2895 sequente
1372 2866 1502 2892 verum,
1519 2866 1578 2896 pro
1596 2864 1662 2885 non
1681 2854 1733 2884 ‹li-

995 2899 1172 2931 cam—sed
1193 2903 1234 2930 ut
1256 2898 1333 2932 Act.
1350 2900 1372 2932 i.
1389 2900 1424 2931 in
1439 2899 1535 2931 Verr.
1552 2902 1584 2931 3.
1614 2899 1643 2930 si
1665 2907 1729 2929 mm
