1920 3196
227 64 311 103 346

241 160 353 200 Igitur
388 165 540 192 extrema
575 161 733 192 orationis
770 164 968 195 lineamenta

240 209 322 234 sunt
337 206 497 245 perfectio
521 209 555 235 et
571 209 726 235 venustas
743 214 875 237 summa
895 218 967 238 ora-

237 247 351 279 tioniS.
784 264 787 265 ν

285 292 433 330 Lingua.
458 293 514 322 Or.
533 291 578 321 iii.
596 295 647 321 550.
672 293 821 330 linguam
846 303 964 332 procu-

239 333 331 373 dere,
348 338 398 364 est
413 344 565 366 exercerc
582 335 764 365 dictionem
776 336 965 366 declaman-

239 377 293 409 do.

283 421 413 452 Linere.
439 421 479 451 ad
494 422 534 460 Q.
553 421 602 450 Fr.
618 422 651 451 ii.
674 424 721 451 ll.
746 421 892 452 Lucretii
907 433 963 462 po-

238 467 351 496 Emata
370 466 430 495 lita
446 470 525 495 sunt
541 465 655 495 multis
672 465 854 496 luminibus
871 466 964 505 inge-

235 516 294 538 nn.

281 550 410 581 Linter.
434 551 529 581 Brut.
561 551 612 581 60.
644 550 732 590 loqui
764 562 802 581 ex
839 553 962 582 lintre:

236 594 258 624 i.
291 604 319 625 e.
350 595 501 632 obscure,
535 598 574 624 ut
611 594 753 634 intelligi
787 604 853 625 non
887 606 962 635 pos-

234 647 291 668 sis.

280 681 498 711 Lintriculzm.
535 680 604 710 Att.
639 692 669 710 x.
709 684 757 711 10.
791 691 852 719 ego
883 691 959 710 vero

233 725 411 761 nutricula,
427 725 454 754 si
470 724 560 754 navis
578 734 643 754 non
659 725 736 762 erit,
752 725 890 764 eripiam
906 734 958 754 me

234 767 295 798 διε.

279 810 477 851 Ζιὶᾳηςήιείο.
500 810 636 841 Tuscul.
659 821 689 841 v,
714 811 743 840 6.
778 821 858 850 quos
883 809 958 840 nul-

233 853 274 886 lae
293 855 404 885 futiles
420 854 546 884 laetitiae
564 853 729 893 languidis
746 854 958 894 liquefaciunt

232 898 471 938 voluptatibus.

278 942 478 981 Liquescere.
507 940 606 970 Tusc.
641 941 674 970 ii.
707 942 759 972 52⁵2.

234 985 386 1016 mollitia.
583 1003 585 1005 .

276 1029 425 1069 Liquido,
443 1038 518 1057 cum
544 1027 665 1057 fiducia
681 1027 836 1066 quadam,
854 1032 958 1064 certo,

232 1073 304 1103 sine
321 1073 531 1102 liaesitatione
550 1081 586 1100 ac
613 1071 834 1100 dubitatione.
863 1071 956 1101 Vcrr.

230 1116 277 1146 iii.
303 1119 354 1150 59.
379 1116 500 1154 liquido
523 1114 643 1144 dicere.
667 1114 708 1144 ad
734 1115 809 1144 Div.
833 1115 875 1143 xi.
904 1116 956 1147 ⁶27.

232 1160 352 1199 liquido
377 1169 506 1197 negare.
532 1158 602 1187 Pin.
619 1158 653 1187 ii.
675 1160 723 1188 12.
757 1157 844 1196 quod
861 1167 899 1187 eo
920 1159 958 1187 ἰὶ-

229 1203 360 1242 quidius
373 1202 486 1238 faciet,
502 1202 528 1231 si
540 1202 745 1241 perspexerit
761 1202 819 1230 ἃς.

274 1245 450 1285 Liquidus,
483 1255 597 1284 purus.
620 1244 715 1274 Brut.
746 1248 799 1278 79.
834 1243 956 1283 liquida

232 1291 350 1319 oratio.
376 1289 446 1318 Fin.
474 1289 495 1318 i.
527 1291 574 1319 18.
599 1288 730 1328 liquidae
755 1287 955 1326 voluptates.

231 1333 288 1363 Or.
315 1333 349 1362 ii.
376 1335 426 1363 38.
460 1332 619 1371 liquidum
647 1341 750 1370 genus
780 1331 955 1368 sermonis,

229 1376 410 1418 opponitur
424 1375 501 1405 exili
518 1380 551 1405 et
567 1375 668 1405 arido.

274 1420 423 1459 Liquierg
441 1429 498 1459 pro
515 1420 626 1457 linqui.
652 1418 729 1448 Div.
748 1418 769 1448 i.
782 1419 833 1449 22.

273 1463 345 1494 Lis.
368 1463 438 1493 Fin.
469 1463 503 1492 ii.
532 1464 581 1492 1⁶2.
606 1463 676 1491 lites
700 1462 849 1502 privatae,
877 1463 957 1490 sunt

228 1516 337 1537 causae
364 1507 512 1547 privatae.
535 1506 553 1522 ⁷*
568 1505 723 1545 pecunia,
753 1505 792 1534 de
817 1515 882 1543 qna
905 1511 955 1533 cst

221 1550 402 1589 judicium.
434 1549 545 1579 Rabir.
579 1549 668 1578 Post.
691 1551 722 1578 4.
753 1558 885 1578 summa
917 1549 955 1577 li-

229 1595 325 1625 tium.
350 1598 400 1623 est
423 1593 602 1623 aestimatio
634 1593 709 1628 litis,
738 1602 810 1630 quae
834 1592 957 1621 (licitur

791 942 960 981 liquescere

229 1637 364 1667 Cluent.
403 1637 451 1666 16.
491 1636 545 1665 ubi
578 1636 679 1665 ctiam
712 1639 762 1665 est
787 1636 954 1665 aestimare

228 1681 338 1712 bitem,-
375 1679 462 1718 quod
492 1680 544 1717 fit,
569 1689 645 1709 cum
669 1689 800 1709 summa
824 1679 862 1708 fit.
884 1688 955 1707 om-

229 1725 280 1754 nis
319 1724 389 1762 ejus
424 1724 588 1762 pecuniae,
619 1723 658 1752 tle
693 1732 759 1761 qua
785 1722 953 1760 judicium

228 1771 297 1798 est:
321 1770 493 1805 tamquam
511 1766 544 1796 in
561 1776 660 1796 causa
684 1765 723 1795 de
749 1765 954 1805 repetundis,

226 1811 262 1841 in
285 1820 351 1849 qua
374 1810 413 1839 lis
444 1810 565 1840 dicitur
588 1810 759 1846 aestimari,
784 1819 858 1839 cum
884 1818 954 1838 om-

227 1855 321 1884 nium
354 1853 533 1890 furtorum,
558 1863 630 1892 quae
655 1853 694 1882 ab
718 1852 828 1891 aliquo
863 1861 954 1891 repe-

227 1902 363 1934 tuntur,
386 1907 518 1927 summa
546 1897 596 1926 fit.
633 1907 662 1926 ν.
695 1897 768 1926 Act.
804 1897 826 1926 i.
860 1896 953 1925 Verr.

229 1940 292 1971 ult.
349 1942 478 1971 Dicunt
513 1945 625 1970 autem
664 1940 831 1969 aestimare
866 1941 954 1969 litem.

224 1984 326 2014 alicui
349 1989 384 2014 et
407 1984 557 2024 alicujus.
581 1983 673 2013 verr.
698 1984 740 2013 iv.
770 1986 818 2013 10.
842 1993 872 2012 v.
901 1987 950 2017 19.

225 2027 361 2058 Cluent.
377 2031 429 2058 41.

270 2071 402 2109 Litertz‘,
428 2071 554 2110 lingua.
579 2069 660 2109 Leg.
685 2069 706 2099 i.
730 2071 759 2100 2.
784 2069 877 2098 abest
901 2068 953 2098 hi-

223 2115 326 2145 storia
349 2116 450 2145 literis
473 2114 605 2143 nostris.
629 2113 746 2143 *libi-i.
770 2113 845 2143 Div.
863 2112 896 2142 ii.
921 2114 951 2143 2.

223 2168 342 2198 graecae
377 2158 416 2188 de
453 2157 661 2197 philosophia
703 2158 813 2186 ἄξενα).
856 2155 951 2186 Brut.

225 2203 279 2232 64.
303 2203 405 2232 literis
428 2201 633 2231 illustratum
658 2210 762 2239 genus
796 2200 949 2239 scriptio-

224 2245 287 2275 nis.
310 2245 351 2275 ad
374 2246 450 2275 Piv.
475 2245 529 2274 vii.
558 2247 605 2278 19.
629 2243 756 2274 nullam
782 2249 887 2272 artem
913 2244 950 2273 ἱέ-

225 2290 314 2325 teris,
351 2289 422 2319 sine
455 2287 811 2327 interprete—percipi
842 2296 949 2326 posse.

223 2332 379 2362 *tabulae
404 2336 438 2361 et
468 2331 592 2361 chartae
623 2331 755 2370 scriptae
794 2340 950 2369 quaecun-

225 2385 300 2415 que.
323 2375 404 2415 Leg.
430 2375 476 2405 iii.
501 2378 553 2406 (20,
586 2374 727 2414 publicis
750 2375 851 2404 literis
873 2383 950 2402 con-

223 2420 386 2458 signatam
407 2419 601 2448 memoriam
620 2417 785 2457 publicam
808 2426 875 2446 non
892 2416 951 2446 ha-

223 2463 351 2493 bemus.
387 2462 504 2501 Quint.
540 2464 589 2491 11.
635 2462 735 2491 ἤτω-α’
769 2461 950 2490 societatis.

221 2506 353 2536 Verrin.
385 2507 432 2535 iii.
463 2509 515 2540 71.
547 2506 650 2535 Iiteroe
682 2504 947 2543 publicanorum.

225 2550 259 2579 in
286 2549 396 2580 Caecil.
421 2553 452 2584 9.
478 2550 579 2578 literoe
602 2549 635 2578 in
659 2548 808 2578 Verrem.
834 2547 946 2577 Nota:

221 2595 257 2623 in
280 2592 428 2622 Verrinis
450 2592 622 2622 interdum
644 2591 768 2621 tabulae
791 2595 826 2620 et
849 2592 949 2620 literae

214 2638 423 2677 junguntur,
445 2635 533 2674 qnod
555 2635 613 2665 ubi
637 2639 700 2671 est,
722 2633 845 2664 tabulae
869 2638 949 2663 sunt

223 2686 437 2720 acceptorum
472 2682 506 2708 et
538 2687 758 2718 expensorum
794 2677 946 2714 Codices,

221 2723 328 2754 literae
351 2722 423 2753 aliae
448 2722 632 2762 seripturae.
674 2720 846 2750 Interdum
871 2730 948 2750 vero

220 2776 290 2797 uno
312 2766 502 2796 tabularum
531 2765 666 2795 nomine
688 2764 803 2794 omnia
826 2773 948 2802 genera

221 2811 477 2850 scripturarum,
502 2813 537 2839 et
559 2808 732 2838 literarum
768 2807 866 2837 verbo
897 2810 945 2837 et-

219 2854 287 2885 iam
308 2853 432 2884 tabulae
455 2851 798 2893 comprehenduntur.
821 2851 840 2869 *Ρ
855 2854 941 2882 artes

764 74 909 104 rNDEx
940 76 1234 105 LATINITATIS·

1018 163 1168 194 liberales
1192 172 1320 193 omnes.
1343 163 1436 193 Orat.
1461 163 1508 193 iii.
1539 165 1590 194 34.
1615 163 1739 195 instru-

1019 212 1074 237 cta
1100 208 1200 237 literis
1222 206 1422 245 eloquentia.
1446 207 1487 236 ad
1512 207 1586 237 Div.
1610 217 1661 238 xv.
1686 209 1738 238 21.

1019 252 1121 280 lileroe
1140 250 1329 280 reconditae.
1346 249 1387 279 cf.
1406 249 1502 280 Rosc.
1526 250 1563 280 A.
1576 252 1628 281 41.
1642 250 1740 281 Arch.

1018 295 1047 323 6.
1074 294 1131 323 ἃς.
1172 293 1259 323 Hinc
1282 293 1435 323 *Graecae
1460 295 1560 323 litera·
1581 298 1660 323 sunt
1685 303 1738 323 ar·

1015 342 1066 367 tes
1090 336 1281 366 Graecorum
1306 335 1396 366 libris
1420 336 1605 366 illustratae.
1637 336 1739 367 Acad.

1016 381 1037 409 i.
1061 381 1091 411 2.
1116 380 1158 409 iv.
1186 382 1234 409 11.
1275 380 1332 409 Or.
1357 380 1377 409 i.
1407 383 1455 410 18.
1480 380 1513 410 ii.
1537 383 1567 413 7.
1600 380 1683 409 Cato
1712 383 1737 410 1.

1017 424 1076 453 ἃς.
1101 427 1135 452 et
1159 422 1272 453 latinae
1297 424 1398 453 lilerae
1433 423 1545 452 latinis
1580 423 1670 453 libris
1702 421 1740 452 il-

1014 466 1164 496 lustratae
1196 473 1293 496 artes.
1325 466 1424 496 Acad.
1450 466 1470 495 i.
1496 470 1526 497 3.
1557 466 1651 496 Brut.
1685 470 1738 500 93.

1013 511 1117 540 litet-ce
1148 519 1206 548 pro
1240 519 1358 548 genere
1392 515 1579 548 ponuntur,
1619 509 1737 539 deinde

1012 552 1232 592 philosophia,
1259 553 1315 591 jus
1350 553 1456 589 civile,
1493 552 1642 589 historia,
1678 553 1738 582 &c.

1013 596 1031 614 *ι
1049 596 1183 626 Dicitur
1204 600 1320 626 tamen
1344 597 1443 625 etiam
1463 595 1502 625 de
1526 595 1666 635 singulis
1683 605 1739 635 ge-

1014 640 1159 675 neribus,
1191 643 1229 669 ut
1261 639 1300 669 de
1336 639 1573 668 Grammatica.
1605 638 1675 668 InV.
1716 639 1738 669 i.

1012 685 1064 713 25.
1096 683 1188 712 Orat.
1213 683 1233 712 i.
1259 686 1289 713 3.
1323 682 1368 712 iii.
1396 685 1445 712 10.
1476 682 1539 712 Off.
1563 683 1584 712 i.
1609 685 1661 716 37.
1698 682 1738 712 de

1012 725 1230 765 philosophia.
1261 725 1354 756 Ball).
1382 729 1409 755 1.
1441 726 1531 755 Sext.
1566 728 1618 757 51.
1657 725 1738 756 Har.

1014 769 1053 798 R.
1078 773 1108 801 9.
1134 770 1193 798 ἃς.
1218 769 1257 798 de
1281 769 1428 807 reliquis,
1451 772 1572 808 praetvr
1595 768 1739 808 philoso-

1014 812 1139 851 phiam,
1163 812 1288 842 artibus
1305 811 1504 841 liberalibus.
1529 812 1594 841 Pis.
1611 814 1663 846 ⁶29.
1687 815 1739 842 est

1013 863 1126 884 autem
1151 855 1204 885 hic
1229 865 1294 885 non
1311 854 1520 895 philosophia
1542 855 1662 892 solum,
1679 856 1737 886 sed

1011 899 1113 928 etiam
1130 900 1231 928 literis
1248 898 1441 938 perpolitus.
1458 898 1476 915 ’Ψ
1492 898 1652 937 epistolae.
1665 898 1738 930 Att.

1010 943 1053 971 xi.
1080 945 1109 972 5.
1134 943 1296 972 conficere
1320 941 1430 981 plures
1456 943 1566 971 literas
1589 951 1655 971 non
1679 953 1738 982 po-

1008 986 1072 1015 tui.
1118 985 1156 1015 iis
1193 990 1326 1015 tantum
1367 985 1532 1025 rescripsi,
1566 995 1585 1014 a
1616 986 1736 1023 quibus

1010 1039 1215 1068 acceperam.
1239 1029 1343 1058 *lma
1379 1029 1412 1058 ii.
1448 1034 1531 1058 extr.
1566 1028 1619 1058 hic
1653 1028 1737 1059 liber

1011 1081 1077 1101 non
1109 1082 1226 1111 parum
1258 1072 1408 1102 continet
1442 1073 1628 1109 literarum,
1652 1072 1672 1103 i.
1706 1083 1736 1102 e.

1009 1117 1088 1145 satis
1122 1115 1238 1153 longus
1273 1120 1333 1145 est.
1365 1115 1439 1144 *de
1463 1116 1587 1154 scripto
1620 1125 1665 1145 sc.
1699 1116 1734 1146 in

1010 1158 1148 1198 legibus.
1174 1159 1292 1189 Partit.
1315 1159 1367 1189 36.
1391 1162 1443 1193 39.
1472 1158 1550 1188 ibid.
1577 1162 1629 1192 37.
1662 1159 1733 1189 sine

1010 1203 1111 1232 lifferis
1135 1209 1198 1239 est,
1223 1212 1289 1231 non
1312 1202 1443 1242 scriptis
1465 1201 1604 1241 legibus.
1627 1201 1646 1220 *τ
1663 1202 1736 1232 Cae-

1337 1250 1372 1275 et
1406 1247 1507 1276 literis
1540 1250 1573 1275 et
1602 1255 1734 1276 summo

1010 1246 1075 1275 cin.
1106 1247 1159 1276 23.
1202 1246 1306 1275 verbis

1003 1288 1080 1327 jure
1099 1289 1324 1319 contenditur.

1052 1332 1211 1362 Liberale.
1243 1332 1336 1362 Brut.
1362 1334 1415 1363 28.
1446 1333 1607 1362 literatius
1630 1331 1734 1371 loqui,

1009 1379 1060 1405 est
1083 1376 1283 1411 accuratius,
1299 1375 1405 1414 magis
1429 1385 1468 1404 ex
1492 1376 1614 1414 regulis
1638 1376 1733 1413 artis,

1008 1419 1148 1449 doctius.
1173 1419 1253 1449 Har.
1277 1419 1316 1449 R.
1341 1422 1370 1449 8.
1396 1420 1523 1449 literate
1547 1419 1734 1458 respondis-

1009 1473 1042 1492 se
1084 1487 1090 1492 .
1113 1463 1262 1493 Graevius
1286 1463 1411 1492 dictum
1437 1466 1535 1501 putat
1557 1472 1616 1502 pro
1649 1462 1733 1502 poli-

1008 1509 1023 1535 t
1080 1506 1263 1545 eleganter,
1298 1516 1357 1546 per
1390 1506 1548 1535 ironiam:
1574 1506 1631 1535 sed
1654 1515 1733 1535 con-

1008 1554 1141 1580 textum
1155 1549 1377 1579 consideranti
1394 1549 1567 1579 videbatur
1581 1559 1651 1578 esse
1666 1561 1672 1578 :
1691 1549 1733 1580 ad

1007 1595 1148 1623 literam.
1185 1593 1300 1623 Cicero
1322 1597 1456 1631 rogatus
1477 1593 1516 1622 ab
1534 1593 1731 1630 adversario,

1007 1638 1101 1674 cujus
1133 1643 1219 1666 esset
1246 1637 1412 1666 civitatis?
1446 1636 1629 1676 respondit,
1659 1636 1730 1673 ejus

1006 1690 1080 1719 quae
1096 1690 1206 1710 carcre
1223 1680 1292 1719 ipso
1305 1689 1371 1709 non
1390 1684 1508 1719 posset.
1535 1679 1667 1710 Clodius
1680 1680 1731 1710 in-

1007 1724 1147 1762 gemuit.
1188 1723 1277 1763 ,Quid
1317 1724 1421 1762 igitur
1468 1723 1728 1762 responderem?

1010 1768 1128 1806 pergit.
1147 1777 1199 1796 me
1224 1768 1329 1796 civem
1356 1776 1425 1796 esse
1450 1767 1667 1797 Romanum?
1692 1768 1733 1798 lz'-

1005 1815 1106 1840 tercrle
1120 1810 1372 1850 respondissem.
1397 1811 1460 1840 Pis.
1478 1812 1530 1840 25.
1555 1800 1682 1840 litera&
1694 1813 1731 1841 et

1005 1855 1087 1884 scite
1119 1855 1312 1894 perscriptae
1343 1854 1500 1883 rationes,
1524 1854 1651 1884 *Brun
1677 1854 1729 1885 56.

1006 1898 1205 1937 scriptorum
1224 1901 1371 1927 veterum
1400 1899 1528 1927 liberate
1550 1898 1689 1936 peritus,
1706 1897 1728 1927 i.

1005 1951 1032 1970 c.
1050 1946 1087 1971 ut
1105 1950 1193 1970 nunc
1209 1940 1338 1975 dicunt,
1362 1950 1454 1970 more
1480 1946 1515 1969 et
1542 1940 1728 1971 subtilitate

1005 1984 1216 2014 criticorum.
1241 1985 1298 2014 Or.
1322 1985 1356 2013 ii.
1383 1985 1435 2015 66.
1460 1983 1543 2013 belle
1567 1987 1602 2013 et.
1617 1985 1730 2015 litera-

1003 2031 1034 2057 te
1050 2028 1148 2057 dicta.

1047 2071 1255 2108 Literatmrt,
1275 2071 1449 2111 scriptura.
1474 2070 1592 2100 Pax-tit.
1610 2074 1640 2104 7.
1659 2080 1728 2100 me-

1004 2115 1111 2144 moria
1128 2120 1179 2145 est
1203 2115 1337 2154 gemina
1361 2113 1672 2145 moraturae—Nam
1688 2118 1729 2144 ut

1003 2157 1060 2188 illa
1076 2162 1205 2188 constat
1228 2168 1245 2187 e
1270 2159 1356 2188 notis
1379 2158 1552 2188 literarum
1573 2163 1607 2187 et
1621 2167 1660 2188 ex
1675 2167 1728 2195 eo,

1003 2201 1037 2230 in
1050 2212 1114 2240 quo
1132 2201 1372 2242 imprimuntur
1388 2211 1434 2231 eae
1453 2206 1541 2231 notae
1558 2201 1617 2231 &c.

1046 2244 1229 2282 Lim-atu&
1253 2245 1370 2275 doctus
1401 2245 1433 2274 in
1460 2244 1570 2283 aliquo
1593 2253 1726 2283 genere.

1001 2287 1058 2318 Or.
1084 2289 1129 2318 iii.
1169 2292 1217 2319 11.
1254 2289 1491 2318 litteratissimus
1521 2291 1727 2325 togatorum.

1001 2331 1089 2362 Mur.
1114 2336 1144 2365 7.
1167 2337 1229 2362 tua
1256 2331 1410 2362 nobilitas
1438 2332 1628 2368 hominibus
1652 2332 1722 2361 lite-

1001 2377 1083 2405 ratis
1099 2381 1132 2405 et
1148 2376 1312 2405 historicis
1329 2379 1380 2405 est
1397 2375 1517 2405 notior.
1535 2374 1554 2392 ²*
1567 2375 1622 2413 qui
1639 2374 1729 2413 lege-

1000 2428 1035 2448 re
1068 2423 1189 2458 potest.
1212 2419 1291 2449 Nat.
1316 2419 1358 2449 D.
1384 2419 1430 2448 iii.
1454 2422 1484 2452 9.
1511 2414 1572 2448 hoc
1596 2418 1622 2448 si
1652 2417 1724 2457 pla-

1000 2466 1055 2491 cet
1087 2462 1158 2501 jam
1183 2463 1316 2499 efficies,
1347 2465 1386 2492 ut
1416 2461 1562 2491 mundus
1599 2462 1725 2501 optime

999 2504 1120 2535 librum
1145 2505 1254 2545 legere
1278 2506 1440 2535 videatur.
1466 2504 1610 2535 Zenonis
1633 2504 1724 2536 enirn

1000 2549 1147 2588 vestigiis
1177 2549 1240 2579 hoc
1269 2549 1368 2579 modo
1398 2549 1521 2587 poteris
1559 2548 1724 2578 rationem

999 2593 1197 2622 concludere
1211 2605 1217 2622 z
1251 2593 1338 2631 quod
1362 2593 1531 2623 literatum
1547 2596 1611 2628 est,
1627 2591 1661 2621 id
1676 2595 1728 2622 est

999 2636 1132 2672 melius,
1148 2646 1246 2675 quam
1272 2636 1358 2675 quod
1383 2645 1450 2665 non
1475 2637 1641 2665 literatum
1664 2638 1727 2665 est.

998 2678 1225 2719 *intelligens
1251 2679 1375 2719 linguae
1404 2678 1558 2717 alicujus,
1584 2682 1623 2708 ut
1639 2678 1725 2708 bene

998 2721 1089 2760 loqui
1121 2733 1158 2752 ac
1185 2723 1327 2753 scribere
1354 2722 1468 2761 possit.
1497 2722 1593 2753 Offie.
1624 2722 1645 2751 i.
1670 2724 1725 2755 37.

997 2774 1052 2795 eos
1076 2767 1242 2806 exquisito
1268 2766 1397 2805 judicio
1421 2766 1471 2795 uti
1495 2770 1631 2805 putares
1655 2766 1726 2796 lite-

997 2818 1117 2839 rarum
1129 2822 1137 2838 :
1162 2819 1366 2850 quamquam
1389 2813 1485 2839 erant
1501 2809 1627 2841 literati
1639 2819 1650 2837 .·
1665 2807 1724 2838 sed

998 2856 1031 2883 et
1056 2853 1124 2884 alii.
1148 2853 1183 2885 hi
1205 2857 1320 2885 autem
1343 2853 1470 2894 optime
1486 2852 1602 2893 hngua
1616 2851 1725 2884 latina
