1985 3206
727 116 873 148 1NDEx
903 113 1185 149 ms‘romcns.

207 208 324 238 onibus
340 206 552 238 administer.
575 206 616 247 Q.
639 206 673 238 F.
692 207 738 238 iii.
754 210 784 238 3.
802 211 938 238 accusat

208 252 386 281 Gabinium
411 251 452 281 de
488 252 675 289 majestate.
706 251 778 281 Att.
813 252 855 281 iv.
888 252 938 282 16.

209 295 388 325 Gabinium
405 294 445 324 de
472 295 602 324 ambitu
618 295 777 335 postulat.
794 295 836 324 ad
860 295 938 325 Div.

209 339 253 368 ix.
270 341 324 368 10.
341 339 410 376 ejus
428 347 527 367 morS.

233 396 236 398 ·
251 382 320 412 Ser.
334 381 443 418 Sulla,
458 379 540 411 Sull.
553 384 583 412 53.
601 381 636 411 Ρ.
651 381 766 419 frater,
784 381 938 419 Senator,

214 424 367 455 Catilinae
384 425 504 455 socius.

253 469 403 508 Sulpicii,
421 478 537 498 eorum
555 468 713 498 nobilitas
731 468 848 507 qualis.
862 467 939 498 Mu-

210 522 283 543 ren.
303 517 335 546 7.

258 556 291 586 C.
304 556 467 595 Sulpicius
478 554 743 595 Olympus,Verr.
761 555 782 585 i.
795 557 849 585 48.
862 555 941 584 civis

210 600 393 630 Romanus.

257 644 288 673 C.
302 642 468 682 Sulpicius
483 642 611 678 Gallus,
625 641 664 671 de
677 642 732 671 Or.
747 642 767 671 i.
780 645 830 672 553.
844 640 942 672 Brut.

213 688 265 716 20.
284 686 407 715 Graecis
432 685 553 716 litteris
579 692 613 715 ct
636 685 788 714 eruditus
816 690 850 714 et
875 684 941 714 elo-

212 739 328 768 quens.
349 730 462 759 Consul
471 729 548 769 suit
564 739 596 759 α.
620 728 658 759 U.
674 737 850 758 urxxxvu.
867 738 939 758 cum

213 774 260 803 M.
288 773 455 803 Marcello.
483 782 511 802 z».
530 773 603 802 Liv.
619 771 684 802 xlv.
704 775 757 802 44.
783 773 847 802 Off.
865 773 885 802 i.
909 773 940 803 6.

213 817 253 846 de
270 817 345 847 Sen.
366 820 414 847 14.
432 816 619 855 astrologiae
643 816 810 845 studiosus
827 820 861 845 ct
887 826 943 855 pe-

214 861 309 891 ritus.
335 861 409 891 Liv.
428 860 504 890 xliv.
523 863 553 890 3.
571 865 601 890 et
628 860 670 889 ilu'
703 861 841 898 [ulerpr.
865 859 941 889 add.

215 904 308 935 Ptin.
327 905 375 935 H.
401 904 449 934 N.
476 904 509 933 ii.
539 906 586 933 19.
609 908 639 933 et
663 913 739 943 quos
758 904 801 933 ibi
825 903 942 933 laudnt

215 946 486 987 H(11·(luinus.cf.
505 947 648 985 Pighius
671 948 716 977 ad
739 956 771 976 a.
795 957 823 977 c.
848 951 878 977 et
895 949 944 976 in-

208 993 330 1032 primis
345 992 389 1021 ar!
403 1002 433 1021 a.
448 999 582 1020 urxxn.

264 1035 296 1065 C.
326 1036 501 1075 Sulpicius,
527 1033 663 1064 Catilin.
693 1034 739 1063 iii.
765 1035 796 1064 3.
821 1036 946 1073 praetor

217 1078 377 1109 Cicerone
394 1077 541 1107 consule.

260 1121 304 1152 P.
323 1121 489 1161 Sulpicius
516 1119 641 1159 Rufus,
671 1120 753 1150 Har.
778 1129 864 1159 resp.
892 1123 940 1153 19.

215 1166 292 1195 trib.
309 1165 354 1205 pl.
379 1176 410 1195 α.
443 1164 482 1195 U.
500 1173 621 1194 DcxxV.
645 1164 724 1194 ibid.
743 1166 795 1194 ΩΟ.
823 1164 860 1193 C.
884 1163 946 1192 ‹Ju-

216 1209 261 1238 lio
292 1209 504 1238 consulatum
544 1212 662 1237 contra
688 1207 776 1246 leges
815 1207 945 1247 petenti

215 1251 347 1291 longius
365 1252 534 1288 resistens,
552 1251 591 1280 fit
618 1251 799 1291 popularis.
824 1251 887 1280 Off.
912 1251 946 1280 ii.

220 1297 268 1325 14.
296 1295 395 1333 hujus
425 1295 651 1333 eloquentiam
675 1295 844 1324 accusatio
872 1294 946 1323 illu-

218 1339 337 1368 stravit
356 1340 392 1369 C.
412 1339 574 1369 Norbani.
600 1338 700 1368 Catil.
726 1339 774 1368 iii.
802 1342 849 1368 10.
873 1348 893 1367 a
912 1337 947 1368 L.

217 1381 311 1412 Sulla
339 1383 483 1420 ejicitur.
507 1381 564 1412 ΒΓ.
587 1385 638 1412 55.
655 1392 723 1420 seq.
754 1382 859 1420 qualis
876 1391 948 1411 ora·-

216 1427 296 1456 tor?
316 1426 423 1456 nullas
444 1425 611 1455 orationes
630 1425 784 1464 reliquit3
804 1435 876 1463 quae
893 1436 948 1454 ex-

215 1473 292 1499 tant
319 1470 353 1499 P.
380 1469 543 1499 Canutius
579 1474 653 1508 post
690 1476 834 1499 mortem
869 1469 949 1498 scri-

217 1514 319 1552 psisse
335 1513 453 1543 fertur.
471 1514 527 1543 Or.
546 1513 593 1542 iii.
610 1516 640 1543 3.
659 1523 746 1543 mors
763 1514 845 1552 ejus.
859 1512 947 1541 conf.

217 1556 258 1586 ad
286 1556 367 1586 Her.
393 1557 413 1587 i.
443 1559 490 1586 15.
519 1557 560 1587 iv,
588 1559 617 1587 2.
643 1557 737 1586 Orat.
766 1558 787 1587 i.
809 1560 840 1590 7.
872 1555 949 1586 add.

218 1599 330 1630 Vellei.
348 1601 381 1630 ii.
407 1603 454 1630 18.
475 1603 522 1633 19.
547 1600 589 1630 ad
608 1599 779 1630 Hcren.ii.
796 1602 848 1631 28.
877 1601 947 1639 ejus

217 1643 306 1683 leges
322 1643 361 1672 de
378 1643 558 1674 exsulibus.

261 1686 306 1718 P.
334 1687 509 1728 Sulpicius,
546 1688 620 1717 Aet.
651 1687 672 1716 i.
704 1687 739 1717 in
775 1687 870 1718 Verr.
902 1690 950 1717 10.

215 1730 308 1762 Trib.
324 1731 410 1771 pleb.
427 1741 459 1761 a.
484 1731 523 1761 U.
542 1739 725 1760 Dchxxw.

262 1775 305 1816 Q.
324 1774 500 1815 Sulpicius,
525 1774 654 1811 Gallus,
672 1775 729 1805 Or.
751 1774 772 1803 i.
791 1776 842 1804 53.
861 1773 949 1804 filius

221 1819 259 1849 C.
276 1818 413 1858 Sulpicii
431 1818 530 1848 Galli.

263 1861 334 1892 Ser.
362 1861 539 1901 Sulpicius,
567 1862 623 1892 Br.
654 1861 704 1891 16.
730 1860 846 1890 consul
863 1871 951 1891 anno

219 1906 350 1936 decimo
366 1911 443 1945 post
458 1910 591 1935 exactos
610 1915 702 1944 reges
716 1917 722 1934 ε
764 1905 856 1935 Unde
871 1915 952 1944 gons

221 1950 380 1989 Sulpicia.
397 1950 435 1979 de
450 1959 516 1989 qua
531 1960 561 1979 v.
582 1949 646 1979 Cic.
662 1949 795 1979 Mnren.
814 1951 845 1981 7.

262 1992 299 2024 S.
322 1992 502 2032 Sulpicius,
526 1992 567 2031 Q.
602 1993 634 2022 F.
674 1992 848 2028 Lemonia,
884 1992 952 2022 Ru-

218 2036 282 2067 fus.
299 2047 329 2066 v.
347 2036 431 2066 Phil.
448 2037 515 2066 viii.
531 2040 562 2070 7.
583 2036 626 2066 ix.
648 2039 675 2066 1.
699 2035 788 2065 Mur.
806 2038 835 2065 3.
853 2045 951 2065 aceu-

222 2084 275 2110 sat
291 2079 328 2110 L.
346 2081 539 2116 Murenam,
557 2080 652 2117 cujus
662 2079 863 2119 competitor
879 2079 951 2109 fue-

221 2130 286 2160 rat,
305 2123 344 2152 de
371 2123 510 2152 ambitu.
527 2123 569 2153 ad
585 2123 661 2152 Div.
678 2123 744 2152 viii.
769 2123 799 2152 6.
825 2122 951 2154 Consul

221 2177 299 2196 cum
325 2166 372 2196 M.
388 2165 560 2198 Marcello.
585 2166 665 2196 ibid.
696 2169 746 2197 10.
774 2170 954 2197 cunctator

221 2215 283 2240 est.
309 2210 387 2240 ibid.
417 2210 458 2240 iv.
480 2213 510 2240 3.
537 2212 569 2240 4.
601 2209 735 2239 Achaiae
762 2209 951 2249 proconsul.

224 2252 311 2295 Ejus
327 2258 372 2284 est
387 2255 520 2292 elegans
543 2255 673 2292 epistola
690 2256 719 2283 5.
745 2263 810 2292 qua
831 2252 953 2283 Cicero-

222 2306 295 2327 nem
324 2297 362 2327 de
388 2297 473 2327 obitu
500 2297 619 2327 Tulliae
642 2299 835 2327 consolatur.
880 2297 952 2328 Att.

222 2341 266 2370 ix.
286 2343 335 2374 19.
364 2340 471 2370 filium
497 2341 606 2370 mittit
628 2345 747 2370 contra
771 2341 833 2370 Cn.
856 2340 952 2371 Pom-

222 2384 350 2423 peium,
361 2394 438 2414 cum
453 2384 581 2414 Caesare
594 2384 686 2414 facit.
704 2383 818 2414 Phil.i.
833 2387 859 2414 1.
877 2384 953 2414 nul-

222 2427 294 2457 lum
319 2427 457 2457 Caesaris
473 2427 645 2457 decretum
664 2435 739 2467 post
760 2427 838 2457 Idus
862 2427 953 2457 Mar-

222 2472 287 2501 tias
311 2471 483 2510 figendum
509 2476 633 2501 censet.
658 2472 754 2502 Brut.
771 2474 823 2501 40.
840 2473 893 2501 42.
918 2472 953 2501 in

215 2515 294 2553 jure
310 2514 398 2544 civili
412 2516 671 2554 praeceptoribus
685 2525 762 2544 usus
772 2518 823 2544 est
834 2514 873 2544 L.
885 2514 953 2544 Lu-

225 2557 301 2588 cilio
317 2557 422 2588 Balbo
439 2562 474 2587 et
500 2558 536 2588 C.
559 2558 704 2597 Aquillio
733 2557 839 2588 Gallo.
864 2558 954 2589 Mur.

225 2605 255 2634 7.
281 2601 402 2631 Jctus.
437 2601 522 2631 Phil.
536 2602 581 2632 ix.
604 2605 628 2632 l.
658 2603 693 2631 in
718 2601 885 2641 legatione
912 2602 953 2632 ad

224 2645 411 2674 Antonium
429 2645 599 2675 Mutinam
618 2646 826 2675 obsidentem
844 2646 925 2675 obiit
943 2657 953 2683 3

223 2688 264 2717 de
280 2689 374 2727 cujus
404 2688 585 2718 honoribus
612 2693 687 2719 tota
709 2691 860 2719 oratione
879 2699 954 2719 sen-

222 2733 332 2761 tentia
347 2731 484 2769 dicitur,
510 2732 544 2762 in
567 2742 667 2771 quam
686 2732 811 2762 SCtum
824 2731 954 2763 factum

223 2780 285 2805 est.
327 2775 568 2814 Fragmentum
583 2777 812 2815 inscripti0ni8‚
837 2786 907 2815 quce
926 2778 956 2807 ei

218 2828 279 2858 pro
298 2818 423 2849 Rostris
433 2821 539 2858 posita
561 2823 618 2857 est,
635 2820 699 2849 vid.
716 2829 748 2849 v.
764 2829 792 2849 c.
807 2830 860 2859 op.
878 2820 955 2851 Rei·

223 2871 290 2892 nes.
315 2863 422 2893 Inscr.
444 2873 482 2902 p.
507 2865 580 2893 504.
621 2863 750 2893 AVomen
779 2864 882 2895 Servii
899 2874 957 2894 sce-

217 2907 348 2946 pissime
363 2910 410 2939 est
424 2907 515 2948 apud
535 2906 724 2939 Ciceronem.
748 2905 803 2940 De
812 2917 872 2949 quo
890 2909 955 2940 sin-

1637 102 1730 149 155'

983 210 1074 246 gulis
1090 209 1163 238 Iocis
1177 206 1426 246 intelligendum
1440 207 1494 244 sit,
1509 215 1562 237 res
1585 211 1616 238 et
1637 213 1719 239 tem-

979 253 1069 291 poris
1085 253 1168 281 ratio
1171 250 1280 290 facile
1296 251 1426 281 docebit.

1029 296 1065 325 S.
1091 295 1267 333 Sulpicius,
1292 294 1338 324 fil.
1355 294 1426 324 Att.
1452 293 1496 323 ix.
1525 297 1575 329 19.
1599 300 1720 325 contra

986 338 1183 378 Pompeium
1216 339 1377 368 mittitur.
1422 337 1463 367 ad
1500 338 1578 368 Div.
1610 339 1652 368 xi.
1685 343 1718 372 7.

987 382 1203 411 consobrinus
1233 382 1276 412 D.
1306 381 1414 412 Bruti.
1447 381 1526 410 ibid.
1555 381 1597 410 iv.
1626 385 1657 412 3.
1685 385 1717 413 4.

986 424 1205 465 philosophiae
1222 430 1256 454 et
1272 424 1426 454 omnibus
1443 424 1632 455 liberalibus
1647 430 1719 455 stu-

988 469 1048 498 diis
1073 478 1208 508 operam
1237 468 1306 498 dat.
1345 468 1433 499 Tru».
1449 468 1590 508 pLJ'uit
1612 479 1644 499 α.
1678 469 1720 500 U.

988 520 1103 542 nccvi.

1033 556 1246 591 Summanus,
1271 555 1348 585 Div.
1367 555 1387 584 i.
1417 559 1466 586 10.
1499 555 1603 593 Deus,
1622 556 1717 598 cujus

985 600 1200 629 simulacrum
1218 600 1253 628 in
1264 598 1408 637 jus-ligio
1432 599 1525 630 Jovis
1546 600 1718 639 Capitolini

982 644 1123 682 positum
1141 647 1223 672 erat.
1242 642 1281 671 de
1299 642 1381 672 coelo
1395 645 1493 672 ictus.
1517 643 1627 683 Caput
1644 644 1714 683 ejus

987 697 1026 715 ex
1046 696 1202 726 responso
1230 685 1444 725 haruspicum
1473 686 1507 715 in
1531 686 1644 716 Tiberi
1669 688 1720 716 in-
1740 698 1743 700 ·

989 734 1141 760 ventum.
1175 730 1213 759 de
1240 729 1424 759 Summano
1447 739 1478 760 v.
1511 729 1602 760 Ovid.
1630 730 1720 761 Fast.

988 774 1030 803 vi.
1047 777 1119 807 731.
1137 775 1191 812 qui
1217 778 1317 811 negat
1332 784 1365 802 se
1379 775 1470 809 satis,
1486 775 1541 813 qui
1555 775 1610 811 sit,
1627 775 1720 804 scire.

994 817 1109 847 Glossoe
1134 817 1312 853 Sumanus,
1329 814 1412 851 δέδηε.
1428 816 1614 858 Προμηθεύς.
1646 817 1721 848 Pli-

987 862 1078 899 nius*
1096 861 1142 891 H.
1173 861 1220 890 N.
1246 861 1279 890 ii.
1304 863 1355 891 52.
1379 862 1408 890 ei
1437 862 1535 891 tribui
1566 861 1643 891 dicit
1667 871 1723 891 no-

988 909 1107 934 cturna
1132 902 1310 943 fulmina:
1340 913 1434 944 quem
1469 907 1617 944 seqnitur
1650 905 1721 935 Au-

986 950 1111 986 gustin.
1135 948 1177 977 ἰν.
1215 950 1268 978 23.
1304 946 1336 976 C.
1368 948 1416 979 D.
1453 952 1484 977 et
1510 949 1591 978 alii.-
1627 959 1723 988 coque

983 993 1127 1032 pertinet
1164 992 1327 1031 inscriptio
1360 991 1450 1031 apud
1484 992 1664 1022 Gruterum
1687 1002 1723 1032 p.

991 1035 1076 1065 cxxi.
1094 1045 1126 1065 n.
1147 1038 1173 1064 1.
1191 1035 1294 1074 Lapis
1309 1037 1478 1075 antiquus,
1496 1036 1530 1065 in
1545 1046 1605 1075 quo
1626 1035 1725 1075 ‹Jupi-

992 1083 1045 1109 ter
1078 1079 1279 1108 Summanus
1313 1080 1495 1115 eafftihetur,
1530 1081 1739 1109 illustratur*

991 1125 1027 1153 in
1045 1123 1122 1152 libro
1140 1122 1346 1152 Benedictini
1361 1123 1515 1153 Monuelii
1531 1135 1540 1151 .·
1565 1123 1725 1162 Eaplica-

991 1168 1058 1197 tion
1075 1166 1114 1196 de
1140 1166 1246 1195 divers
1270 1175 1458 1196 ‘monumens
1483 1167 1671 1206 singuliew,
1687 1177 1725 1207 p.

995 1214 1069 1241 334.

1036 1254 1140 1288 Sura,
1159 1252 1200 1282 ad
1217 1253 1292 1283 Div.
1310 1263 1339 1283 v.
1359 1256 1408 1282 11.
1426 1262 1550 1283 nomen
1567 1252 1690 1284 liberti.

1038 1297 1165 1336 Syllus,
1190 1296 1271 1326 Nat.
1298 1297 1341 1327 D.
1366 1296 1386 1326 i.
1404 1300 1458 1327 34.
1491 1296 1725 1336 Pythagoreus

993 1342 1049 1370 hoo
1076 1339 1304 1379 nominefuit.
1331 1340 1396 1370 Sed
1417 1342 1444 1370 is
1468 1342 1567 1380 husus
1583 1343 1639 1371 loci
1663 1351 1727 1372 non

993 1388 1050 1414 est.
1096 1383 1160 1413 Est
1190 1385 1272 1413 enim
1307 1384 1346 1413 de
1380 1384 1582 1415 Academicis
1611 1394 1726 1416 sermo.

994 1428 1060 1458 Sed
1073 1427 1111 1456 de
1127 1426 1216 1465 Syllo
1238 1428 1428 1457 Academico
1444 1429 1492 1457 nil
1509 1430 1643 1468 reperio.
1681 1431 1725 1460 In

993 1470 1099 1501 MSS.
1116 1475 1160 1500 est
1177 1471 1287 1500 Sillus.
1305 1481 1334 1499 v.
1350 1471 1515 1501 Buhcrius
1532 1472 1573 1501 ad
1590 1472 1622 1502 h.
1639 1472 1661 1501 l.

1040 1514 1232 1552 Synephebi,
1268 1519 1337 1555 opt.
1361 1524 1392 1554 g.
1423 1514 1454 1545 d.
1481 1516 1512 1546 6.
1554 1515 1751 1546 Comoedia-

996 1557 1186 1588 Menandri.

1039 1600 1188 1640 Syplios,
1205 1601 1275 1631 lnv.
1294 1602 1327 1632 ii.
1342 1604 1394 1633 34.
1410 1612 1471 1632 rex
1481 1602 1727 1642 Numidarum,

989 1646 1098 1684 primo
1114 1645 1350 1682 Romanorum,
1374 1646 1488 1676 deinde
1513 1646 1728 1685 Carthagini-

994 1690 1118 1718 ensium
1130 1690 1241 1719 socius.
1261 1688 1372 1718 Vectem
1386 1691 1420 1719 in
1435 1691 1601 1730 triumpho
1611 1691 1730 1722 (luctu-5

995 1736 1051 1762 est.
1069 1732 1144 1762 Lz'v.
1161 1743 1236 1762 xxx.
1253 1737 1340 1763 eartr.

1041 1775 1136 1815 Syro,
1155 1776 1226 1806 Fin.
1244 1776 1278 1806 ii.
1291 1780 1343 1807 35.
1368 1776 1409 1806 ad
1424 1777 1501 1807 Div.
1517 1778 1559 1807 vi.
1582 1781 1630 1808 11.
1649 1777 1728 1818 Epi-

998 1829 1130 1856 eureus,
1149 1821 1276 1850 amicus
1294 1820 1475 1850 Ciceronis.

1043 1863 1162 1903 Syrus,
1181 1864 1253 1894 Att.
1270 1864 1327 1894 xii.
1343 1866 1395 1896 92.
1411 1864 1517 1896 Attici
1533 1874 1660 1896 servus.

1340 1995 1381 2026 T.

1045 2080 1088 2111 P.
1104 2081 1239 2119 Tadius,
1257 2082 1351 2112 Verr.
1365 2082 1386 2112 i.
1403 2085 1455 2118 39.
1471 2082 1615 2113 Videtur
1628 2092 1731 2122 nego-

997 2125 1103 2154 tiatus
1117 2135 1187 2155 esse
1212 2125 1366 2163 Athenis,
1383 2132 1459 2166 post
1470 2126 1581 2157 Verris
1598 2126 1730 2166 legatus

1000 2169 1035 2198 in
1048 2168 1171 2199 Sicilia.
1196 2168 1290 2199 Verr.
1308 2179 1335 2198 v.
1353 2173 1405 2201 25.

1042 2212 1086 2252 Q.
1112 2212 1244 2249 Tadius,
1269 2213 1362 2242 Verr.
1387 2214 1407 2243 i.
1431 2216 1484 2248 49.
1520 2213 1730 2253 propinquus

999 2255 1122 2285 Verris.
1166 2255 1277 2286 Testis
1315 2262 1433 2287 contra
1469 2256 1620 2287 Verrem.
1666 2257 1733 2288 Hic

996 2298 1135 2335 fortasse
1158 2305 1203 2330 est
1229 2299 1367 2338 Tadius,
1395 2298 1489 2341 cujus
1517 2301 1636 2331 mentio
1659 2301 1733 2332 Att.

1002 2343 1024 2373 i.
1042 2346 1072 2373 5.

1047 2386 1165 2425 Tages,
1183 2387 1259 2417 Div.
1276 2387 1309 2417 ii.
1327 2389 1380 2418 23.
1410 2391 1528 2417 auctor
1547 2387 1732 2427 disciplinae

1001 2429 1166 2467 Etruscae‚
1183 2431 1239 2469 qui
1256 2437 1394 2470 repente
1411 2436 1513 2468 terra,
1531 2441 1607 2461 curn
1625 2441 1735 2461 arare·

999 2477 1069 2510 tur,
1087 2473 1210 2510 editus,
1228 2475 1408 2513 agricolam
1426 2479 1533 2504 totam
1558 2475 1650 2505 illam
1668 2475 1736 2505 dis-

1001 2517 1160 2556 ciplinam
1185 2518 1311 2548 docuit.
1357 2518 1411 2549 De
1434 2529 1467 2548 eo
1489 2519 1552 2548 vid.
1569 2519 1735 2550 Demster.

1001 2560 1126 2591 Etrur.
1151 2560 1272 2600 Reg'al.
1295 2562 1341 2591 iii.
1370 2565 1396 2591 1.
1428 2563 1482 2592 ubi
1498 2564 1594 2592 etiam
1613 2563 1651 2592 de
1667 2560 1737 2603 ejus

1003 2605 1103 2641 histrix,
1121 2606 1175 2643 qui
1198 2606 1400 2635 Acherontici
1419 2606 1516 2636 dicti.-
1540 2611 1571 2636 εἰ
1591 2606 1737 2637 Bonaro-

1001 2653 1071 2678 tam
1089 2650 1122 2677 in
1138 2649 1285 2678 Addend.
1306 2651 1335 2686 ξ.
1355 2652 1405 2683 17.

1050 2691 1168 2727 Ταίηα,
1193 2692 1265 2722 Att.
1290 2693 1309 2722 i.
1339 2693 1387 2722 16.
1420 2692 1525 2732 judex
1549 2693 1582 2722 in
1606 2692 1738 2731 judicio

1003 2734 1164 2765 Clodiano
1180 2735 1220 2765 de
1238 2735 1411 2774 religione,
1429 2737 1485 2776 qui
1509 2736 1664 2766 Clodium
1682 2738 1739 2767 ab-

1000 2778 1154 2809 solverat.
1192 2779 1227 2807 V
1224 2780 1332 2809 idctur
1346 2790 1410 2810 esse
1425 2790 1539 2811 nomen
1543 2781 1683 2820 fictum,
1700 2785 1739 2811 ut

1000 2827 1118 2859 cetera,
1137 2833 1208 2862 qua>
1223 2824 1265 2853 ibi
1279 2828 1366 2853 sunt.
1756 2849 1759 2852 .

1047 2866 1168 2903 Talna,
1184 2877 1201 2896 e
1219 2866 1395 2898 Juzvenciis.
1427 2864 1500 2896 Att.
1514 2866 1585 2897 xiii.
1602 2869 1655 2901 ⁶29.
1682 2867 1739 2905 ju-

1001 2910 1094 2940 venis
1117 2909 1321 2953 philologuS,
1341 2921 1361 2941 a
1383 2910 1483 2941 Nicia
1504 2908 1739 2941 Grammatico
