1985 3206
251 115 332 153 180
766 121 912 151 mnEx
942 121 1237 152 ιΑτιΝιτΑτιε.

256 213 400 255 pecunia
429 212 656 252 consequitur,
679 214 720 242 ut
742 212 772 241 ei
788 211 912 242 solvere
935 222 978 242 ne

257 264 407 296 cogatur.
440 257 550 286 Pison.
574 259 626 287 35.
658 255 734 285 hinc
763 255 899 294 Quinct.
925 259 977 286 30.

255 301 433 340 cupiditati
462 301 609 330 addicere
635 298 792 337 aliquem,
822 304 873 328 est
902 309 979 329 con-

255 344 427 380 demnarv,
444 353 502 382 pro
519 342 665 372 lubidine
682 342 909 386 petitoris‘ant
924 352 978 372 ac-

253 388 427 417 cusatoris.
455 387 531 415 Scn.
551 396 581 426 p.
598 385 678 415 Red.
697 389 726 418 7.
752 385 899 415 addicere
914 386 979 415 for-

252 434 353 460 tunas
377 430 456 460 civis
479 430 605 468 optime
629 428 753 463 meriti,
777 438 821 458 sc.
847 428 975 459 libidini

255 473 376 511 Clodii,
393 473 549 513 potestati
574 473 644 511 ejus
661 473 867 510 permittere,
885 477 923 501 ut
939 482 978 501 ea

252 521 333 547 sunt
358 517 391 546 in
416 520 581 556 potestate
606 523 731 552 nostra,
746 525 818 554 quae
843 525 861 544 a
885 515 977 544 nobis

253 567 347 590 emta
369 567 460 595 sunt,
485 564 543 588 aut
566 559 691 597 potius,
714 565 753 588 nt
775 563 826 588 est
849 558 978 588 debitor

246 603 375 643 judicio
399 603 491 632 nobis
515 602 678 631 addictus.
705 601 745 631 de
769 611 833 640 qno
857 611 977 640 genere

252 646 464 676 addictorum
489 655 519 675 v.
543 644 681 675 Salinas.
705 645 793 675 mod.
824 645 923 675 Usur.
948 655 976 675 c.

254 693 303 720 18.

296 733 466 764 Adflictas.
496 732 593 762 Rosc.
625 731 718 762 Com.
753 734 802 761 14.
830 731 977 761 addictus

251 781 325 809 erat
354 776 416 806 tibi
445 775 478 805 h.
511 786 540 804 e.
571 774 824 812 condemnatus,
849 780 885 803 ut
915 775 976 804 tibi

251 820 391 851 solveret
402 819 577 859 pecuniam
589 828 686 857 quam
701 819 855 858 petieras.
871 817 976 848 Flacc.

251 866 305 897 20.
340 873 416 893 cnm
444 862 635 901 ,judicatum
660 871 727 891 non
758 861 895 898 faceret,
917 861 976 891 ad-

251 908 358 938 diceus
381 906 565 945 Hermippo
589 910 621 934 et
639 905 678 934 ab
695 905 757 934 hoc
780 905 898 934 ductus
915 909 976 935 est.

252 951 295 981 ad
318 951 393 981 Div.
418 950 471 978 vii.
494 951 546 979 ⁶24.
571 949 720 977 addictus
742 948 974 987 Hipponacteo

252 994 432 1034 praeconio‚
450 993 481 1022 h.
499 1003 527 1021 e.
545 992 691 1021 infamiae
707 991 857 1021 addictus
872 991 975 1020 tradi-

250 1043 373 1076 tusque
388 1042 450 1073 est,
465 1035 565 1065 Calvo
582 1036 673 1073 quasi
689 1044 853 1074 praecone,
870 1044 974 1073 eoque

249 1080 427 1119 ejusmodi,
441 1079 544 1118 qualis
558 1078 734 1118 Hipponax
750 1077 827 1115 fuit,
840 1079 894 1116 qni
907 1078 975 1107 An-

250 1125 422 1154 thermum
447 1128 480 1152 et
497 1122 661 1162 Bupalum
679 1122 823 1151 versibus
840 1122 906 1151 suis
924 1122 974 1151 in-

251 1167 363 1198 famiae
385 1166 535 1196 tradidit.
560 1166 652 1195 Verr.
670 1165 703 1195 ii.
716 1167 768 1195 3⁶2.
794 1165 901 1203 pretio
917 1165 975 1194 (td-

250 1211 371 1242 dietam
396 1210 516 1239 habere
544 1209 657 1246 fidem,
681 1209 702 1238 i.
727 1219 755 1237 e.
779 1213 972 1248 corruptum

250 1263 334 1285 esse.
360 1253 442 1283 Phil.
460 1253 492 1282 ii.
508 1255 559 1284 21.
583 1252 718 1282 vendita
730 1259 828 1290 atque
843 1252 974 1282 addicta

249 1298 432 1329 sententia.

293 1341 452 1371 Addictio.
482 1339 556 1370 Act.
573 1340 594 1369 i.
612 1339 646 1369 in
667 1337 759 1368 verr.
775 1340 806 1367 4.
837 1338 974 1369 addictio

248 1383 410 1415 bonorum
425 1395 433 1421 3
455 1394 530 1413 cum
541 1383 641 1422 judex
655 1382 789 1421 petitori
801 1382 870 1420 ejus
886 1383 974 1413 bona

250 1427 448 1469 possidenda
467 1427 584 1465 tradit,
600 1426 688 1457 unde
704 1426 842 1465 petitur.

293 1472 473 1502 Addacere.
502 1472 548 1500 rei
569 1470 727 1500 dicuntur
743 1468 860 1498 adduci
876 1478 920 1498 sc.
937 1469 972 1499 in

242 1514 422 1554 judicium.
446 1525 475 1544 ν.
499 1514 572 1544 Act.
590 1514 610 1544 i.
626 1515 661 1543 in
680 1513 772 1542 Verr.
788 1514 819 1543 Ω.
849 1512 971 1542 *Verr.

249 1558 296 1588 iii.
314 1558 366 1588 61.
396 1558 514 1588 adduci
538 1559 572 1587 in
588 1565 773 1587 sermonem
794 1560 828 1585 et
843 1556 972 1595 vitupe-

249 1602 426 1631 rationem.
456 1601 529 1631 *de
562 1611 640 1630 arcu
672 1609 747 1629 cum
772 1599 972 1636 intenditur,

248 1644 362 1676 Divin.
382 1645 401 1674 i.
420 1647 471 1675 54.
495 1645 576 1674 item
600 1643 714 1673 eodem
736 1642 833 1672 modo
850 1642 888 1672 de
905 1647 974 1673 tor-

250 1689 372 1720 mentis
389 1695 422 1717 et
437 1688 588 1717 ballistis.
604 1687 702 1717 Tusc.
719 1687 752 1716 ii.
769 1688 821 1717 24.

293 1732 525 1769 Adduhitalus.
556 1732 620 1761 Off.
650 1732 672 1760 i.
703 1732 756 1760 ⁶24.
786 1739 836 1759 res
867 1729 973 1760 addu-

248 1775 351 1805 bitata
362 1787 371 1803 .-
396 1785 453 1815 pro
468 1776 597 1805 incerta
613 1774 738 1812 habita,
752 1777 785 1803 et
798 1779 974 1814 propterea

248 1827 381 1851 omissa.

291 1862 388 1892 Adeo.
420 1862 496 1892 Sen.
512 1872 544 1901 p.
560 1860 642 1891 Red.
659 1865 690 1895 9.
717 1860 818 1899 injus
836 1860 938 1890 adire.

290 1906 387 1935 Adeo.
419 1905 490 1934 adV.
513 1914 573 1944 pro
596 1904 734 1934 scilicet.
751 1903 792 1933 ad
808 1904 883 1933 Div.
904 1903 972 1934 viii.

252 1950 303 1979 15.
329 1950 418 1985 adeo,
434 1948 521 1986 qnod
536 1947 701 1978 Intemelii
715 1948 748 1976 in
766 1948 865 1977 armis
881 1952 972 1977 sunt.

291 1992 407 2031 Arleps.
438 1992 540 2021 Cassii
572 1992 671 2031 adeps
700 1991 774 2021 Cat.
799 1991 846 2020 iii.
871 1994 902 2024 7.
933 1991 972 2020 de

247 2034 384 2065 homine
402 2034 494 2065 molli
510 2040 543 2064 ct
559 2036 688 2074 ignavo.

291 2079 426 2109 Adesus.
464 2078 582 2117 Quint.
612 2080 660 2108 22.
691 2077 788 2107 adesa
817 2078 971 2117 pecunia,

247 2127 441 2153 consumta:
467 2123 648 2161 opponitur
664 2121 858 2150 abundanti.

291 2166 455 2195 Adhoereo.
496 2165 537 2194 ad
562 2166 638 2196 Div.
664 2165 731 2193 viii.
761 2167 790 2194 5.
822 2165 855 2194 in
882 2163 973 2194 incili

247 2209 363 2240 omnia
378 2209 594 2238 adhcesernnt.
609 2207 672 2238 vid.
690 2207 805 2237 Incile.
831 2208 849 2226 ’κ
861 2208 974 2238 Vatin.

248 2254 279 2285 5.
303 2256 472 2281 extremus
485 2253 638 2282 aslltoesit:
655 2251 708 2281 vix
724 2251 863 2281 ultimus
883 2261 973 2290 quae-

245 2300 318 2325 stor
332 2295 440 2325 factus
458 2299 518 2324 est.

291 2339 525 2369 Aclltcerescere.
557 2339 613 2368 Or.
637 2339 658 2368 i.
675 2339 727 2369 ⁶25.
757 2338 973 2367 adhoereseere

240 2381 396 2422 justitiae.
428 2382 447 2400 ᾗ
463 2382 684 2411 adhaerescere
709 2381 880 2417 dicuntur,
898 2390 971 2419 quae

248 2426 315 2455 vim
350 2435 424 2454 eam
461 2425 598 2461 habent,
628 2435 727 2463 quam
758 2424 970 2454 volebamus:

247 2473 397 2498 sumtum
413 2478 516 2508 genus
529 2478 547 2497 a
562 2468 686 2498 facibus
697 2469 797 2507 jactis
811 2468 845 2497 in
862 2468 972 2505 urbes,

248 2512 474 2548 munimenta,
499 2513 592 2547 item,
617 2521 636 2541 a
658 2512 744 2541 telis.
769 2512 825 2541 Or.
860 2511 893 2540 ii.
919 2514 970 2542 53.

246 2556 434 2586 uellem-escit
457 2560 706 2594 argumentum.
732 2554 773 2584 cf.
797 2555 897 2585 Dom.
922 2557 973 2585 ⁶2⁴.

249 2601 280 2629 5.
317 2598 454 2628 *oratio
484 2599 607 2628 dicitur
640 2598 875 2635 adhaerescere,
908 2598 971 2638 (uti

248 2651 346 2680 aqua,
365 2652 441 2671 cnm
466 2642 500 2671 in
530 2642 668 2671 flumine
699 2641 740 2671 ad
769 2651 885 2671 saxum
913 2646 973 2671 aut

246 2685 347 2715 aliam
369 2685 526 2724 injectam
551 2695 619 2715 rem
644 2684 810 2721 offendit)
830 2694 906 2714 cum
924 2694 974 2714 as-

246 2738 328 2768 pera
358 2735 421 2764 est,
451 2728 575 2765 hiulca,
605 2737 672 2758 non
702 2727 825 2758 leniter
854 2728 972 2758 fluens.

244 2772 340 2802 Brut.
354 2775 405 2806 79.
419 2775 470 2806 93.
496 2776 509 2788 ¹‘
523 2778 633 2801 orator
644 2776 759 2801 autem
771 2772 971 2808 admi-escit,

245 2825 322 2845 cum
347 2814 463 2854 lingua
485 2824 552 2845 non
577 2820 627 2845 est
650 2815 729 2844 satis
746 2814 856 2844 soluta.
871 2820 905 2844 et
920 2815 971 2843 in-

246 2859 360 2888 citata.
384 2859 544 2892 Brut.9:3.
567 2858 633 2888 ⁵‘'‘in
649 2858 811 2888 memoria
822 2867 968 2890 manere.

242 2902 302 2933 Or.
326 2903 347 2933 i.
372 2903 424 2933 61.
457 2902 599 2933 fastidiis
628 2902 864 2933 adlaaerescunt.
897 2901 968 2932 *de

1022 213 1073 249 iis,
1086 213 1142 251 qui
1155 212 1196 243 ad
1208 211 1352 250 aliquem
1369 209 1538 242 doctorem
1554 221 1589 243 se
1605 212 1653 244 ita
1664 221 1743 244 con-

1021 256 1146 293 ferunt,
1164 261 1203 285 ut
1226 256 1260 285 in
1283 255 1437 285 omnibus
1454 261 1636 295 sequantur
1651 267 1742 288 eum.

1021 299 1121 330 Acad.
1141 302 1181 328 iv.
1194 302 1225 329 3.
1248 298 1267 317 ²*
1279 299 1466 337 convenire,
1479 305 1743 331 consentaneum

1020 352 1102 372 esse.
1134 344 1190 372 Or.
1215 341 1260 371 iii.
1280 345 1329 372 10.
1353 351 1420 372 non
1443 342 1484 372 ad
1507 343 1540 373 id
1563 353 1666 382 genus
1682 344 1742 374 ad·

1021 387 1175 415 haerescit.
1213 385 1232 403 ⁵*
1254 385 1343 414 Sext.
1385 388 1415 416 8.
1457 386 1670 418 adnaerescere
1698 386 1742 416 ad

1022 428 1232 459 Columnam.
1251 439 1281 458 v.
1299 427 1473 459 Columna.

1063 473 1281 503 Adlm‘st'tatz'o.
1307 472 1376 502 Fin.
1392 473 1414 503 i.
1430 473 1461 503 6.
1485 473 1747 504 αᾶῙιωεὶῐαῐίοηει

1021 519 1222 545 atomorum.

1064 559 1213 588 Adhibeo.
1237 557 1396 598 elliptice,
1408 562 1447 588 ut
1463 558 1569 589 intell.
1586 559 1620 588 in
1635 559 1742 589 consi-

1019 601 1115 638 lium,
1130 601 1212 631 Phil.
1229 612 1258 631 v.
1275 606 1305 636 9.
1330 601 1370 631 ad
1384 602 1459 632 Div.
1477 603 1519 632 xi.
1535 606 1567 636 7.
1590 603 1609 621 *ἓ
1622 602 1662 631 ad
1674 603 1740 642 Qu.

1021 645 1071 675 Fr.
1096 645 1117 674 i.
1140 648 1164 675 1.
1189 649 1220 678 7.
1243 645 1289 675 sic
1305 654 1338 674 se
1355 646 1505 675 adhibere
1521 646 1555 675 in
1569 650 1667 676 tanta
1683 656 1742 685 po-

1019 692 1155 725 testate,
1172 689 1192 718 i.
1209 699 1238 719 e.
1262 697 1385 728 gerere.
1416 689 1434 707 *Ψ
1447 688 1580 719 Cluent.
1598 691 1649 719 5⁶2.
1681 689 1741 719 ad-

1020 733 1121 761 hiberi
1133 731 1174 761 ad
1196 731 1284 771 leges
1308 732 1466 762 dicuntur
1481 733 1612 772 patroni
1627 741 1745 762 causa-

1018 785 1105 811 rum,
1120 785 1139 804 a
1154 776 1271 814 quibus
1288 775 1489 814 postulatur,
1504 780 1543 805 ut
1557 785 1598 805 ex
1614 775 1741 815 legibus

1019 828 1152 848 causam
1166 818 1356 848 defendant.
1379 818 1397 836 ²*
1409 818 1507 848 Arch.
1520 821 1551 849 3.
1576 819 1632 857 qui
1646 828 1740 849 aures

1018 862 1169 892 adhibere
1192 866 1314 901 posset,
1332 861 1364 891 h.
1381 871 1410 891 e..
1434 861 1547 890 audire
1570 871 1681 891 versus
1705 866 1742 892 et

1019 905 1060 934 dc
1091 905 1130 934 iis
1154 905 1316 943 judicare.
1354 904 1372 921 ²*
1396 904 1475 934 Nat.
1490 905 1533 935 D.
1560 905 1581 934 i.
1605 907 1636 935 2.
1665 905 1741 935 Diis

1020 948 1163 984 cultum,
1180 958 1293 988 preces
1317 947 1476 978 adhibere.
1507 947 1548 977 ad
1570 948 1646 978 Div.
1670 948 1741 979 xiii.

1019 992 1050 1022 6.
1080 992 1239 1029 officium,
1256 990 1343 1030 quod
1358 992 1485 1021 adhibet
1500 1000 1579 1030 erga
1595 990 1678 1021 illos.

1062 1035 1233 1065 Adliimzc'fi.
1261 1035 1324 1064 Pis.
1353 1037 1405 1066 28.
1434 1035 1508 1064 Piso
1537 1034 1661 1065 dicitur
1681 1034 1741 1065 ad-

1020 1079 1171 1109 hinniisse
1199 1078 1240 1109 ad
1269 1079 1455 1108 orationem
1486 1078 1653 1117 Epicurei,
1682 1078 1742 1117 qui

1017 1121 1224 1161 voluptatem
1241 1131 1411 1151 summum
1424 1122 1585 1151 bonorum
1601 1121 1741 1153 dixerat.

1061 1166 1176 1204 Adigo.
1197 1164 1227 1195 T
1228 1176 1281 1205 op.
1306 1169 1353 1195 10.
1376 1165 1508 1204 adigere
1523 1165 1683 1194 arbitrum
1701 1165 1742 1194 fi-

1019 1209 1115 1239 nibus
1139 1219 1208 1248 reg.
1238 1219 1267 1239 ν.
1285 1208 1427 1238 Arbiter.
1449 1209 1467 1226 ’κ
1484 1207 1664 1248 postulare,
1686 1219 1741 1239 co*

1017 1261 1106 1292 gere.
1130 1252 1201 1282 Att.
1218 1263 1249 1282 x.
1265 1256 1296 1285 9.
1318 1253 1425 1290 adigit
1439 1252 1487 1282 ita
1501 1252 1682 1282 Postumia.

1063 1294 1197 1337 Adjicit).
1219 1296 1312 1325 Verr.
1327 1296 1360 1325 ii.
1379 1299 1426 1326 15.
1449 1293 1591 1335 adjicere
1604 1295 1739 1326 oculum

1018 1338 1117 1369 alicui
1141 1339 1205 1369 rei:
1231 1339 1390 1379 cupidum
1407 1338 1476 1376 ejus
1494 1339 1576 1369 fieri.
1598 1338 1677 1369 Nat.
1694 1339 1739 1370 D.

1018 1382 1052 1412 ii.
1070 1386 1121 1416 57.
1150 1379 1284 1423 ‹affecta›
1299 1392 1393 1412 voces
1413 1383 1547 1412 auribus
1562 1394 1568 1411 :
1593 1382 1738 1421 auditae3

1018 1435 1091 1464 quae
1107 1426 1303 1456 acciderunt
1319 1425 1360 1456 ad
1375 1435 1481 1456 aureS.

1058 1469 1227 1509 Adipatus.
1252 1469 1291 1499 de
1308 1469 1467 1506 dictione,
1482 1468 1662 1509 opponitur
1676 1467 1744 1499 ele·

1013 1513 1106 1552 ganti
1124 1521 1158 1543 et
1173 1512 1297 1553 politae.
1320 1514 1413 1543 Orat.
1432 1516 1461 1543 8.

1057 1557 1184 1587 Aditus.
1215 1556 1332 1586 Manil.
1363 1559 1386 1586 1.
1418 1556 1528 1586 aditus
1549 1555 1668 1592 laudis,
1691 1555 1743 1585 di-

1017 1606 1141 1630 cuntur
1163 1605 1282 1637 rostra,
1307 1610 1347 1629 ex
1374 1600 1492 1638 quibus
1514 1599 1554 1629 ad
1578 1598 1742 1639 populum

1017 1644 1147 1682 agitur3
1187 1644 1265 1682 quia
1293 1643 1337 1673 ibi
1375 1643 1508 1673 laudem
1544 1641 1741 1682 popularem

1018 1687 1174 1726 consequi
1192 1687 1280 1717 licet.
1310 1687 1408 1717 Dom.
1430 1690 1456 1716 l.
1480 1686 1607 1717 aditum
1627 1685 1668 1715 ad
1683 1695 1744 1716 au-

1017 1739 1068 1760 res
1083 1730 1214 1760 habere.
1246 1730 1303 1760 Or.
1327 1733 1375 1761 15.
1399 1730 1508 1760 adiens
1532 1728 1573 1759 ad
1594 1738 1742 1760 causam.

1018 1773 1059 1803 ef.
1087 1773 1167 1804 Sull.
1195 1776 1226 1805 52.
1261 1777 1313 1804 est
1342 1774 1376 1803 in
1403 1773 1566 1809 oratione,
1593 1782 1669 1802 cum
1700 1772 1742 1803 de

1016 1817 1089 1856 ipsa
1111 1827 1210 1847 causa
1232 1816 1340 1847 dicere
1359 1817 1547 1856 incipimus.
1570 1816 1670 1846 Dom.
1687 1819 1744 1850 47.

1019 1860 1096 1891 dare
1120 1860 1273 1900 religioni
1289 1861 1430 1897 aditum,
1445 1861 1467 1890 i.
1484 1870 1513 1890 e.
1536 1860 1744 1899 superstitio-

1019 1906 1069 1934 nis
1094 1913 1198 1943 genus
1215 1903 1384 1944 probando
1399 1903 1519 1941 faeere,
1536 1908 1575 1933 ut
1590 1903 1742 1942 usurpari

1018 1948 1058 1977 ab
1082 1947 1154 1977 aliis
1177 1948 1281 1988 possit
1303 1952 1338 1977 et
1360 1947 1395 1977 in
1414 1956 1511 1977 usum
1527 1946 1743 1976 consuetudi-

1020 2000 1163 2030 nemque
1189 1991 1312 2021 venire.
1343 1990 1414 2020 Att.
1441 1992 1483 2020 vi.
1507 1991 1538 2021 2.
1569 1990 1676 2020 aditus
1699 1988 1742 2020 ad

1022 2044 1075 2064 me
1101 2034 1239 2064 minime
1265 2033 1503 2074 provinciales;
1535 2042 1601 2062 non
1628 2032 1742 2071 quales

1018 2087 1088 2107 esse
1105 2078 1138 2107 in
1153 2077 1328 2118 provinciis
1344 2077 1432 2116 apud
1447 2081 1604 2117 praetores
1619 2076 1743 2119 solent4

1020 2131 1140 2161 nempe
1157 2131 1215 2161 per
1231 2120 1483 2150 cubicularium.

1063 2163 1263 2206 AcQudicmc
1278 2174 1409 2194 causam
1428 2163 1538 2193 alicui.
1555 2163 1612 2193 Or.
1629 2163 1663 2193 ii.
1679 2164 1734 2197 99.

1062 2206 1263 2250 Azljzmgere.
1288 2207 1510 2238 Dialecticum
1526 2207 1664 2236 verbum
1680 2210 1746 2237 est.

1018 2251 1118 2282 Tusc.
1140 2262 1170 2282 v.
1188 2253 1238 2282 25.
1263 2251 1435 2289 sequentia
1459 2248 1650 2292 adjungere.
1674 2249 1696 2279 i.
1713 2258 1745 2281 e.

1023 2295 1102 2333 qnid
1113 2305 1151 2324 ex
1168 2304 1297 2333 qnoque
1310 2299 1543 2333 consequatur,
1557 2293 1679 2331 videre,
1691 2291 1749 2323 vel

1022 2338 1150 2368 docere.
1166 2339 1247 2368 item
1265 2338 1495 2367 definitionem
1511 2334 1692 2377 adjungere
1703 2335 1747 2366 ad

1019 2382 1166 2412 factum:
1199 2381 1309 2421 vulgo,
1333 2380 1507 2421 applicare.
1537 2380 1607 2409 Inv.
1632 2380 1666 2409 ii.
1694 2383 1749 2413 Π.

1019 2425 1037 2443 ³¹²
1051 2425 1152 2455 Acad.
1169 2426 1191 2455 i.
1211 2429 1259 2455 ll.
1289 2423 1488 2465 mifjungebat
1504 2433 1571 2454 non
1588 2423 1742 2453 omnibus

1020 2469 1096 2498 visis
1115 2469 1226 2499 sidem.
1249 2468 1268 2486 ²*
1280 2468 1374 2498 Rosc.
1389 2468 1426 2497 A.
1443 2471 1496 2499 31.
1520 2467 1744 2507 suspicionem

1020 2512 1060 2542 ad
1084 2512 1228 2552 praedam
1250 2509 1448 2552 adjungere.-
1473 2511 1512 2541 de
1531 2511 1568 2540 iis
1585 2510 1745 2550 suspicari

1020 2556 1075 2594 qui
1090 2556 1236 2595 praedam
1249 2555 1385 2585 habent.
1405 2555 1424 2573 ἢ*
1435 2556 1469 2585 in
1483 2554 1593 2584 Caecil.
1605 2557 1636 2584 4.
1654 2553 1746 2583 Mar-

1021 2598 1179 2629 cellorum
1197 2599 1324 2628 nomini
1347 2603 1420 2628 tota
1439 2598 1609 2638 provincia
1624 2594 1746 2638 adjun-

1018 2647 1071 2672 cta
1094 2647 1161 2672 est:
1188 2643 1222 2672 in
1238 2651 1352 2672 eorum
1369 2641 1553 2682 patrocinio
1569 2646 1631 2671 est.

1062 2684 1248 2726 Adjmzctio.
1264 2685 1424 2722 conditio,
1437 2684 1599 2724 excepti0.
1624 2683 1695 2714 Inv.
1710 2683 1744 2714 ii.

1020 2731 1071 2763 57.
1096 2729 1255 2768 quasdam
1278 2738 1348 2759 esse
1369 2738 1446 2761 cum
1464 2726 1670 2769 adjunctione
1686 2736 1746 2756 ne-

1019 2772 1250 2809 cessstudines,
1266 2771 1425 2811 quasdam
1449 2771 1616 2811 simplices
1636 2774 1671 2800 et
1688 2770 1745 2799 ab·

1017 2815 1153 2845 solutas.
1167 2817 1225 2846 810.
1250 2816 1269 2834 *Ψ
1281 2816 1427 2845 oratoria
1438 2814 1590 2855 quaedam
1604 2822 1746 2845 exorna-

1016 2859 1076 2889 tio.
1092 2859 1216 2889 Hercu.
1235 2860 1276 2889 iv.
1294 2861 1347 2893 27.

1058 2900 1242 2944 Ach'unctor
1257 2902 1388 2943 Gallim,
1404 2902 1444 2934 ad
1461 2901 1533 2935 Att.
1550 2901 1618 2933 viii.
1634 2903 1666 2934 2.
