1920 3196
680 86 826 118 mnnx
856 85 1161 117 LATlmTAsss.

156 185 214 216 Sus
239 180 355 221 magni
381 180 510 211 eicere:
536 189 614 210 cum
639 189 751 210 amare
778 183 897 209 contra

157 227 220 262 sit,
255 225 348 256 suavi
392 224 449 254 illo
478 234 576 254 sensu
612 224 735 254 moveri
760 222 894 258 amoris,

162 270 298 308 quinon
315 273 386 298 tam
409 278 450 298 ex
477 268 658 297 virtutibus
685 267 821 297 alterius
846 272 897 295 at-

158 322 226 351 quc
241 323 260 342 a
276 319 367 342 certo
383 312 512 349 judicio
535 311 770 351 proficiscitur,
794 319 895 349 qnam

159 366 183 386 a
198 366 317 394 scnsu3
341 355 431 385 unde
449 355 616 385 interdum
638 355 896 394 distinguuntur

160 400 299 439 diligere
328 404 362 429 et
393 408 519 436 amare,
544 409 572 428 v.
606 409 635 428 c.
668 398 711 428 ad
740 398 817 430 Div.
852 398 895 427 ix.

165 445 215 474 14.
239 443 318 473 ibid.
342 443 364 473 i.
387 448 418 477 9.
443 452 520 473 eum
555 446 718 483 perpetuo
748 441 894 481 quodam

154 486 286 526 ¹iudicio
302 487 475 526 diligebam
494 487 553 516 διο.

205 530 402 562 Diloricure.
427 532 485 560 ΟΡ.
502 531 536 560 ii.
548 532 600 561 98.
617 530 789 560 diloricare
799 527 892 558 tuni-

161 583 256 604 cam:
284 575 304 604 i.
320 585 348 603 e.
373 578 534 613 retegere.
559 584 636 603 nam
668 573 805 603 loricare
831 572 895 601 eti-

161 627 215 647 am
231 623 282 648 est
306 628 365 658 pro
387 623 511 657 tegere.
535 617 588 647 Sic
608 618 753 658 parietes
776 616 894 646 dicun-

160 665 218 691 tur
233 661 362 692 loricnri
378 662 530 692 tectorio.

205 704 357 743 Diluere,
382 706 545 735 minuere.
568 704 669 734 Tnsc.
695 704 740 734 iii.
770 703 818 733 16.
843 703 893 732 di-

160 750 251 779 tuere
276 749 458 779 molestias,
481 749 500 767 ²*
517 748 680 785 refellere,
704 747 800 778 Rosc.
818 748 893 776 Am.

162 796 216 823 15.
243 803 292 822 res
315 792 402 823 leves
427 794 593 823 infirmem
613 802 650 820 ac
665 792 803 821 diluam.

205 837 402 869 Diminutim
426 837 519 867 Prov.
545 836 644 866 (fons.
671 838 720 866 15.
757 834 891 864 multari

160 880 395 920 imperatorem
441 881 654 911 dinzinulione
699 879 890 918 proxinciae,

161 925 443 955 ommnneliosnm
479 929 539 954 est.
574 923 645 953 Mil.
678 926 730 952 30.
766 923 793 952 si
826 932 891 961 qua

158 968 330 998 diminutio
353 969 471 1008 capitis
494 968 607 997 futura
640 972 711 997 est:
746 967 778 996 h.
810 976 838 996 e.
862 967 889 996 si

158 1011 338 1041 damnatus
354 1013 388 1042 in
405 1012 541 1042 exilium
558 1011 629 1041 ibit.

202 1054 409 1086 Diminutus.
431 1055 461 1085 T
463 1066 516 1095 op.
539 1055 570 1085 6.
593 1055 649 1093 qvi
680 1054 790 1094 capite
822 1063 889 1084 non

157 1103 240 1128 sunt
263 1099 434 1132 diminuti;
470 1108 673 1138 quamquam
708 1099 751 1128 ibi
786 1098 888 1127 etiam

162 1141 288 1181 leg-itur
311 1143 492 1180 deminuti,
508 1148 543 1172 et
566 1143 613 1172 sic
636 1146 687 1172 est
710 1142 744 1172 in
761 1146 888 1172 nostra.

156 1193 187 1215 v.
205 1185 326 1226 Caput.

201 1227 376 1260 Dimissus.
410 1229 512 1260 Acad.
535 1230 578 1260 iv.
601 1232 634 1260 4.
666 1229 888 1270 philosophia,

153 1282 230 1312 quae
255 1283 345 1304 nunc
366 1283 469 1313 prope
491 1274 624 1304 dimissa
639 1277 822 1304 revocatur.

199 1315 389 1348 Dimittere.
418 1317 548 1347 Verrin.
579 1328 610 1346 v.
644 1320 697 1348 58.
728 1318 890 1349 dimittere

152 1359 313 1399 injuriam
345 1362 558 1401 impunitam.
583 1361 626 1391 ad
656 1362 733 1392 Div.
757 1362 800 1392 ix.
838 1364 887 1393 152.

155 1403 278 1434 coelum
301 1412 336 1435 et
364 1409 490 1435 terram
522 1406 588 1435 vim
624 1415 733 1442 suam,
767 1406 794 1435 si
824 1406 888 1436 tibi

155 1449 347 1485 ronveniat,
380 1449 553 1480 dimittere.
585 1449 669 1479 Phil.
703 1450 770 1479 xiii.
798 1453 825 1480 l.
860 1451 888 1480 si

156 1491 285 1530 aliquid
301 1493 341 1522 de
356 1503 490 1522 summa
511 1493 674 1532 gravitate
698 1493 888 1533 Pompeius,

155 1535 301 1566 multum
318 1536 357 1566 de
374 1536 558 1576 cupiditate
577 1536 687 1567 Caesar
707 1538 886 1568 dimisisset.

152 1578 268 1609 Plane.
304 1583 357 1614 39.
395 1579 586 1610 libertatem
624 1590 734 1611 meam
777 1591 887 1620 neque

151 1622 260 1653 dimisi
293 1633 455 1663 unquam,
480 1632 588 1662 neque
615 1625 793 1655 dimittam.
827 1626 888 1655 At-

151 1666 210 1696 tie.
243 1667 307 1697 xvi.
345 1671 394 1698 13.
428 1666 578 1698 nondum
613 1668 723 1707 legere
756 1674 888 1708 potera-

151 1717 250 1740 mus:
290 1720 368 1741 nam
406 1716 442 1741 et
480 1711 610 1742 lumina
643 1713 886 1750 dimiseramus,

149 1760 216 1784 nec
239 1755 318 1784 satis
334 1754 479 1786 lucebat.

193 1797 432 1837 ffirmmerare,
451 1809 640 1830 numerare.
663 1800 757 1830 verr.
774 1811 804 1830 v.
829 1804 884 1832 45.

150 1850 186 1872 se
217 1843 396 1882 pecuniam
429 1842 634 1874 Timarchidi
680 1845 885 1876 dinumeras-

148 1894 193 1919 σε.
217 1888 236 1906 ²¹²
254 1885 464 1918 distribuere.
486 1888 557 1917 Att.
582 1888 645 1917 xvi.
669 1892 700 1922 9.
725 1888 884 1919 Octavius

151 1928 276 1969 Capuae
300 1931 469 1961 centurias
492 1932 681 1961 dinumerat
691 1945 703 1964 ,·
715 1933 884 1972 jamjam-

147 1982 214 2012 que
230 1973 324 2003 video
341 1974 478 2005 bellum.

192 2016 428 2048 Dinumeratio
450 2020 485 2049 in
508 2018 682 2050 rhetoricis
704 2018 784 2058 quid
808 2019 880 2050 sit?

147 2059 206 2095 Or.
223 2060 270 2090 iii.
287 2063 339 2092 54.

193 2103 354 2135 Dioeeesis.
387 2104 460 2135 Att.
483 2116 515 2137 v.
542 2109 591 2137 15.
614 2106 656 2137 ad
679 2107 756 2137 Div.
779 2107 826 2137 iii.
849 2110 882 2138 8.

147 2152 179 2178 V.
197 2146 270 2177 Ind.
286 2147 391 2179 Graec.
406 2146 549 2183 διοίκησις.

193 2190 363 2230 Dioecetes,
397 2192 613 2233 dispensator.
648 2195 797 2225 muneris
828 2205 884 2235 ge-

148 2241 212 2265 nus
242 2235 332 2276 apud
363 2246 456 2276 reges
486 2237 739 2269 Alexandrinos.
770 2239 882 2270 Rabir.

149 2276 240 2310 Post.
264 2282 295 2310 8.
329 2280 471 2311 dioecetes
493 2282 614 2321 regius.
647 2282 728 2322 Ejus
752 2284 882 2313 mentio

144 2322 248 2353 etiam
268 2332 320 2363 ap.
339 2324 450 2364 Polyb.
469 2325 549 2355 Exc.
561 2325 600 2355 de
613 2326 681 2356 vit.
693 2332 727 2357 et
748 2327 834 2358 Virt.
847 2337 880 2367 p.

148 2367 242 2397 1442.
265 2367 349 2397 adde
379 2367 489 2401 vales.
520 2369 662 2400 Emend.
694 2371 728 2401 ii.
758 2373 812 2402 90.
847 2378 883 2402 et

143 2409 189 2440 ibi
213 2409 329 2442 Burni.
353 2421 382 2441 v.
406 2422 435 2442 c.

190 2452 361 2494 Diploma.
385 2456 427 2485 ad
450 2455 526 2486 Div.
548 2457 592 2487 vi.
619 2459 669 2488 19.
691 2458 762 2489 Att.
779 2469 810 2488 x.
830 2461 880 2493 17.

147 2495 213 2527 Pis.
237 2501 290 2532 37.
326 2499 374 2529 ita
397 2499 553 2530 dicebant
579 2501 692 2531 literas
716 2502 878 2542 publicas,

144 2549 219 2579 quae
242 2541 440 2581 profecturis
463 2543 641 2583 dabantur,
667 2550 705 2575 ut
728 2547 760 2575 in
785 2547 880 2586 oppi—

143 2583 207 2621 dis,
241 2589 302 2625 per
334 2596 407 2625 quae
438 2587 504 2617 iter
535 2593 636 2626 esset,
661 2590 878 2628 magistratus

144 2637 280 2667 operam
304 2629 436 2667 dan-nt,
458 2634 498 2660 ut
521 2631 673 2663 celeriter
702 2643 817 2673 equos,
841 2638 878 2665 et

143 2680 219 2710 quae
250 2672 292 2703 ad
315 2674 380 2703 iter
412 2678 492 2704 sunt
527 2677 724 2714 necessaria,
754 2677 877 2716 reperi-

144 2719 231 2746 rent.
255 2716 387 2748 Nomen
412 2717 549 2748 ductum
566 2726 615 2749 est
640 2730 660 2749 a
682 2720 807 2760 duplici
823 2726 875 2751 ta-

142 2757 307 2790 bellarum
347 2760 464 2792 forma.
506 2763 572 2793 vid.
611 2763 797 2795 Casaubon.
832 2765 875 2796 ad

141 2802 281 2834 Sueton.
304 2803 390 2843 Aug.
422 2816 451 2835 e.
487 2809 538 2837 51.
571 2808 628 2845 qui
663 2807 772 2847 docet,
806 2817 874 2839 non

138 2846 248 2877 solum
283 2847 324 2878 de
360 2848 465 2880 literis
492 2851 622 2881 itineris
655 2861 756 2882 causa
789 2852 876 2883 datis

139 2889 208 2922 dici
228 2891 421 2932 diplomata,
452 2894 510 2924 sed
544 2894 648 2926 etiam
677 2895 744 2927 alia
775 2897 877 2938 diplo-

1594 75 1677 123 27³

939 183 1067 208 matum
1092 187 1216 217 genera
1249 185 1331 207 esse.
1365 174 1407 206 ln
1439 175 1602 207 Cicerone
1625 180 1679 205 ta·

939 232 1016 251 men
1041 231 1173 260 semper
1196 221 1236 250 de
1261 220 1319 250 illo
1333 230 1456 259 genere
1479 220 1604 250 dicitur
1625 219 1676 249 di-

931 268 1054 305 ploma.
1090 266 1132 294 cs.
1168 264 1314 294 Budaeus
1349 264 1391 294 ad
1427 263 1529 293 Pand.
1564 273 1597 303 p.
1630 272 1677 293 m.

936 310 1013 340 322.
1036 311 1110 339 3⁶23.
1135 308 1209 339 add.
1234 308 1388 339 Maffeius
1412 307 1448 338 in
1472 307 1602 338 Histor.
1626 306 1676 336 di-

938 352 1040 393 plom.
1066 363 1098 392 p.
1127 356 1176 386 17.

982 396 1087 432 Dira,
1112 396 1220 427 Dz‘roe.
1253 395 1366 426 Divin.
1402 394 1424 424 i.
1461 394 1510 425 16.
1546 393 1675 424 etenim

937 440 1028 476 dira,
1051 440 1140 470 sicut
1163 444 1275 470 cetera
1298 438 1561 478 auspicia—non
1596 447 1676 467 cau—

935 493 988 514 sas
1011 483 1168 513 afferunt.
1210 483 1325 513 Daris.
1350 482 1442 512 cliroe.
1468 481 1547 511 ibid.
1583 481 1674 511 dira—

935 537 1013 557 rum
1036 528 1267 563 obnunciatio,
1289 527 1352 556 int.
1376 525 1672 566 imprecationum.

935 570 1107 610 Appianus
1131 571 1224 601 {liras
1255 571 1496 609 interpretatus
1521 573 1572 598 est
1599 568 1672 610 ἀρὰς

933 611 1020 647 δεινὰς
1052 614 1105 644 καὶ
1133 611 1287 657 φρικώδεις.
1332 613 1397 643 Sed
1428 612 1607 652 diligenter
1631 611 1674 641 de

935 657 999 688 boc
1030 659 1130 688 verbo
1170 659 1284 697 agitur
1324 657 1358 687 in
1391 656 1514 686 Lexico
1563 655 1670 685 Fabri.

935 702 1032 742 Quod
1057 708 1171 732 autem
1203 702 1359 733 Davisius
1393 701 1429 731 in
1462 701 1566 730 aliero
1598 699 1671 729 1000

937 756 995 786 pro
1020 747 1106 782 dira,
1130 747 1262 786 reponit
1285 746 1377 781 dirae,
1402 754 1467 774 non
1500 743 1583 773 adeo
1616 752 1675 772 ne-

936 791 1116 820 cessarium
1133 796 1228 829 puto.
1263 788 1356 820 Dira
1379 793 1472 825 sunt,
1499 797 1573 826 quie
1599 787 1671 826 quiz

936 833 1035 863 alicui
1060 833 1255 864 obnunciat.
1303 833 1341 862 In
1365 832 1516 862 dirarum
1543 831 1674 861 obnun-

935 878 1096 907 emtione*
1114 887 1244 917 quoque
1279 875 1487 907 commodius
1527 873 1670 912 intelligi

933 929 1015 960 puto
1049 931 1175 959 rerum,
1217 931 1316 960 quam
1355 919 1636 959 imprecationum
1658 929 1668 955 ς

935 974 986 994 res
1021 966 1126 1002 enim,
1150 965 1299 1005 auspicia
1322 965 1382 994 &zu
1407 963 1673 998 olmuneiamur,

936 1017 1002 1038 non
1026 1019 1151 1049 preces.
1175 1008 1316 1039 Tacitus
1338 1015 1453 1038 tamen
1477 1007 1516 1037 A.
1542 1016 1592 1036 xv.
1617 1009 1672 1037 30.

934 1053 1025 1083 diras
1048 1063 1162 1093 preces
1185 1052 1283 1082 dixit.
1328 1051 1478 1090 Intelligi
1502 1050 1605 1079 etiam
1632 1049 1667 1079 in

933 1097 1008 1126 dira
1032 1100 1155 1137 potest,
1179 1097 1293 1126 omina
1325 1105 1352 1125 s.
1389 1095 1550 1134 auspicia.
1588 1098 1671 1123 sunt

931 1141 1036 1178 enim,
1054 1144 1093 1171 ut
1115 1140 1236 1171 diserte
1262 1141 1378 1171 Cicero
1401 1138 1519 1172 tradit,
1537 1138 1571 1167 in
1595 1147 1672 1167 aus-

932 1185 1027 1224 piciis
1051 1185 1141 1215 dtroe.
1177 1183 1302 1215 Tibull.
1328 1184 1349 1213 i.
1373 1186 1404 1213 3.
1429 1185 1460 1216 7.
1494 1182 1583 1211 inter
1609 1181 1673 1211 irn-

933 1228 1129 1268 pedimenta
1149 1228 1280 1259 itineris
1304 1227 1407 1258 habet
1428 1225 1543 1256 omina
1566 1225 1653 1255 dira.

975 1272 1123 1310 Dio-ecto,
1146 1273 1329 1312 opponitur
1351 1269 1542 1301 circuitioni
1560 1274 1594 1298 et
1611 1278 1671 1298 an-

932 1316 1065 1346 sraetui.
1089 1316 1167 1347 Div.
1190 1316 1224 1346 ii.
1242 1317 1295 1347 61.
1320 1315 1400 1355 quid
1421 1323 1505 1353 opus
1529 1318 1579 1342 est
1604 1313 1669 1342 cir-

933 1360 1083 1390 cuitione
1106 1363 1142 1390 et
1163 1359 1332 1396 anfractu,
1356 1364 1396 1389 ut
1425 1358 1470 1388 sit
1502 1356 1669 1386 utendum

931 1404 1139 1434 somniorum
1162 1403 1402 1445 interpretibus
1427 1401 1551 1442 potius,
1568 1409 1670 1439 quam

930 1448 1057 1478 directo.
1083 1448 1202 1478 Partit.
1231 1451 1280 1478 13.
1312 1447 1455 1477 alterum
1492 1444 1533 1474 ad
1568 1444 1669 1474 fidem

929 1493 1047 1522 directo
1070 1495 1213 1532 spectat,
1238 1492 1380 1522 alterum
1398 1499 1432 1519 se
1456 1488 1601 1518 inflectit
1625 1487 1669 1518 ad

931 1540 1073 1566 motum.
1099 1535 1179 1566 Nat.
1196 1537 1239 1567 D.
1256 1536 1278 1566 i.
1296 1537 1349 1566 95.
1380 1534 1497 1564 directo
1513 1533 1668 1562 deorsum

930 1579 1019 1610 ferri.
1054 1579 1156 1610 Acad.
1191 1581 1233 1610 iv.
1268 1582 1319 1610 ⁶20.
1357 1577 1514 1608 directius
1547 1576 1669 1615 guber-

929 1628 1026 1654 nant.

974 1666 1143 1698 Direcms.
1173 1667 1254 1698 Coel.
1290 1667 1341 1697 16.
1375 1665 1519 1695 directus
1552 1673 1666 1694 senex.

931 1710 1082 1742 Graevius
1107 1712 1248 1741 retinuit
1264 1710 1437 1749 vuigatam
1455 1708 1666 1747 decrepitusz

929 1755 1070 1786 alteram
1095 1755 1274 1786 lectionem
1301 1757 1444 1784 tuentur
1468 1752 1667 1788 Lambinus,

928 1799 1092 1830 Gruterus
1122 1800 1183 1830 ἃς,
1219 1799 1278 1829 sed
1311 1804 1378 1828 non
1413 1796 1530 1827 eodem
1565 1795 1665 1826 modo

927 1844 1212 1883 interpretantur:
1237 1841 1438 1872 Gulielmius
1461 1840 1664 1879 interpreta-

925 1888 1026 1917 batur
1047 1897 1160 1917 senex.
1185 1887 1422 1917 Hotomannus
1446 1884 1494 1913 sic
1518 1883 1560 1913 ad
1582 1883 1618 1914 h.
1641 1883 1664 1913 l.

925 1930 1109 1961 Lambinus
1131 1941 1172 1960 ex
1196 1931 1344 1969 antiquis
1377 1928 1469 1958 libris
1504 1927 1663 1967 reponit:

923 1976 1058 2012 directo,
1080 1975 1200 2015 opinor
1223 1984 1282 2014 pro
1306 1982 1439 2010 severo3
1478 1971 1526 2011 (h.
1549 1981 1580 2000 e.
1603 1971 1660 2009 qui

924 2020 1039 2049 omnia
1061 2024 1165 2056 recte,
1189 2018 1366 2058 sapientia,
1390 2015 1563 2046 moderate
1590 2014 1663 2044 fieri

924 2062 1010 2101 vult)
1037 2064 1133 2103 cujus
1156 2061 1336 2092 locutionis
1367 2059 1523 2099 exempla
1550 2059 1660 2097 requi-

923 2116 972 2137 ro.
996 2107 1079 2137 Haec
1106 2106 1355 2136 Hotomannus.
1400 2104 1470 2142 Age
1488 2102 1661 2133 dabimus:

923 2150 1005 2180 Ccel.
1025 2153 1075 2181 18.
1099 2150 1144 2180 sit
1166 2148 1391 2180 adolescentia
1411 2147 1567 2177 liberior:
1593 2155 1660 2175 no·

920 2195 1036 2225 omnia
1059 2193 1286 2234 voluptatibus
1321 2193 1551 2231 denegentur:
1590 2199 1657 2219 non

922 2247 1056 2278 semper
1091 2242 1228 2278 superet
1262 2235 1321 2267 illa
1353 2245 1431 2265 vera
1463 2239 1498 2264 et
1531 2233 1659 2263 directa.

923 2283 1019 2312 ratio.
1052 2281 1133 2320 quid
1156 2286 1207 2311 est
1230 2290 1308 2310 vera
1337 2283 1372 2311 et
1401 2280 1526 2309 directa
1559 2278 1660 2314 ratio,

923 2326 986 2356 nisi
1008 2336 1124 2356 severa
1138 2325 1196 2355 illa
1220 2329 1255 2355 et
1279 2324 1383 2354 tristis
1408 2321 1539 2352 vivendi
1556 2322 1656 2358 rasio,

922 2380 1024 2410 quam
1040 2374 1141 2400 antea
1164 2369 1385 2409 descripserat
1400 2377 1428 2397 c.
1448 2370 1485 2400 17
1491 2389 1497 2395 .
1516 2375 1581 2405 qua
1599 2364 1658 2394 Fa-

923 2414 1030 2452 bricii,
1058 2412 1206 2451 Camilli,
1231 2412 1324 2442 Curii
1349 2410 1402 2441 usi
1431 2413 1524 2446 sunt,
1554 2419 1656 2448 quain

922 2457 1109 2498 philosophi
1126 2456 1348 2497 praescribunt
1362 2467 1372 2494 3
1396 2463 1497 2493 quam
1514 2452 1592 2483 ibid.
1605 2461 1657 2482 se-

921 2503 1099 2532 veritatem
1115 2500 1274 2542 appellat,
1291 2503 1326 2529 et
1342 2497 1454 2540 paullo
1472 2503 1548 2537 post
1570 2497 1658 2526 dire-

921 2550 1011 2576 ctum
1038 2546 1103 2575 iter
1129 2545 1171 2575 ad
1201 2543 1348 2574 laude-m.
1372 2542 1469 2572 Rosc.
1498 2541 1592 2571 Com.
1621 2543 1652 2571 4.

919 2589 1010 2629 Quid
1036 2593 1085 2619 est
1117 2589 1151 2619 in
1175 2587 1333 2627 judicio?
1363 2586 1538 2621 dIrectum,
1562 2593 1659 2624 aspe—

919 2643 1007 2670 rum,
1024 2632 1166 2672 simplex
1183 2633 1243 2661 &c.
1259 2630 1350 2671 Quid
1367 2633 1418 2659 est
1435 2629 1470 2659 in
1488 2627 1652 2658 arbitrio?

917 2677 1013 2713 mite,
1030 2676 1255 2706 moderatum.
1288 2675 1308 2693 ἦ
1322 2675 1407 2713 Top.
1422 2675 1454 2704 4.
1478 2672 1586 2713 paries
1610 2671 1659 2701 da·-

915 2725 1035 2759 ποίης,
1053 2724 1118 2758 est,'
1133 2719 1189 2759 qui
1207 2718 1248 2749 ad
1265 2716 1405 2758 angulos
1429 2719 1536 2746 rectos
1553 2715 1657 2745 attin-

916 2765 968 2805 git
984 2774 1076 2801 eum,
1094 2763 1134 2794 ad
1147 2772 1246 2802 quem
1263 2761 1384 2793 duetus
1402 2764 1464 2790 est.

960 2807 1133 2847 Direptus,
1149 2816 1200 2837 uS.
1234 2805 1335 2836 Tusc.
1352 2805 1373 2835 i.
1391 2806 1443 2839 29.
1479 2802 1540 2833 Est
1563 2801 1657 2832 enim

917 2852 1073 2882 interitus
1091 2851 1184 2890 quasi
1200 2849 1363 2880 discessus
1391 2852 1425 2878 et
1449 2846 1590 2877 secretio
1616 2855 1656 2875 ac

914 2897 1058 2936 direptus
1074 2904 1191 2927 earum
1213 2893 1363 2936 partium
1378 2892 1439 2923 διο.
1471 2889 1538 2922 Sed
1552 2888 1656 2921 Cede.

959 2946 983 2970 z:
