1985 3206
743 75 890 104 INDEX
921 75 1219 104 LATINITATIS.

225 165 342 196 domus
357 165 553 202 sunt—jure
567 163 707 204 optimo,
718 164 796 202 jure
817 164 958 203 private,

219 209 297 249 jure
323 208 533 244 hereditario,
545 209 622 247 jure
649 209 862 244 auctoritatis,
881 208 958 246 jure

229 252 487 291 mancipii‚jure
505 253 591 281 nexi.
608 261 637 281 ν.
660 251 797 281 Salmas.
815 251 854 280 «le
874 250 960 281 Usu-

228 295 270 326 ris
295 305 326 335 p.
350 296 424 328 ί207.
448 304 496 333 sq.
542 294 632 324 Hine
660 295 831 334 eleganter
853 299 960 325 trans-

228 339 348 376 fei-tur,
366 344 421 368 ut:

272 383 326 419 ⁶22)
360 382 538 412 auctoritas
573 382 618 411 sit
647 392 762 412 corum
793 382 959 419 omnium,

229 426 285 465 qui
302 425 427 464 aliquid
442 436 476 455 se
494 425 623 462 fecisse,
639 432 698 455 aut
723 426 792 455 ficri
810 426 961 464 jussisse,

229 470 369 500 suasisse
392 470 604 508 profitentur.
636 469 717 498 Sull.
740 472 786 499 11.
805 469 961 507 defugere

229 515 454 543 auctoritatem
478 513 670 542 consulatus
694 514 756 542 sui.
780 513 801 542 i.
827 522 854 541 e.
874 512 961 542 nolle

229 557 338 593 fateri,
356 566 389 586 se
413 561 575 587 auctorem
599 566 668 586 esse
688 566 818 592 eorum,
837 565 909 594 quae
928 557 961 586 in

230 599 407 630 consulatu
434 599 524 630 facta
549 600 628 629 sint.
657 600 698 629 cf.
725 599 863 629 Terent.
895 599 961 629 Eu—

231 644 332 675 nuch.
350 643 424 674 Act.
441 644 474 673 ii.
492 646 522 674 4.
548 646 616 673 105.

275 690 328 721 23)
349 688 406 725 jus
431 688 477 717 rei
501 697 569 717 suae
595 686 814 716 vindicandae.
839 696 864 716 ε.
893 686 964 726 ipsa

230 732 318 761 actio
343 740 400 771 pro
424 732 470 761 rei
495 740 562 760 suae
587 731 750 760 evit-tione
765 735 800 759 et
815 729 963 760 vindica-

229 776 336 813 tione,
353 775 406 804 cui
431 775 541 805 locum
558 773 640 803 facit
657 774 713 803 illa.
729 773 833 804 altera
855 778 963 803 auclo-

231 821 315 849 ritas
347 828 379 849 n.
407 821 458 849 ⁶21.
496 818 618 848 Caeein.
653 821 700 851 19.
735 819 963 847 auctoritatem

230 862 327 892 fundi
345 866 379 892 et
394 872 491 892 usum
509 861 561 891 lex
577 862 676 900 jubet
691 871 760 891 esse
778 861 963 891 biennium.

233 905 276 935 cf.
299 905 382 945 Top.
407 909 437 936 4.
469 905 533 936 Off.
560 906 580 935 i.
607 907 653 935 1⁶2.
685 906 755 943 ejus
774 905 819 934 rei
837 909 964 934 :eterna

233 951 422 979 ‹acam—itas.
439 950 460 980 i.
476 959 504 979 e.
520 959 653 989 semper
668 948 840 985 vindicari,
856 949 965 978 evinci

234 999 357 1032 potest,
375 1003 548 1031 nunquam
572 1003 635 1022 usu
659 993 742 1031 capi.
759 1002 789 1022 ν.
814 992 964 1031 inprimis

233 1037 372 1067 Salmas.
389 1037 428 1066 de
444 1036 560 1066 Usuris
576 1046 604 1065 c,
622 1038 651 1066 8.
669 1045 744 1075 pag.
760 1038 833 1066 210.
851 1045 899 1074 sq.

278 1082 332 1118 94)
359 1085 410 1109 est
433 1086 467 1109 et
490 1080 712 1119 imperatoris,
729 1079 817 1118 quod
841 1080 964 1109 milites

234 1135 273 1154 ea
294 1123 436 1160 faciunt,
453 1134 595 1162 quorum
615 1126 730 1153 auctor
745 1127 808 1160 est,
825 1133 898 1162 quae
909 1124 966 1161 ju-

236 1168 302 1198 bet.
335 1167 418 1197 Phil.
440 1168 485 1197 iii.
502 1170 531 1198 3.
548 1167 633 1206 legio
650 1168 876 1196 anctoritatem
894 1167 965 1196 Cae-

235 1213 315 1241 saris
339 1215 514 1251 persecuta
536 1219 597 1240 est.
622 1211 663 1240 ad
683 1211 759 1240 Div.
776 1221 805 1240 x.
823 1212 875 1241 2⁷3.
901 1211 964 1241 nisi

235 1255 381 1294 legiones
411 1265 445 1284 se
479 1254 521 1284 ad
555 1254 694 1284 Caesaris
728 1255 962 1284 auctoritatem

235 1298 468 1329 contulissent.

279 1343 333 1381 25)
362 1343 499 1372 nomina
521 1351 649 1379 eorum,
674 1343 730 1380 qui
754 1341 893 1382 alicujus
918 1342 966 1372 rei

235 1391 380 1417 (meteres
409 1390 498 1415 sunt.
545 1385 626 1415 Sull.
664 1389 713 1416 13.
758 1387 966 1416 auctoritates

236 1431 425 1470 principum
453 1429 691 1467 conjurationis
718 1430 904 1468 colligebat..
933 1429 966 1460 h.

236 1484 265 1503 e.
296 1475 351 1513 qui
381 1481 493 1503 essent
521 1473 686 1513 principes
713 1474 965 1512 conjurationis,

237 1517 336 1556 quod,
356 1518 382 1547 si
407 1520 518 1547 essent
541 1517 670 1555 magnis
695 1517 885 1546 nominibus
909 1517 967 1547 ho-

236 1562 356 1597 mines,
373 1560 502 1590 facilius
525 1567 636 1590 essent
659 1564 803 1590 auctores
817 1560 967 1590 Allobro-

236 1605 331 1644 gibus
356 1605 461 1634 futuri
486 1604 545 1633 ἃς.
576 1604 655 1634 Nat.
673 1604 715 1633 D.
733 1605 779 1634 iii.
796 1606 827 1634 4.
858 1609 967 1634 aucto—

237 1650 350 1679 ritates
372 1648 574 1684 contemnis,
598 1648 727 1677 ratione
752 1657 892 1687 pugnas.
909 1648 966 1678 Or.

236 1693 282 1723 iii.
299 1695 330 1723 2.
350 1693 558 1722 auctoritates
573 1692 787 1731 praescriptae.
812 1692 898 1722 Sunt
910 1702 967 1722 no-

237 1737 330 1766 mina
354 1745 483 1771 eorum,
508 1735 565 1774 qui
597 1735 770 1764 scribendo
799 1736 968 1765 affuerunt

237 1780 338 1816 Scto,
354 1785 389 1809 et
411 1788 553 1818 quorum
577 1780 714 1809 nomina
736 1779 822 1809 SCto
841 1789 968 1820 praepo-

239 1828 378 1854 nuntur.
414 1832 457 1853 an
482 1822 664 1852 dicendum
699 1823 743 1852 sit
774 1824 967 1863 perscripta:

237 1867 505 1908 praescriptaeve?
527 1866 592 1896 vid.
609 1867 794 1905 praescribo.

281 1910 336 1949 ⁶26)
363 1915 508 1950 potestas
533 1910 689 1949 jubendi,
713 1910 883 1939 statuendi
909 1910 969 1940 ἃς.

238 1962 338 1993 atque
355 1954 436 1984 adeo
453 1954 599 1984 licentia.
630 1953 722 1983 Verr.
739 1954 771 1984 ii.
788 1957 841 1988 49.
868 1953 970 1984 habet

238 2000 467 2029 auctoritatem
483 1997 597 2036 legum
609 1997 793 2027 dandarum
807 2008 826 2026 a
838 2003 969 2028 senatu.

238 2052 269 2072 v.
287 2045 338 2072 58.
368 2046 504 2071 tantum
520 2041 580 2070 sibi
596 2042 798 2071 auctoritatis
812 2041 970 2080 suscepit.

240 2095 284 2115 se.
310 2089 349 2115 ut
366 2085 502 2124 juberet
523 2084 675 2114 homines
700 2085 854 2114 interfici.
886 2085 970 2114 Phil.

240 2129 306 2158 viii.
330 2131 361 2160 8.
392 2129 617 2159 auctoritatem
642 2129 722 2167 reip.
745 2138 858 2158 secum
880 2133 970 2158 attu-

242 2172 342 2202 lerat:
375 2181 448 2201 eam
473 2176 673 2211 potestatem
698 2171 852 2209 habebat,
869 2182 969 2211 quam

238 2216 309 2255 ipsa
325 2215 522 2255 respublica,
548 2219 585 2245 ut
607 2216 678 2255 ipsa
700 2216 813 2245 adesse
835 2219 869 2244 et
893 2225 970 2246 cum

239 2259 403 2289 Antiocho
427 2268 524 2298 agere
546 2259 725 2289 videretur.
756 2259 834 2289 Nat.
859 2260 902 2290 D.
926 2259 971 2290 iii.

239 2306 292 2333 35.
319 2303 423 2332 oratio
444 2302 516 2332 baec
536 2302 667 2333 videtur
682 2305 908 2333 auctoritatem
924 2303 973 2333 af-

237 2345 323 2377 ferre
341 2346 512 2386 peccandi.

284 2391 338 2428 27)
367 2399 574 2429 quaecunque
589 2395 624 2420 et
641 2391 675 2420 in
693 2400 891 2430 quocunque
916 2400 972 2430 ge-

240 2443 317 2464 nere
335 2434 392 2463 vis.
425 2433 503 2472 Leg.
520 2434 554 2463 ii.
570 2437 601 2468 7.
629 2435 768 2473 antiqua
784 2435 882 2464 verba
896 2435 970 2474 plus

240 2479 444 2508 auctoritatis
459 2477 595 2508 habent.
619 2478 659 2508 ad
675 2478 750 2508 Div.
767 2478 810 2508 vi.
828 2479 859 2508 6.
884 2478 971 2508 Con-

238 2521 334 2551 stitui
358 2521 447 2562 apud
468 2526 502 2550 te
526 2521 658 2560 augurii
680 2521 968 2565 auctoritatem..h.

239 2574 270 2595 e.
294 2568 362 2594 tuae
385 2564 616 2604 praedictiones
641 2566 772 2604 augurii
789 2566 855 2596 vim
871 2565 973 2595 habe-

240 2608 337 2638 bunt.
366 2608 442 2638 Div.
458 2608 478 2639 i.
501 2611 550 2639 18.
579 2610 808 2639 auctoritatem
824 2613 972 2639 vetusta-

239 2652 283 2682 tis
308 2651 418 2682 babet.
438 2653 459 2683 i.
476 2662 504 2682 e.
521 2651 621 2690 valet,
635 2653 713 2691 quia
735 2657 829 2682 vetus
852 2658 914 2684 est.
931 2653 973 2683 ad

240 2696 316 2726 Div.
333 2696 376 2726 ix.
392 2700 423 2729 9.
448 2705 562 2735 preces
585 2705 668 2725 meae
693 2696 782 2736 apud
802 2706 880 2726 eum
904 2706 971 2726 non

240 2739 351 2769 minus
374 2740 578 2770 nucem-itatis
599 2739 736 2770 habent.
766 2740 830 2771 Off.
855 2740 900 2770 iii.
918 2743 970 2771 30.

240 2783 394 2813 utilitatis
418 2783 544 2823 species
568 2783 608 2813 ab
632 2782 816 2814 honestatis
833 2786 972 2815 auctori-

238 2831 307 2856 cate
328 2833 485 2867 superata
511 2830 573 2857 est.
603 2826 635 2857 h.
660 2837 690 2857 e.
719 2826 874 2858 honestas
898 2828 972 2868 plus

238 2870 355 2901 valuit.
381 2870 422 2901 ad
440 2871 515 2902 Div.
532 2870 552 2901 i.
572 2874 603 2905 7.
630 2872 857 2903 auctoritatem
873 2871 975 2903 habet

1659 67 1736 104 201

999 163 1098 192 officii
1115 166 1230 193 nostra
1251 164 1474 204 propugnatio
1495 163 1619 204 potius,
1637 174 1739 203 quam

1005 212 1197 236 sententiae.

1048 252 1102 287 ⁴20⁴)
1129 252 1310 281 auctoritas
1333 254 1383 280 est
1407 250 1584 280 hominum
1600 250 1742 281 honora-

1003 298 1114 324 torum
1151 297 1185 323 εἰ
1212 295 1420 333 potentium,
1452 300 1619 332 quatenus
1650 304 1742 325 vere-

1007 347 1083 367 mur
1099 339 1185 376 ipsos
1201 337 1334 376 laedere,
1347 338 1385 367 iis
1403 347 1523 376 negare
1540 337 1667 377 aliquid
1683 338 1743 368 &e.

1006 380 1099 410 verr.
1116 382 1136 410 i.
1154 384 1207 411 ald.
1239 381 1343 420 Ligur
1362 382 1528 422 (Senator)
1555 391 1621 411 non
1648 381 1746 411 dubi-

1007 430 1071 462 tat,
1089 424 1170 463 quin
1195 425 1354 463 mquitate
1375 434 1482 454 eausae
1500 431 1533 455 et
1551 425 1745 455 auctoritate

1006 478 1067 497 sua
1100 478 1308 498 commovere
1339 468 1510 498 bominem
1543 469 1743 508 posset—ad

1007 518 1196 541 extremum
1213 517 1327 551 petere
1345 512 1458 551 coepit,
1476 522 1518 542 ne
1537 522 1640 551 usque
1658 512 1741 542 adeo

1008 564 1103 584 sumn
1141 557 1369 585 auctoritatem
1404 561 1638 586 contemneret
1669 565 1744 596 gra·

1007 600 1157 637 tiamque
1172 598 1369 638 despiceret.

1051 644 1105 680 529)
1132 643 1257 682 species
1275 652 1309 671 et
1325 642 1508 672 ostentatio
1523 652 1653 682 magnae
1667 652 1743 674 eru-

1008 684 1143 715 ditionis
1165 692 1199 715 et
1222 686 1395 725 sapiciitiae
1413 687 1472 715 se.
1490 693 1652 724 assumta,
1666 687 1743 719 Div.

1009 729 1042 758 ii.
1063 731 1114 762 67.
1141 729 1180 758 de
1197 730 1317 759 atomis
1334 729 1576 759 Democriteis:
1604 731 1673 761 Nec
1690 741 1746 761 co-

1008 773 1106 811 gnovi
1119 783 1320 812 quemquam
1333 774 1468 813 (praeter
1479 773 1745 814 Democritum),

1009 817 1065 856 qui
1084 817 1205 855 majore
1222 818 1428 853 auctoritate,
1443 817 1527 847 nibil
1544 817 1680 849 diceret.

1052 862 1107 898 39)
1137 860 1308 897 solatium,
1325 860 1366 890 ad
1381 861 1457 891 Div.
1473 861 1515 890 wi.
1533 861 1562 891 6.
1592 862 1745 893 animum

1008 907 1107 933 tuum
1141 904 1284 933 hominis
1315 905 1747 937 amicissimi-auctoritate

1014 947 1281 977 confirmandum
1300 956 1394 988 puto.

1054 990 1107 1029 31)
1136 1001 1302 1030 augurum
1319 992 1507 1022 auctoritas.
1540 992 1621 1032 Leg.
1639 992 1672 1022 ii.
1693 995 1744 1023 12.

1011 1035 1196 1064 maximum
1208 1036 1264 1074 jus
1280 1040 1331 1065 est
1347 1045 1526 1073 augurum,
1540 1046 1617 1065 cum
1635 1041 1744 1067 aucto-

1010 1081 1109 1108 ritate
1132 1081 1364 1117 conjunctum.
1390 1079 1468 1109 ibid.
1487 1079 1572 1109 nihil
1594 1081 1664 1110 sine
1684 1091 1746 1111 au-

1010 1132 1131 1161 gurum
1155 1124 1348 1153 auam-itate
1371 1132 1466 1162 posse
1490 1124 1645 1162 cuiquam
1670 1135 1746 1164 pro-

1009 1167 1089 1196 bari.
1126 1167 1178 1196 Sc.
1194 1166 1345 1205 Augures
1369 1171 1448 1196 sunt
1470 1172 1616 1197 auctores
1632 1178 1745 1198 rerum

1009 1209 1230 1248 gerendarum
1262 1215 1296 1240 et
1325 1210 1601 1241 omittendarum.
1655 1212 1745 1242 Hine

1010 1254 1150 1292 auguria
1180 1259 1214 1283 et
1244 1254 1392 1294 auspicia
1423 1254 1495 1293 ipsa.
1521 1254 1680 1285 (licuntur
1704 1255 1745 1285 de

1011 1297 1092 1327 Har.
1109 1307 1194 1336 resp.
1211 1302 1241 1331 9.
1269 1307 1379 1327 rerum
1398 1298 1618 1336 gerendarum
1634 1303 1746 1330 aucto-

1007 1342 1132 1371 ritates.
1165 1340 1241 1370 Huc
1256 1342 1404 1381 pertinet
1420 1341 1620 1381 reiigionum
1637 1348 1747 1373 auclo-

1007 1386 1102 1422 ritas,
1122 1394 1186 1423 qua
1202 1385 1389 1425 respublica
1411 1386 1481 1424 regi
1502 1386 1636 1416 (licitur.
1664 1387 1743 1418 Div.

1007 1429 1028 1458 i.
1047 1432 1101 1459 40.

1051 1472 1105 1510 32)
1133 1472 1241 1512 ipsum
1260 1472 1445 1510 decretum,
1463 1478 1497 1503 et
1521 1474 1609 1513 quod
1633 1474 1747 1504 ‹lecre-

1008 1520 1083 1546 tum
1101 1522 1162 1546 est.
1186 1516 1268 1555 Leg.
1286 1517 1319 1546 ii.
1344 1520 1391 1550 19.
1416 1516 1486 1546 haec
1506 1518 1586 1557 jura
1606 1518 1747 1548 Pontifi-

1010 1570 1087 1590 cum
1115 1561 1309 1590 auctoritate
1336 1565 1517 1591 consecuta
1542 1567 1633 1592 sunt.
1665 1562 1745 1593 ibid.

1010 1606 1062 1635 21.
1087 1608 1240 1633 maneret
1256 1604 1463 1634 Pontificalis
1479 1607 1667 1636 auctoritas,

1054 1648 1108 1686 313)
1143 1648 1286 1677 Senatus
1316 1649 1509 1678 auctoritas.
1542 1659 1747 1689 quamquam

1011 1692 1045 1721 in
1069 1701 1190 1729 genere
1210 1698 1262 1721 est
1285 1690 1439 1722 voluntas
1453 1698 1589 1723 senatus
1606 1698 1640 1724 et
1655 1695 1748 1733 quic·

1012 1735 1092 1774 quid
1115 1739 1251 1765 senatus
1275 1735 1434 1773 decrevit,
1455 1737 1671 1776 approbavit3
1695 1742 1748 1768 ta-

1013 1788 1090 1808 men
1123 1788 1190 1808 non
1219 1789 1288 1808 una
1318 1780 1389 1819 ejus
1420 1784 1472 1810 est
1497 1781 1745 1821 interpretatio.

1012 1822 1129 1861 ltaque
1147 1822 1305 1853 distincte
1321 1822 1360 1853 de
1378 1832 1418 1853 ea
1433 1833 1581 1862 agemus.

1056 1869 1088 1904 a)
1118 1865 1196 1905 Leg.
1220 1867 1266 1896 iii.
1299 1869 1347 1897 12.
1373 1872 1521 1906 potestas
1548 1868 1582 1898 in
1610 1869 1747 1909 populo,

1013 1912 1190 1940 auctoritas
1212 1910 1246 1939 iu
1268 1917 1387 1940 senatu
1403 1911 1457 1941 sit.
1483 1912 1569 1941 Cum
1586 1912 1748 1943 Romulus

1013 1959 1169 1984 senatum
1208 1954 1424 1992 instituisset,
1462 1955 1533 1995 ejus
1571 1959 1748 1987 auctoritas

1013 1998 1122 2027 omnis
1146 2000 1181 2027 in
1205 1998 1267 2027 hoc
1293 2008 1358 2028 uno
1382 2000 1594 2037 cernebatur,
1610 2005 1649 2030 ut
1671 2009 1749 2031 con·

1014 2041 1122 2071 sultus
1139 2051 1159 2071 a
1174 2051 1264 2080 rege,
1281 2042 1361 2080 quid
1381 2041 1420 2072 de
1448 2053 1578 2082 quaque
1602 2053 1636 2073 re
1659 2044 1750 2075 vide-

1015 2090 1121 2123 retur,
1139 2085 1274 2115 diceret.
1299 2086 1347 2115 Eo
1361 2090 1513 2126 tempore
1526 2087 1630 2127 igitur
1641 2092 1750 2118 aucto-

1014 2130 1096 2159 rita-'s
1119 2133 1255 2159 senatus
1279 2128 1363 2159 nihil
1386 2135 1470 2168 erat,
1487 2131 1551 2161 nisi
1572 2131 1751 2163 consilium

1014 2177 1163 2203 senatus.
1187 2172 1258 2203 Liv.
1279 2173 1300 2203 i.
1318 2177 1348 2207 9.
1371 2178 1446 2203 tum
1467 2184 1506 2204 ex
1531 2175 1667 2206 consilio
1693 2186 1751 2216 pa-

1014 2223 1106 2246 trum
1141 2216 1304 2247 Romulus
1336 2216 1463 2256 legatos
1501 2219 1590 2248 circa
1625 2220 1751 2250 vicinas

1015 2268 1131 2299 gentes
1169 2261 1271 2290 misit.
1310 2260 1453 2291 Romulo
1492 2266 1638 2300 mortuo,
1672 2273 1751 2294 cum

1014 2303 1106 2343 plebs
1138 2313 1261 2333 novum
1293 2314 1405 2344 regem
1436 2315 1547 2335 creare
1573 2307 1753 2346 cogitaret,

1015 2347 1114 2387 idque
1140 2348 1253 2377 Patres
1277 2347 1432 2388 impediri
1456 2359 1523 2379 non
1546 2360 1640 2390 posse
1663 2351 1752 2382 vide-

1017 2396 1105 2428 rent,
1122 2391 1184 2431 ipsi
1209 2391 1295 2430 regis
1320 2392 1454 2422 creandi
1477 2399 1623 2425 (auctores
1646 2394 1750 2425 fuere.

1015 2436 1125 2474 Atque
1154 2434 1208 2465 hic
1239 2436 1384 2466 accessio
1409 2436 1521 2475 aliqua
1550 2440 1754 2470 auctoritatis

1017 2478 1155 2508 Patrum
1170 2479 1261 2509 facta
1275 2486 1338 2518 est,
1357 2490 1430 2518 quae
1453 2481 1487 2510 in
1510 2481 1572 2511 hoc
1594 2483 1753 2513 cerneba-

1014 2526 1083 2559 tur,
1102 2523 1191 2561 quod
1214 2523 1322 2563 primo
1345 2523 1484 2554 comitia
1506 2526 1592 2564 regis
1617 2527 1751 2557 creandi

1013 2565 1218 2596 haberentur
1246 2568 1429 2598 auctoribus
1460 2569 1625 2608 patribus,
1653 2570 1687 2600 h.
1719 2580 1750 2601 e.

1009 2610 1208 2649 jubentibus
1233 2620 1258 2640 s.
1283 2612 1574 2650 permittentibuS,
1596 2619 1642 2652 et,
1664 2614 1753 2653 quod

1015 2654 1050 2683 in
1065 2654 1104 2683 iis
1123 2653 1264 2694 populus
1274 2654 1435 2693 jusserat,
1453 2665 1520 2686 non
1535 2656 1674 2694 valeret,
1689 2658 1752 2689 nisi

1014 2697 1166 2737 patribus
1192 2699 1387 2736 auctoribus,
1411 2698 1444 2730 h.
1470 2710 1499 2730 e.
1525 2701 1755 2741 probantibus.

1015 2751 1047 2771 v.
1064 2740 1136 2771 Liv.
1157 2744 1184 2772 1.
1205 2745 1254 2776 17.
1283 2741 1344 2772 His
1367 2744 1521 2774 terminis
1544 2745 1754 2777 circumscri-

1017 2789 1076 2824 pta
1088 2785 1211 2815 mansit
1224 2787 1402 2817 auctoritas
1412 2787 1567 2825 Senatus,
1580 2788 1685 2818 donec
1698 2800 1754 2820 ex-

1016 2829 1084 2859 acti
1116 2838 1208 2868 reges
1239 2835 1364 2867 essent,
1386 2834 1423 2860 et
1448 2831 1488 2861 iis
1518 2832 1755 2864 successissent

1016 2871 1169 2904 consules
1185 2873 1300 2904 annui.
1337 2873 1550 2915 Quamquam
1567 2876 1658 2908 enim
1675 2886 1754 2908 con-
