1920 3196
666 79 810 108 INDEX
843 79 1138 110 LATINITATIS.

140 169 206 207 nti,
219 169 312 209 sequi
329 167 465 208 aliquid.
490 167 598 198 Flacc.
616 170 663 198 14.
688 168 769 198 vidie
785 167 888 198 aliud.

140 214 301 252 *cui-are,
325 219 360 243 et
381 211 480 242 variis
503 211 636 250 quidem
662 211 778 241 modis.
814 211 885 241 Att.

144 258 210 287 xiv.
238 261 286 288 11.
319 257 390 287 haec
414 255 550 286 fortuna
572 256 700 285 viderit.
732 256 776 284 i'o.
800 265 832 285 x.
857 259 888 289 7.

142 311 220 330 cum
232 300 412 330 Philotimo
424 299 550 329 videbis.
577 299 619 329 ib.
634 308 664 328 v.
684 301 711 328 l.
735 302 774 328 ut
790 308 888 338 pran-

141 344 235 374 dium
259 344 352 374 nobis
377 343 509 372 videret.
547 340 648 372 Tusc.
673 342 719 372 iii.
749 345 797 376 19.
829 341 890 371 ali-

139 388 219 426 quirl
242 387 408 418 videamus
422 391 458 416 et
480 386 555 416 cibi.
577 386 697 425 Quint.
719 388 770 420 17.
801 386 889 415 vide-

141 433 209 462 rint
226 431 290 461 ista
306 431 415 461 officia
439 429 515 460 boni
538 429 611 458 viri.
640 429 887 469 *imperativus

140 478 174 504 et
189 474 421 514 conjunctivus
439 473 575 511 ponitur
590 482 650 513 pro
665 482 795 502 vereor:
814 482 888 511 quae

141 523 192 548 est
214 517 349 557 elegans
371 517 470 554 ratio,
487 517 548 547 sub
572 517 681 556 specie
706 516 886 546 dubitatio-

141 562 204 598 nis,
243 569 278 592 et
316 561 485 601 judicium
528 558 626 590 alteri
665 559 887 598 relinquendi,

139 615 233 635 suam
258 604 462 635 sententiam
485 603 630 633 (licendi.
660 603 758 633 Rosc.
776 603 815 644 A.
832 606 885 633 48.

140 649 282 686 videant,
307 658 348 679 ne
371 649 415 678 sit
439 648 498 677 διο.
533 647 634 677 Tusc.
659 648 693 677 ii.
720 650 770 677 18.
802 647 886 684 vide,

140 702 180 722 ne
198 702 263 722 non
282 692 324 722 sit
343 693 405 722 hoc
426 691 596 732 proprium
616 699 738 720 nomen
755 690 885 720 virtuti.

137 737 212 766 niv.
239 737 272 766 ii.
297 739 328 766 4.
364 736 447 772 vide,
466 744 506 764 ne
532 733 626 764 nulla.
648 735 691 764 sit
717 734 886 764 divinatiO.

138 780 180 810 οἱ.
197 779 238 809 ad
255 779 331 810 Div.
349 780 393 809 xi.
414 781 462 810 123.
490 778 554 808 xvi.
570 778 624 808 26.
657 778 821 818 reperitur
836 783 886 807 ta-

140 833 216 852 men
241 823 342 852 etiam
367 822 582 862 participium
607 822 673 851 sie:
704 821 800 851 Offic.
817 821 837 851 i.
854 826 885 856 9.

138 867 251 905 itaque
268 867 442 897 videndum
458 870 520 903 est,
538 875 580 895 ne
605 875 670 895 non
694 866 774 895 satis
795 866 838 895 sit
852 864 885 894 id

140 911 199 940 ἃς.
230 910 272 940 ad
295 910 425 940 Divers.
450 910 513 940 xiv.
541 911 591 939 14.
622 908 799 939 videndum
822 914 886 945 est,

138 959 176 984 ut
200 953 338 983 honeste
362 963 418 984 vos
441 963 512 983 esse
542 953 687 992 possitis.
726 952 885 983 *caverem

137 998 233 1028 Offic.
247 998 267 1027 i.
281 999 334 1027 20.
360 997 575 1036 quamobrem
591 1000 626 1026 et
642 995 713 1026 haec
729 995 884 1034 videnda,

137 1047 172 1071 et
195 1040 356 1080 fugienda
379 1041 532 1080 pecuniae
557 1039 740 1079 cupiditas:
774 1040 830 1070 ubi
854 1050 882 1069 v.

137 1084 244 1115 Graev.
276 1084 440 1123 ²*elegans
465 1083 567 1113 etiam
585 1088 636 1113 est
652 1082 723 1112 haec
741 1082 884 1114 formula

136 1129 169 1158 in
196 1128 259 1159 Pis.
287 1130 340 1158 ⁶25.
371 1128 452 1166 quin
475 1131 515 1157 tu
538 1136 592 1156 me
615 1127 714 1157 vides.
753 1137 792 1157 eo
815 1127 883 1157 sere

135 1181 248 1209 sensu,
271 1182 336 1211 quo
359 1171 464 1201 nostri
488 1170 622 1200 dicunt:
657 1170 698 1200 da
728 1169 800 1200 lobe
828 1170 881 1201 icli

136 1216 228 1246 mich
244 1215 340 1246 doch.

181 1259 305 1297 Viam,
321 1263 373 1289 est
395 1259 533 1289 verbum
557 1258 693 1288 solenne
713 1259 748 1288 in
771 1259 880 1295 sctis,

135 1302 277 1334 decretis
293 1303 509 1340 Pontificum,
526 1303 702 1332 sententiis
713 1302 881 1341 judicum.

136 1347 238 1377 Dom.
263 1350 316 1378 53.
347 1356 424 1376 cum
449 1346 485 1376 P.
509 1345 668 1384 Scaevola,
693 1345 815 1375 Pontif.
832 1345 881 1377 M.

134 1400 195 1430 pro
219 1389 359 1430 collegio
381 1389 567 1430 respondit,
586 1399 719 1420 sacrum
743 1399 810 1419 non
832 1392 879 1420 vi-

134 1434 215 1465 deri.
246 1434 313 1464 vid.
330 1433 464 1464 Manut.
487 1433 529 1464 ad
551 1433 645 1464 Verr.
663 1443 692 1464 v.
710 1433 740 1464 6.
770 1434 879 1464 *cum

134 1479 335 1508 accusativo.
357 1476 495 1508 Tuscul.
512 1487 540 1508 v.
558 1481 588 1509 5.
613 1486 679 1507 non
696 1477 776 1507 mihi
794 1477 880 1507 vide-

135 1526 192 1552 tur
215 1523 295 1552 satis
319 1531 413 1562 posse
436 1522 614 1552 virtutem:
640 1521 696 1551 ubi
719 1530 748 1551 v.
766 1520 880 1551 Davis.

135 1565 200 1595 Off.
218 1566 264 1596 iii.
285 1569 334 1599 17.
367 1575 441 1604 quae
460 1564 534 1595 vult
547 1565 663 1602 videri,
679 1574 713 1594 se
731 1574 800 1594 esse
817 1565 881 1595 vir-

134 1614 258 1639 tutem.
288 1608 454 1648 *passive
487 1609 590 1640 Tusc.
613 1609 659 1639 iii.
685 1610 736 1642 29.
766 1608 879 1648 opinio

135 1652 229 1690 mali,
246 1663 310 1692 quo
331 1653 398 1682 viso
420 1657 455 1683 et
478 1662 646 1693 persuaso.
675 1652 807 1682 *videri
831 1655 880 1682 et-

135 1697 202 1727 iam
226 1696 408 1734 interdum,
431 1701 472 1726 ut
495 1696 687 1727 Graecorum
709 1693 810 1734 δοκεῖν,
831 1696 879 1726 di-

135 1741 222 1770 citur
246 1741 280 1770 in
303 1739 375 1770 aliis
399 1740 496 1770 rebus
519 1740 558 1770 de
575 1750 626 1777 eo,
643 1739 732 1779 quod
748 1745 877 1770 certum

134 1794 206 1822 esse
228 1785 364 1814 scimus.
393 1783 541 1814 Nat..D.
558 1785 580 1814 i.
595 1786 647 1814 521.
676 1792 763 1823 saepe
787 1784 877 1813 enim

134 1826 174 1857 de
198 1828 237 1858 L.
262 1827 392 1866 Crasso,
415 1827 579 1857 familiare
604 1827 660 1857 illo
683 1830 756 1864 tuo,
770 1828 879 1858 videor

134 1870 278 1908 audisse,
305 1881 383 1901 cum
412 1876 447 1901 te
477 1872 598 1911 togatis
624 1871 778 1901 omnibus
807 1871 878 1901 sine

133 1914 233 1945 dubio
248 1915 440 1945 anteferret.

178 1958 310 1998 Viget-e,
332 1958 563 1989 inclarescere.
595 1957 696 1988 Tuse.
722 1958 756 1988 ii.
782 1960 814 1988 εΖ.
844 1958 878 1989 in

122 1993 204 2042 *ipsa
233 2002 361 2032 Graeeia
391 2001 600 2042 philosophia
629 2006 726 2031 tanto
760 2001 794 2032 in
821 2001 879 2032 ho-

134 2055 214 2076 nore
252 2055 425 2085 nunquam
460 2046 591 2082 fuisset,
626 2045 689 2075 nisi
727 2045 879 2075 doctissi-

134 2099 264 2120 morum
297 2089 569 2120 contentionibus
604 2089 879 2120 dissensionibus-

133 2143 197 2172 que
234 2134 396 2172 viguisset.
438 2132 610 2170 ¹”laudam
647 2132 789 2173 probari.
837 2133 879 2163 ad

134 2176 210 2207 Div.
236 2177 303 2207 viii.
331 2180 358 2208 1.
387 2176 439 2206 tui
463 2175 589 2217 politici
618 2175 693 2206 libri
722 2176 877 2206 omnibus

130 2221 251 2259 vigent.

177 2264 343 2303 Vigilare.
376 2263 417 2294 ad
439 2264 479 2304 Ω.
504 2263 555 2294 Fr.
579 2263 613 2293 ii.
641 2266 689 2294 15.
721 2263 877 2302 viatores,

130 2308 157 2337 si
173 2309 291 2345 seriuS,
306 2317 406 2347 quam
425 2307 614 2350 voluerunt,
626 2307 710 2337 forte
725 2317 878 2337 surrexe-

133 2352 213 2389 rint,
238 2351 444 2392 properando
467 2352 571 2381 etiam
594 2351 709 2389 citius,
727 2361 826 2390 quam
850 2352 877 2381 si

131 2394 172 2425 de
197 2394 305 2425 multa
324 2399 422 2425 noete
445 2396 644 2434 vigilassent,
662 2395 876 2435 perveniunt,

130 2449 196 2478 quo
220 2438 348 2468 volunt.
394 2438 584 2478 Malaspina
606 2442 705 2477 putat
728 2438 875 2478 positum

129 2492 190 2523 pro
213 2483 428 2520 evigilassem.
461 2486 495 2512 et
514 2482 561 2512 sic
578 2482 643 2512 dici
660 2481 721 2511 hoc
737 2482 877 2512 verbum

129 2535 224 2565 posse
257 2530 366 2565 putat.
411 2525 476 2556 Sed
511 2523 628 2556 Burm.
658 2525 699 2556 ad
736 2526 875 2556 Sueton.

112 2570 215 2608 VAug.
245 2572 299 2603 78.
337 2569 466 2599 mavult
495 2569 615 2608 corrigi
649 2569 876 2608 evigilassem.-

129 2612 218 2651 quod
235 2613 317 2643 mihi
334 2613 432 2644 verba
448 2612 615 2642 ‹le-multa
639 2619 738 2642 nocte
755 2614 808 2642 vix
830 2612 876 2642 vi·

129 2657 253 2686 dentur
267 2657 348 2696 pati.
579 2691 582 2694 Α

176 2700 305 2730 Vilicus.
343 2699 436 2731 Verr.
462 2699 508 2730 iii.
533 2702 586 2734 93.
624 2708 731 2729 annus
763 2704 815 2730 est
841 2700 876 2730 in

129 2745 272 2775 vilitates
299 2744 359 2774 int.
376 2753 530 2774 annonae.

174 2787 358 2818 fenarium.
406 2787 500 2818 Font.
534 2790 562 2816 5.

130 2840 218 2861 meri.

608 2787 774 2818 vinarium
815 2788 877 2817 cri-

1597 73 1681 119 479

974 169 1123 208 Vincere,
1138 169 1314 201 ostendere
1331 169 1457 209 aliquid
1472 170 1532 206 ita,
1550 174 1589 201 ut
1604 180 1683 211 pro-

928 213 997 250 bes,
1036 220 1075 243 ut
1111 214 1274 244 obtineas.
1314 213 1450 244 Cluent.
1484 217 1537 244 44.
1575 216 1680 253 vince,

928 257 1035 286 virum
1053 257 1178 287 bonum
1195 258 1295 288 fuisse
1312 258 1550 298 Oppianicum.
1582 257 1600 275 ⁷*
1613 258 1681 288 ele-

929 305 1048 339 ganter
1063 300 1103 330 de
1120 310 1172 338 eo,
1189 301 1243 331 cui
1267 301 1347 340 quid
1364 302 1398 330 in
1414 302 1569 331 auctione
1587 302 1682 332 addi-

929 345 1029 381 citur,
1041 344 1109 374 sive
1125 345 1183 383 qui
1199 344 1274 384 plus
1290 344 1423 374 licendo
1440 345 1576 385 accipit,
1589 345 1680 384 quod

928 386 1010 416 vult.
1027 388 1074 417 sic
1091 388 1213 428 passim
1230 392 1282 418 est
1298 389 1332 418 in
1350 388 1449 427 epist.
1466 388 1506 417 ad
1524 388 1626 418 Attic.
1639 394 1680 419 ut

930 431 999 460 xiii.
1023 432 1076 465 99.
1115 431 1286 461 Othonem
1309 432 1420 462 vincas
1443 431 1526 461 volo.
1558 432 1599 461 cf.
1624 435 1679 464 33.

928 474 1092 504 *causam
1110 474 1286 514 injudicio
1301 475 1464 504 obtinere.
1493 475 1527 505 in
1545 485 1610 513 quo
1627 480 1679 507 est

928 517 1049 558 duplex
1067 517 1192 548 forma:
1219 518 1324 548 altera
1340 523 1431 548 certa
1451 523 1486 548 et
1501 519 1681 549 usitatissi-

928 571 994 591 ma.
1037 561 1134 592 Rosc.
1167 562 1261 592 Com.
1298 565 1346 592 18.
1385 563 1508 592 vicdsset
1534 561 1678 601 judicio.

929 604 1046 644 Quint.
1063 607 1117 639 27.
1143 615 1205 645 ego
1221 606 1400 646 sponsione
1416 606 1550 636 vicerim
1561 618 1572 635 :
1596 605 1679 637 alte-

928 658 964 678 ra
980 648 1126 679 insolens
1143 654 1244 688 atque
1259 649 1346 679 hanc
1362 650 1403 679 ob
1420 659 1555 679 causam
1569 650 1603 679 in
1617 650 1680 680 du-

928 692 1022 722 bium
1045 698 1183 722 vocata:
1210 693 1304 723 Verr.
1321 693 1343 722 i.
1360 696 1411 723 53.
1441 694 1570 723 vincere
1585 693 1680 733 judi-

928 736 1030 766 cium.
1071 737 1195 766 Caecin.
1219 739 1272 768 31.
1301 738 1428 767 vincere
1450 737 1678 777 sponsionem.

927 780 985 809 ubi
1014 779 1079 811 vid.
1104 780 1266 810 Passerat.
1303 786 1339 810 et
1369 780 1476 811 Graev.
1515 780 1678 812 Similiter

927 823 1023 854 Ovid.
1049 824 1129 858 Her.
1155 825 1218 854 xvi.
1243 824 1296 859 76.
1332 823 1434 854 dixit:
1465 833 1532 854 non
1557 823 1675 856 omnes

928 877 1063 898 causam
1086 869 1213 898 vincere
1236 877 1330 907 posse
1347 877 1460 898 suam:
1487 867 1544 897 ubi
1569 867 1677 898 Hein-

926 912 994 941 sius
1026 912 1214 951 corrigebat
1237 921 1355 942 causa:
1389 911 1566 942 dubitante
1589 911 1675 942 Bur-

927 964 1063 993 manno,
1088 961 1124 986 et
1154 956 1314 986 afferente
1344 956 1472 986 vincere
1501 954 1628 986 bellum
1656 966 1676 986 e

926 998 1010 1029 Vell.
1028 999 1060 1029 ii.
1079 1002 1130 1030 55.
1163 999 1238 1029 add.
1253 999 1345 1038 Virg.
1364 1000 1441 1030 AEn.
1465 1009 1496 1030 x.
1513 1002 1588 1033 370.
1619 999 1677 1030 de-

925 1043 1014 1072 victa
1030 1042 1127 1073 bella.
1162 1043 1276 1073 Etiam
1293 1043 1401 1073 Graeei
1416 1047 1558 1082 utroque
1577 1043 1677 1074 modo

926 1085 1056 1124 dieunt,
1081 1088 1160 1127 ηκᾷν
1180 1086 1287 1127 μίχνιν
1310 1091 1344 1116 et
1366 1086 1470 1128 μάχῃ.
1507 1096 1536 1116 V.
1558 1085 1677 1117 Alber·

924 1136 997 1160 tum
1016 1130 1054 1159 V.
1072 1130 1142 1160 Cel.
1159 1130 1237 1161 Obs.
1253 1130 1296 1160 ad
1310 1131 1396 1161 NOV.
1411 1130 1450 1161 Τ.
1469 1140 1502 1170 p.
1519 1132 1594 1161 242.
1623 1130 1674 1161 Si-

924 1173 1002 1204 mile
1020 1174 1123 1204 etiam
1140 1173 1223 1204 illud
1239 1178 1303 1212 est,
1319 1173 1408 1213 quod
1426 1173 1530 1204 latine
1547 1173 1672 1205 dicitur

923 1222 1049 1248 certare
1066 1218 1242 1258 sponsione
1263 1219 1307 1259 (v.
1323 1217 1471 1258 sponsio)
1490 1222 1525 1247 et
1543 1222 1672 1249 certare

923 1261 1065 1291 multam
1090 1272 1142 1301 ap.
1159 1262 1231 1292 Liv.
1247 1272 1321 1292 xxv.
1340 1264 1371 1292 3.
1402 1261 1443 1291 ab
1467 1261 1529 1292 hae
1554 1266 1670 1293 autem

922 1306 1013 1335 verbi
1038 1305 1283 1344 significatione
1307 1305 1468 1335 dicuntur
1490 1306 1589 1343 vinci,
1613 1306 1672 1346 qui

922 1359 1022 1379 causa
1038 1349 1165 1379 cadunt
1181 1359 1240 1380 seu
1264 1348 1547 1379 condemnantur.
1574 1349 1672 1381 Verr-

920 1392 942 1421 i.
970 1395 1001 1424 4.
1041 1402 1115 1423 reus
1144 1397 1216 1424 tam
1244 1402 1382 1431 nocens,
1408 1397 1480 1423 tam
1507 1393 1671 1433 perditus,

921 1440 992 1466 tam
1010 1437 1124 1468 victus.

966 1480 1107 1511 Vinez're.
1147 1479 1217 1511 Att.
1242 1480 1296 1511 vii.
1324 1483 1373 1512 18.
1411 1481 1528 1511 vinciri
1557 1481 1672 1521 praesi-

921 1523 995 1554 diis.
1018 1524 1140 1555 *Orat
1162 1527 1209 1555 13.
1232 1524 1334 1554 verba
1347 1526 1481 1555 vincire.
1505 1525 1598 1556 Orat.
1617 1528 1671 1557 50.

919 1568 1105 1598 sententias
1131 1569 1264 1598 vincire.
1301 1567 1365 1598 hoc
1396 1568 1476 1607 quid
1506 1569 1562 1607 sit,
1588 1569 1670 1599 tiro-

919 1620 1002 1641 num
1026 1622 1126 1642 causa
1148 1611 1329 1642 dicendum
1353 1618 1425 1650 est;
1450 1612 1484 1642 in
1508 1622 1574 1651 quo
1594 1613 1669 1643 bre-

918 1655 1005 1685 viter
1020 1659 1222 1696 repetemus,
1238 1665 1313 1694 quae
1336 1655 1416 1686 olim
1433 1656 1473 1686 de
1489 1655 1552 1686 hac
1575 1666 1609 1686 re
1626 1667 1668 1687 ex

919 1699 1075 1729 instituto
1105 1699 1138 1729 in
1169 1699 1359 1739 prolusione
1387 1699 1499 1739 aliqua
1521 1699 1668 1731 diximus

918 1742 1080 1782 pluribus.
1127 1743 1258 1773 Vincire
1280 1747 1394 1773 autem
1419 1748 1483 1781 est,
1499 1744 1547 1775 ita
1568 1745 1669 1775 verba

919 1790 954 1816 et
976 1786 1159 1817 sententias
1183 1787 1245 1817 sibi
1263 1787 1419 1827 jungere,
1436 1792 1474 1817 ut
1498 1798 1537 1817 ex
1562 1787 1668 1828 pluri-

918 1830 979 1860 bus
1010 1830 1254 1871 propemodum
1284 1830 1336 1860 vel
1367 1840 1474 1861 unum
1511 1832 1665 1870 verbum,

918 1874 970 1904 vel
986 1884 1054 1904 una
1069 1875 1240 1905 sententia
1253 1874 1344 1905 facta
1358 1874 1522 1905 videatur.
1567 1875 1667 1915 Quod

919 1917 960 1948 ad
976 1918 1075 1948 verba
1089 1918 1226 1956 attinet,
1242 1927 1293 1948 res
1317 1928 1356 1948 eo
1380 1918 1480 1956 redit,
1496 1923 1536 1949 ut
1558 1921 1669 1949 extre-

918 1971 982 1991 mae
1014 1966 1048 1991 et
1086 1962 1203 2002 primae
1240 1962 1416 1992 verborum
1455 1961 1561 1992 literae
1599 1963 1669 1993 sint

919 2004 1096 2045 ejusmodi,
1112 2010 1151 2035 ut
1175 2006 1208 2035 in
1230 2005 1484 2046 pronunciando
1507 2006 1608 2037 verba
1630 2008 1666 2037 in

920 2058 1023 2078 unam
1051 2058 1165 2079 vocem
1193 2049 1376 2080 coalescere
1406 2049 1547 2090 possint,
1574 2051 1667 2089 quia,

917 2097 957 2122 ut
973 2093 1153 2133 Dionysius
1170 2093 1231 2130 ait,
1248 2102 1315 2123 non
1339 2096 1391 2123 est
1406 2092 1549 2127 αἰσθητὴ
1564 2093 1666 2136 χρὸνις

916 2135 1030 2174 μεταξὺ
1053 2135 1110 2166 *zv
1131 2135 1284 2175 ὄνομάτων.
1313 2136 1353 2167 de
1376 2137 1543 2167 Structur.
1573 2138 1669 2169 Orat.

917 2179 949 2208 S.
968 2181 1020 2210 23.
1051 2189 1071 2210 a
1094 2189 1159 2219 quo
1183 2179 1303 2210 deinde
1327 2179 1450 2210 leniter
1472 2181 1574 2211 fluere
1594 2191 1669 2212 ora-

916 2224 963 2252 tio
981 2226 1015 2252 et
1032 2222 1122 2253 laevis
1138 2233 1209 2253 esse
1225 2223 1361 2254 dicitur.
1407 2224 1571 2265 Exemplo
1595 2235 1667 2255 esse

917 2272 1057 2307 possunt
1072 2267 1225 2296 versiculi
1242 2267 1395 2308 Sapphus
1413 2267 1503 2308 apud
1518 2268 1666 2299 eundem

916 2311 1135 2350 Dionysium:
1160 2310 1349 2353 ποικιλόφςον
1373 2311 1432 2341 &c.
1466 2321 1544 2342 nam
1570 2313 1604 2342 in
1627 2312 1668 2343 iis

916 2354 1031 2384 omnia
1046 2355 1159 2391 verba,
1178 2355 1257 2392 quia
1272 2358 1332 2384 aut
1347 2354 1492 2385 alterum
1511 2355 1546 2385 in
1569 2365 1668 2386 voca-

917 2397 939 2427 li
971 2397 1108 2435 desinit,
1135 2397 1281 2428 alterum
1308 2408 1328 2428 a
1356 2408 1502 2429 consona
1531 2399 1666 2440 incipit,

916 2444 976 2472 aut
991 2445 1120 2478 contra,
1131 2444 1256 2471 coeunt
1268 2445 1431 2481 tanquam
1445 2443 1479 2472 in
1492 2452 1596 2473 unam
1611 2453 1670 2474 vo-

917 2494 1002 2515 cem.
1039 2484 1078 2514 In
1096 2483 1224 2514 duobus
1240 2489 1354 2515 autem
1370 2483 1423 2519 διὸς
1439 2483 1601 2517 &aarum
1617 2495 1667 2518 eoe

916 2537 1070 2558 consonae
1101 2533 1322 2566 concurrunt,
1352 2539 1494 2568 quarum
1527 2539 1669 2563 concur-

916 2581 972 2602 sus
988 2571 1072 2601 nihil
1089 2571 1280 2612 asperitatis
1304 2571 1426 2612 habet3
1451 2573 1540 2612 quod
1563 2584 1602 2604 ex
1627 2584 1668 2604 eo

909 2615 1098 2654 judicatur,
1115 2614 1203 2654 quod
1225 2615 1360 2646 easdem
1381 2616 1415 2646 in
1432 2617 1550 2646 eodem
1567 2617 1667 2648 verbo

916 2668 1090 2689 occurrere
1113 2659 1277 2698 videmus,
1301 2664 1341 2690 ut
1363 2659 1399 2689 in
1421 2657 1570 2694 Σιὸσδατος.
1615 2661 1668 2692 Ex

918 2702 1087 2732 Ciceronis
1105 2702 1406 2733 innumerabilibus
1424 2713 1588 2743 ponamus
1601 2703 1666 2735 hoe

917 2755 1025 2776 unum
1041 2755 1083 2775 ex
1097 2746 1196 2776 Rose.
1212 2745 1287 2776 Am.
1305 2748 1358 2777 24.
1390 2745 1442 2776 hae
1458 2751 1538 2777 sunt
1555 2747 1667 2788 impiis

917 2789 1058 2819 assiduae
1082 2789 1142 2820 &c.
1174 2789 1214 2819 In
1237 2789 1300 2820 hoe
1324 2799 1446 2830 genere
1469 2795 1585 2821 autem
1609 2790 1668 2821 illa

917 2833 1029 2863 cautio
1046 2835 1108 2870 est,
1124 2842 1166 2863 ue
1191 2833 1292 2865 nimis
1307 2843 1347 2864 ea
1363 2842 1414 2865 res
1436 2833 1583 2865 studiose
1608 2838 1668 2865 aut
