1920 3196
180 75 263 114 5512

190 172 264 201 Act.
284 171 306 202 i.
329 170 362 200 in
386 168 479 200 Verr.
509 171 558 199 13.
588 168 645 198 ubi
671 168 788 198 consul
811 168 926 200 Roma:

190 215 316 245 dicitnr
333 224 403 244 csse
420 224 496 243 cum
514 221 647 243 summo
670 214 804 251 imperio
823 218 857 243 et
872 224 928 253 po-

192 263 327 289 testato.
380 258 414 288 In
462 258 593 297 Imperio
620 261 737 286 tamen
766 256 928 286 hactenus

194 303 305 333 differt
324 312 342 331 a
358 312 432 331 cum
449 302 593 341 impaio,
611 306 649 330 ut
665 301 698 330 in
716 310 754 329 eo
767 300 810 330 sit.
821 310 930 340 respe-

194 351 269 378 ctus
287 346 328 376 ad
351 345 525 379 honorem,
540 345 648 382 sitque.-
672 353 730 383 pro
755 345 929 384 magistra-

191 395 243 421 tu.
291 389 387 429 Apud
419 388 618 418 Suetonium
647 388 681 416 in
706 388 840 427 imperio
863 398 929 418 non

194 434 298 464 semel
316 435 360 463 sic
378 433 535 462 o‹-‹-urrit.
582 432 633 462 De
650 436 794 470 utroque
810 441 930 470 genere

193 479 321 517 imperii
346 477 417 515 lcgc
442 477 555 516 Sigon.
579 475 658 505 Ant.
684 475 716 505 J.
744 475 837 505 Prov.
854 475 876 505 l.
895 476 929 505 ii.

197 525 227 553 5.
246 522 275 551 6.
295 521 340 550 iii.
362 524 391 551 5.
418 524 448 554 7.
473 530 520 559 sq.
552 520 686 550 Manut.
712 519 753 548 ad
778 519 845 549 Cic.
871 519 931 558 Ep.

195 565 237 595 ad
255 565 330 594 Div.
348 565 368 593 i.
388 567 414 593 l.
446 564 463 582 ᾖ
476 563 570 593 Verr.
585 564 605 593 i.
625 564 677 593 9²2.
709 563 744 592 in
762 562 932 593 nonnullis

196 609 270 638 cdd.
297 613 471 646 tamquam
495 607 629 643 Aldina,
647 607 693 636 sic
716 606 856 646 legitur:
890 606 935 636 le-

197 652 341 692 gationis
359 652 494 681 nomine
511 661 588 681 cum
613 652 745 690 imperio
761 655 794 680 et
811 651 936 680 securi-

196 697 257 726 bus
289 700 454 725 mercator
479 695 650 734 signoruni
677 694 936 733 tabularumque

199 741 319 770 missus
336 743 396 769 est.
431 740 478 779 (ct
510 743 718 768 memoratur
745 738 858 768 Verris
891 738 936 768 lc-

200 785 269 824 gati
290 783 398 814 lictor.
431 794 460 812 c.
479 785 530 813 528.
548 786 630 812 extr.
649 788 682 812 et
700 781 767 820 31.)
788 782 937 812 Graevius

200 828 243 858 ad
271 828 363 857 Prov.
390 827 489 857 cons.
514 830 544 857 3.
578 825 701 856 oblitus
728 827 761 855 in
786 836 846 856 sua
869 826 937 856 edi-

196 873 290 902 tione
308 872 378 901 hiet·
395 872 494 900 verba
510 880 576 900 non
594 879 678 906 esse,
695 870 740 900 ibi
756 871 936 910 improprie

197 925 313 946 vocem
341 916 467 955 imperii
494 914 599 954 accipi
631 913 727 951 dicit,
755 925 814 954 pro
844 921 938 954 pote-

199 966 287 990 state
334 959 476 998 quadam
524 958 797 995 extraordinaria,
837 968 936 997 quam

200 1004 263 1044 ipsi
295 1003 472 1034 Dolabella
502 1001 652 1039 dederat,
676 1009 717 1032 ut
746 1007 843 1032 tanta
866 1003 937 1040 ejus

200 1052 289 1077 esset
322 1047 456 1086 ubique,
486 1050 613 1085 quanta
648 1046 751 1086 ipsius
783 1047 938 1076 Praetoris

199 1091 392 1121 auctoritas.
436 1090 521 1120 Mihi
538 1090 669 1120 videtur
684 1089 768 1120 illud
784 1100 860 1120 cum
877 1091 938 1121 im-

196 1137 288 1175 perio
312 1145 349 1165 ac
373 1135 544 1165 securibus
568 1145 608 1164 ex
632 1134 675 1164 iv.
692 1137 724 1164 4.
755 1134 936 1174 repetitum

200 1189 286 1216 esse,
302 1179 360 1209 ubi
376 1179 416 1208 de
430 1179 550 1209 Verre:
568 1179 597 1209 O
613 1177 808 1217 praeclaram
825 1178 939 1208 defen—

201 1223 348 1253 sionem!
381 1228 604 1253 mercatorem
635 1232 713 1252 cum
743 1223 877 1263 imperio
900 1232 937 1252 ac

201 1267 372 1296 securibus
391 1268 424 1297 in
450 1266 654 1307 provinciam
680 1266 845 1297 misimus.
877 1266 938 1296 nisi

199 1310 286 1341 forte
319 1311 435 1341 Cicero
467 1310 626 1340 invidiose
661 1316 695 1340 et
731 1312 938 1342 accusatorie

200 1364 271 1385 rem
290 1364 411 1393 augere-
428 1354 546 1384 voluit.

249 1399 441 1439 Impetrare.
473 1399 549 1429 Div.
569 1398 590 1428 i.
612 1400 642 1428 Q.
674 1407 799 1438 magna
821 1400 868 1429 vis
893 1399 939 1429 vi-

203 1441 303 1472 detur
314 1452 385 1472 esse
395 1443 428 1472 in
438 1443 651 1482 impetrandis
660 1442 938 1482 consulendisque

203 1487 312 1516 rebus.
358 1487 419 1517 Est
435 1487 573 1517 verbum
591 1485 765 1526 augurale,
783 1486 938 1526 idemque

203 1530 383 1569 significat,
401 1530 489 1569 quod
512 1531 691 1570 impetrire,
707 1530 747 1560 de
770 1540 835 1570 quo
852 1540 941 1561 mox.

208 1575 390 1613 [inpetrare
405 1574 531 1605 habent
546 1575 648 1604 etiam
671 1574 773 1605 Codd.
791 1574 876 1604 Plin.
896 1574 940 1606 H.

201 1617 246 1648 N.
265 1619 298 1649 ii.
320 1620 371 1649 5⁴2.

249 1663 452 1703 Impetratio.
480 1663 550 1693 Att.
575 1663 618 1692 xi.
648 1664 702 1694 22.
741 1663 943 1702 impetratio-

202 1717 258 1736 nes
272 1712 402 1737 nostras
419 1706 503 1736 nihil
519 1705 638 1736 valere.

250 1750 435 1791 Impetrire.
463 1750 538 1780 Div.
558 1751 578 1780 i.
599 1751 648 1781 16.
675 1750 790 1780 avibus
807 1759 939 1790 magnae

205 1804 255 1825 res
272 1795 435 1834 impetiit-i
457 1794 618 1824 solebant.
648 1793 728 1824 ibid.
745 1795 779 1825 ii.
803 1795 852 1825 15.
885 1795 943 1834 qut

204 1839 331 1875 evenit,
340 1844 378 1868 ut
391 1838 448 1877 qui
461 1839 628 1878 impetrire
638 1838 733 1876 velit,
743 1838 943 1869 convenien-

205 1887 276 1912 tem
287 1881 430 1912 hostiam
441 1882 538 1912 rebus
549 1883 616 1912 suis
627 1882 744 1912 ducat?
760 1882 819 1912 Est
828 1887 942 1912 autem

205 1927 386 1965 impetrire,
396 1926 566 1967 auspiciis,
576 1927 674 1964 extis,
686 1926 746 1956 διο.
770 1927 944 1956 consulere

204 1970 307 2007 Deos,
321 1981 377 2007 an,
391 1970 478 2009 quod
491 1971 526 2000 in
541 1970 693 2000 manibus
708 1969 883 2009 habemus,
896 1971 943 2000 fe-

206 2012 304 2044 licem
325 2024 516 2044 successum
532 2014 575 2044 sit
599 2013 793 2044 habiturum
817 2024 943 2044 necne:

208 2058 311 2095 unde,
327 2059 414 2097 quod
435 2068 509 2088 aves
527 2059 726 2095 admittunt,
743 2062 819 2088 exta
834 2058 946 2088 felicia

207 2102 364 2138 suadent,
382 2103 414 2132 id
438 2103 640 2142 impetritum
661 2101 795 2132 dicitur.
823 2112 851 2132 v.
871 2102 945 2132 Ma-

207 2150 280 2176 nut.
297 2146 337 2176 ad
352 2147 427 2176 Div.
438 2147 458 2176 i.
473 2147 521 2177 16.
545 2150 579 2176 et
592 2146 888 2176 Hotomann.0bs.
902 2147 945 2176 iv.

208 2193 240 2221 3.
266 2190 308 2221 vi.
331 2193 378 2220 ll.
407 2191 589 2230 quemjam
614 2189 762 2220 laudavit
777 2190 946 2221 Davisius.

208 2232 238 2264 E
260 2233 333 2264 loco
358 2234 528 2264 Ciceronis
552 2238 666 2264 autem
690 2234 865 2274 posteriori
889 2244 947 2274 pa-

208 2282 272 2316 tet,
289 2278 412 2308 falsum
437 2288 521 2315 esse,
539 2277 628 2317 quod
650 2276 798 2317 Scaliger
821 2277 863 2308 ad
888 2278 946 2309 Fe-

206 2327 297 2352 stum
318 2322 472 2362 putabat,
489 2323 657 2361 impetn‘re
672 2321 736 2352 dici
752 2326 888 2352 tantum
905 2322 945 2352 de

210 2365 380 2406 auspiciis,
393 2365 433 2396 de
450 2367 535 2396 extis
548 2371 662 2396 autem
680 2365 787 2395 litare.
818 2366 946 2406 Saepius

205 2413 323 2440 tamen
346 2410 386 2440 de
411 2411 566 2450 auspiciis
590 2411 750 2447 occurrit,
774 2413 813 2439 ut
837 2409 947 2441 Plaut.

207 2454 338 2484 Asinar.
358 2455 390 2484 ii.
413 2457 439 2484 l.
463 2457 510 2484 ll.
535 2454 621 2484 Plin.
641 2453 740 2484 H.N.
754 2454 787 2483 ii.
803 2457 853 2484 53.
872 2454 947 2486 add.

208 2497 375 2528 Harduin.
410 2498 452 2528 ad
480 2498 565 2528 Plin.
597 2498 708 2528 xxviii.
737 2507 763 2527 S.
791 2501 823 2528 3.

207 2543 343 2572 verbum
363 2551 429 2572 non
446 2548 496 2572 est
513 2543 547 2571 in
565 2541 708 2571 Nizolio.

248 2587 406 2625 Impetus.
439 2586 552 2616 Dciot.
576 2590 606 2617 ΞΖ.
637 2588 776 2625 impetus
799 2585 944 2624 dicendi,

204 2639 265 2670 pro
282 2631 498 2660 contentione
515 2636 549 2659 et
566 2631 596 2659 vi
614 2630 647 2659 iu
661 2629 813 2659 dicendo.
839 2631 944 2669 *poe-

203 2681 248 2705 tae
287 2680 415 2704 veteres
453 2674 515 2703 hoc
555 2674 654 2703 verbo
691 2674 725 2703 in
761 2673 945 2713 periphrasi

204 2722 361 2749 utuntur.
408 2718 528 2747 Accius
551 2718 629 2748 Div.
653 2718 674 2746 i.
694 2719 746 2748 2⁶2.
780 2722 945 2747 nocturno

202 2765 339 2803 impetu,
363 2772 423 2802 pro
447 2767 561 2792 noctu.
593 2760 694 2790 Tusc.
720 2761 753 2790 ii.
780 2764 810 2791 8.
844 2761 943 2791 bifor-

203 2813 296 2838 mato
312 2809 435 2845 impetu
448 2810 641 2841 centsurus,
657 2815 714 2844 pro
730 2804 941 2843 informatus,

202 2851 365 2891 bicorpor.
397 2850 458 2880 Est
473 2853 589 2879 tamen
602 2849 703 2878 ctiam
723 2849 757 2877 in
774 2858 882 2888 prosa.
896 2850 937 2881 N.

202 2893 245 2926 D.
267 2896 302 2926 ii.
327 2898 378 2926 33.
411 2895 570 2934 impetum
595 2892 666 2922 eceli
692 2893 817 2923 moveri
842 2894 941 2927 verti-

871 2499 945 2530 Hoc

705 78 852 109 INDEX
884 79 1166 109 LATINITATIS
1173 99 1182 109 .

973 177 1051 208 que,
1074 179 1146 209 pro,
1172 169 1306 200 coelum.
1353 169 1448 210 Saepe
1473 171 1522 202 ita
1546 176 1598 202 est
1621 168 1711 212 apud

974 214 1184 244 Lucretium.
1210 224 1240 244 ν.
1259 214 1333 244 Ind.
1349 214 1472 245 Gifanii
1490 215 1522 245 in
1540 216 1574 246 h.
1591 227 1620 247 v.

1019 257 1249 296 Impius.Pliil.
1263 258 1304 288 vi.
1315 258 1346 288 6.
1359 264 1443 289 extr.
1463 260 1554 299 impii
1566 261 1665 298 cives,
1679 261 1714 302 (e

974 300 1118 330 lectione
1139 300 1261 340 Graev.)
1280 306 1371 340 sunt,
1389 303 1444 342 qui
1469 304 1585 343 patriae
1609 305 1712 334 exitio

974 349 1064 374 sunt.

1019 388 1170 427 Implere.
1203 388 1298 418 Orat.
1314 391 1366 424 99.
1399 391 1511 429 implet
1526 401 1645 429 aures3
1671 391 1711 422 de

976 431 1112 471 periodo
1144 440 1322 462 numerosa
1347 437 1383 463 et
1405 434 1507 471 justae
1540 436 1711 475 magnitu-

976 475 1075 504 dinis.
1127 475 1145 493 *ζ
1161 485 1237 505 cum
1277 477 1437 515 genitivo,
1475 487 1566 508 more
1604 489 1714 518 grzeco

976 518 1070 548 Verr.
1088 519 1109 548 i.
1127 520 1181 549 116.
1215 519 1339 550 multos
1355 520 1484 551 codices
1500 523 1644 562 implevit
1659 532 1714 553 ea.-

978 572 1052 592 rum
1070 572 1195 593 rerum.

1025 607 1215 645 Implieare,
1232 607 1433 646 immiscere,
1450 609 1575 640 indere.
1601 610 1678 641 Div.
1693 610 1716 641 i.

981 650 1034 680 36.
1067 650 1123 680 Dii
1155 651 1222 681 vim
1253 661 1350 682 suam
1380 652 1557 683 hominum
1586 654 1715 685 naturis

979 694 1160 733 implicant.

1026 738 1219 778 Implicatio.
1257 739 1348 769 Sext.
1372 739 1427 770 46.
1464 741 1640 780 implicatio
1669 741 1719 772 rei

980 781 1169 820 familiaris,
1185 787 1236 812 est
1251 792 1295 812 aes
1311 784 1471 813 alienum.
1495 784 1595 814 *Inv.
1613 785 1649 815 ii.
1664 787 1722 816 32.

981 827 1158 864 implicatio
1190 827 1340 857 locorum
1378 829 1611 858 communium
1652 835 1718 867 est,

982 879 1059 899 eum
1077 870 1110 899 in
1129 869 1433 901 demonstrationes
1452 872 1649 902 inseruntur
1664 882 1719 902 or-

982 913 1085 943 nandi
1102 918 1136 943 et
1152 914 1343 944 illustrandi
1359 925 1471 945 causa.

1028 958 1233 997 Implicatus,
1260 959 1471 997 conjunctus.
1500 959 1542 989 ad
1567 959 1644 990 Div.
1671 959 1717 990 vi.

986 1003 1035 1031 19.
1067 1001 1172 1032 habeo
1189 1012 1244 1032 eos
1268 1004 1446 1042 implicatas
1463 1003 1719 1034 consuetudine.

982 1044 1095 1075 vatin.
1123 1048 1149 1075 l.
1181 1046 1410 1076 inconstantia
1439 1047 1584 1087 perjurio
1609 1048 1722 1087 impei-

983 1093 1070 1119 cata.
1102 1090 1166 1120 Off.
1182 1091 1203 1121 i.
1220 1093 1251 1121 5.
1280 1091 1448 1131 implicata
1472 1091 1561 1120 inter
1575 1101 1609 1121 se
1625 1096 1719 1122 sunt.

983 1133 1071 1163 conf.
1096 1133 1182 1164 Phil.
1207 1134 1242 1164 ii.
1260 1136 1313 1165 32.
1344 1134 1363 1152 ⁵*
1376 1134 1531 1172 difficilis,
1547 1135 1720 1166 obscurus.

983 1178 1080 1207 Orat.
1094 1177 1140 1208 iii.
1159 1180 1208 1208 14.
1241 1178 1378 1217 reliquae
1393 1184 1473 1208 suut
1495 1188 1640 1218 magnae,
1655 1180 1719 1210 im·

978 1222 1121 1262 plicatoe,
1146 1222 1245 1252 variae
1270 1223 1330 1252 διο.
1367 1222 1440 1252 Fin.
1465 1222 1511 1252 iii.
1539 1225 1566 1253 l.
1598 1232 1659 1253 nec
1683 1223 1722 1253 in

981 1265 1143 1305 Torquati
1154 1275 1307 1296 sermone
1322 1266 1503 1305 quidquam
1516 1267 1720 1307 implicatum

983 1314 1044 1339 aut
1069 1313 1260 1340 tortuosum
1283 1309 1362 1340 fuit.
1393 1310 1554 1340 *insitus
1588 1309 1670 1350 Leg-
1697 1311 1722 1341 i.

986 1356 1036 1387 17.
1066 1363 1141 1392 quae
1158 1354 1193 1384 in
1209 1354 1300 1384 omni
1325 1363 1423 1384 sensu
1446 1355 1617 1393 implicata
1641 1354 1727 1385 insi«

984 1397 1053 1427 det.
1083 1397 1210 1428 *Verr.
1234 1398 1283 1428 iii.
1314 1401 1366 1429 35.
1401 1399 1606 1438 implicatum
1639 1397 1722 1438 legi·

984 1441 1046 1471 bus
1069 1442 1196 1472 teneri:
1222 1441 1256 1472 h.
1280 1451 1309 1472 e.
1336 1442 1500 1480 impediri.
1530 1442 1612 1473 Har.
1631 1441 1672 1473 R.
1685 1444 1719 1473 4.

983 1486 1233 1525 exspectatione
1251 1485 1405 1526 supplicii
1422 1486 1618 1525 implicatus.

1028 1529 1245 1570 Impluvium.
1277 1530 1370 1560 Verr.
1387 1531 1409 1560 i.
1428 1531 1480 1560 23.
1511 1530 1620 1569 signa,
1645 1538 1724 1569 quae

984 1581 1076 1603 nunc
1100 1573 1142 1603 ad
1164 1575 1361 1614 impluvium
1383 1578 1482 1604 tuum
1503 1578 1606 1604 stant.
1639 1573 1721 1603 ibid.

986 1617 1039 1647 56.
1079 1616 1252 1648 columnas
1284 1617 1432 1657 singulas
1460 1617 1502 1648 ad
1526 1618 1723 1658 impluvium

985 1671 1056 1690 esse
1085 1660 1211 1692 locatas
1234 1662 1294 1692 διο.
1341 1662 1402 1692 Est
1424 1660 1517 1691 locus
1541 1660 1721 1692 subdivalis

987 1706 1021 1735 in
1039 1705 1157 1735 mediis
1181 1705 1321 1743 aedibus,
1340 1705 1445 1745 (unde
1460 1705 1556 1736 Verr.
1576 1705 1597 1735 i.
1618 1708 1666 1739 19.
1691 1707 1726 1734 et

987 1751 1039 1780 23.
1072 1751 1269 1789 impluvium
1283 1753 1318 1779 et
1334 1749 1453 1779 mediae
1476 1749 1563 1779 aedes
1588 1757 1723 1789 permu-

986 1794 1128 1832 tantur.)
1156 1794 1191 1823 in
1215 1803 1316 1833 quem
1340 1803 1427 1832 aqua
1453 1793 1493 1822 de
1517 1793 1618 1824 tectis
1645 1801 1724 1822 con—

988 1837 1081 1867 fluit:
1107 1836 1165 1868 Gr.
1179 1835 1346 1877 μισαόλιον,
1363 1837 1421 1867 ubi
1438 1837 1494 1867 Dii
1516 1842 1656 1877 penates
1672 1846 1726 1866 co·

987 1881 1144 1911 lebantur
1160 1891 1253 1911 more
1269 1881 1399 1918 Graeco,
1416 1880 1456 1910 de
1472 1890 1538 1920 quo
1554 1890 1584 1910 v.
1601 1881 1634 1910 in
1648 1880 1729 1913 Lar.

988 1923 1027 1955 Id
1042 1935 1120 1955 cum
1137 1925 1331 1964 ignorarent
1346 1925 1545 1964 interpretes
1558 1923 1725 1960 Suetonii,

991 1970 1072 1999 mire
1097 1979 1132 1999 se
1158 1973 1330 1999 torserunt
1352 1969 1388 1998 in
1412 1968 1600 2008 compluvio
1623 1977 1726 2008 pena-

987 2014 1075 2043 tium
1100 2014 1134 2043 in
1157 2013 1245 2052 Aug.
1261 2015 1315 2047 9⁶2.
1348 2013 1563 2053 Impluzvium‚
1582 2022 1621 2042 ex
1645 2011 1727 2041 locis

988 2057 1100 2088 citatis
1119 2061 1227 2098 patet,
1244 2057 1352 2096 primo
1366 2056 1549 2096 porticibus
1574 2056 1725 2085 cinctum

988 2101 1091 2132 fuisse
1107 2101 1142 2131 in
1166 2100 1291 2131 aedibus
1316 2101 1521 2130 beatiorum:
1547 2099 1591 2130 cf.
1606 2098 1728 2138 virgil.

988 2145 1066 2176 AEn.
1085 2145 1120 2176 ii.
1137 2145 1213 2176 526.
1236 2154 1307 2183 sqq.
1324 2144 1442 2174 deinde
1459 2149 1588 2174 statuas
1606 2143 1650 2173 ibi
1668 2152 1728 2183 po-

989 2190 1070 2219 sitas
1086 2193 1226 2219 ornatus
1242 2198 1353 2218 causa.
1385 2198 1424 2218 ex
1450 2198 1514 2227 quo
1538 2188 1649 2218 lucem
1674 2196 1730 2216 ca«

990 2234 1041 2273 pit
1056 2232 1148 2263 locus
1162 2232 1307 2273 Quintil.
1324 2232 1368 2262 xi.
1385 2234 1415 2263 ΕΞ.
1445 2232 1592 2272 primum
1614 2231 1724 2260 locum

991 2276 1155 2308 vestibulo
1189 2276 1283 2316 quasi
1322 2276 1508 2315 assignant,
1540 2273 1724 2305 seeundum

992 2322 1089 2359 atrio,
1111 2328 1186 2351 tum
1210 2321 1368 2360 impluvia
1391 2321 1519 2350 circum
1542 2324 1639 2355 eunt,
1665 2326 1728 2347 nec

991 2365 1153 2396 cubiculis
1170 2364 1270 2395 modo
1287 2368 1346 2395 aut
1367 2363 1509 2401 exedris,
1526 2362 1583 2393 sed
1606 2361 1726 2392 statuis

990 2410 1093 2440 etiam
1118 2408 1348 2448 similibusque
1379 2416 1438 2448 per
1461 2407 1611 2437 ordinem
1636 2415 1728 2435 com-

991 2454 1147 2484 mittunt.
1192 2453 1320 2483 Statuis
1344 2451 1427 2482 mihi
1446 2451 1569 2481 rectius
1585 2449 1731 2486 videtur,

990 2508 1090 2537 quam
1122 2497 1224 2527 lectio
1254 2497 1381 2533 stratis,
1412 2506 1433 2525 a
1469 2495 1664 2525 Bur-manno
1695 2499 1731 2523 et

990 2544 1139 2571 Gesnero
1168 2544 1313 2580 recepta.
1359 2541 1487 2570 Statuae
1516 2549 1542 2569 s.
1567 2539 1665 2577 signa
1693 2537 1728 2566 in

989 2585 1196 2615 ornamentis
1212 2585 1337 2615 aedium
1353 2587 1434 2614 sunt
1456 2583 1559 2613 etiam
1583 2582 1668 2612 Nat.
1684 2580 1727 2611 D.

990 2630 1022 2659 ii.
1040 2632 1093 2663 37.
1116 2629 1210 2659 Verr.
1227 2629 1247 2658 i.
1269 2632 1318 2662 19.
1365 2627 1480 2667 Signa,
1497 2636 1571 2666 qua:
1587 2625 1676 2665 apud
1694 2630 1729 2654 te

990 2683 1098 2713 nuper
1128 2672 1171 2702 ad
1204 2682 1319 2702 omnes
1350 2671 1538 2708 columnas,
1570 2668 1728 2699 omnibus

988 2718 1092 2747 etiam
1123 2715 1392 2746 intercolumniis
1419 2716 1453 2745 in
1477 2715 1559 2744 silva
1582 2712 1727 2750 denique

987 2761 1148 2800 disposita
1163 2761 1224 2790 sub
1240 2760 1314 2790 divo
1330 2760 1486 2789 vidimus.
1525 2757 1644 2787 Viden’
1662 2761 1731 2785 sta-

986 2810 1062 2834 tuar-
1088 2803 1354 2834 intercolumnas
1381 2803 1588 2843 porticuum,
1612 2804 1646 2829 et
1671 2809 1727 2829 su-

986 2858 1058 2888 pra,
1075 2858 1092 2877 c
1116 2848 1209 2878 Verr.
1227 2849 1247 2878 i.
1269 2848 1322 2879 56.
1351 2847 1524 2878 columnas
1549 2845 1591 2876 ad
1605 2845 1728 2884 implu-

986 2893 1077 2922 vium
1095 2892 1296 2922 memorari?
