1985 3206
703 127 847 156 INDEX
869 126 1240 157 GEOGRAPHICUS.

263 218 452 255 Telmesses,
468 218 508 249 de
526 218 638 249 Divin.
656 218 678 248 i.
695 220 749 249 42.
780 218 866 248 cives
885 217 959 248 Tel-

218 263 397 293 7›1essi.Gr.
414 264 569 302 τελμισιῒς.
595 273 614 291 a
639 262 808 298 Telmesso,
834 261 874 291 de
898 262 956 291 Di-

218 307 284 336 vin.
309 308 330 336 i.
361 310 408 337 ll.
436 307 515 336 urbe
544 306 660 335 Cariae.
701 305 955 336 Drakenborch.

217 350 258 378 ad
288 350 421 380 Livium
452 350 574 380 xxxvii.
604 350 651 379 16.
678 349 855 379 Tclnu'ssus
876 350 955 378 scri-

220 393 363 423 bendum
381 399 506 424 censet.

263 437 443 467 Temenites
457 436 585 477 Apollo.
601 436 694 466 Verr.
713 436 754 466 iv.
773 438 824 466 53.
857 446 875 466 a
895 436 954 466 Te-

217 490 320 517 meno,
337 481 408 510 loco
426 491 526 521 prope
544 482 732 520 Syracusas,
750 480 844 517 cujus
862 480 953 509 inco-

214 523 253 553 1ae
273 523 457 555 Temenites.
489 534 519 554 v.
537 523 740 563 Interpretes
757 524 798 552 ad
815 525 952 554 sueton.

213 566 324 597 Tiber.
338 571 389 602 74.
407 574 441 598 et
457 567 596 598 Dorvill.
624 567 662 597 [t.
682 567 746 597 Sic.
763 577 796 606 p.
818 569 886 597 158.
904 576 952 606 sq.

262 611 415 649 Temnus,
432 622 490 652 pro
506 611 612 642 Flacc.
635 614 682 641 18.
698 611 858 651 oppidum
875 612 951 641 (Eo-

213 654 276 684 liae.

258 699 386 736 Temsa,
403 699 496 729 verr.
510 709 539 729 v,
561 698 610 728 16.
626 698 785 738 oppidum
803 697 948 738 primum

211 741 434 773 Bruttiorum.
466 742 622 773 scribitur
642 743 743 771 etiam
765 742 899 772 Temesa
916 749 950 771 et

213 786 362 825 Tempsa.
384 786 477 816 Unde
491 787 689 817 Temsmzum.
701 786 949 823 incommodam,

211 831 244 859 in
255 830 347 860 Verr.
361 841 389 859 v.
404 834 450 862 15.
466 831 607 870 direptio
618 829 748 859 Temsae
762 829 949 867 afugitivis.

209 873 280 905 AEs
305 874 515 911 Temesceztm,
540 885 569 904 v.
593 873 676 904 lntt.
701 873 742 903 ad
764 873 859 903 Ovid.
877 873 949 903 Me-

207 918 378 957 tamorph.
397 929 447 948 xv.
468 919 540 948 init.

256 961 353 999 Tem,
371 962 411 991 ad
428 962 499 992 Ait.
516 963 557 992 vi.
576 964 606 992 Q.
630 971 689 1001 pro
706 971 771 1000 quo
788 960 856 997 alii,
874 971 949 1000 pro—

209 1005 309 1036 bante
337 1006 478 1042 Graevio,
499 1006 615 1044 legunt
641 1005 761 1040 Tenea,
785 1009 836 1034 est
857 1006 948 1034 vicus

211 1050 399 1079 maritimus
417 1050 562 1086 Achaiae,
580 1053 668 1078 mter
691 1048 891 1078 Corinthum
914 1054 948 1078 et

210 1092 386 1132 Mycenen.
434 1093 555 1129 Tenea,
583 1092 684 1129 Mela,
706 1092 841 1122 Strabo.
881 1092 946 1122 Pli-

210 1137 283 1166 nius
300 1138 415 1175 Alme,
434 1137 610 1166 manifeste
627 1145 685 1176 pro
703 1135 822 1166 Tenen.

256 1180 413 1211 Tenediea
443 1180 586 1216 Securis,
604 1180 646 1209 ad
669 1179 733 1218 Qu.
760 1179 809 1209 Fr.
834 1179 868 1209 ii.
897 1183 945 1211 ll.

208 1225 378 1262 proverbio
393 1224 516 1254 dicitur
532 1224 565 1253 in
586 1224 625 1253 iis
645 1224 755 1260 rebus,
773 1233 845 1262 quae
863 1233 946 1263 prae—

205 1267 365 1297 ciduntur
385 1273 419 1298 et
441 1267 538 1307 plane
555 1266 773 1306 celeriterque
789 1267 946 1297 auferun-

205 1316 272 1340 tur.
300 1312 462 1350 originem
490 1311 652 1351 proverbii
677 1311 750 1341 vide
778 1311 811 1340 in
840 1310 943 1351 Adag.

206 1354 335 1385 Erasm.
352 1365 384 1395 p.
403 1366 447 1386 m.
470 1358 561 1386 1451.
574 1365 621 1394 sq.
654 1354 693 1385 In
711 1355 820 1385 nuniis
837 1355 944 1385 Tene-

207 1398 336 1428 diorum
369 1405 420 1429 est
451 1399 602 1429 Securis:
635 1399 674 1428 de
707 1399 826 1438 quibus
854 1402 946 1429 extat

207 1441 348 1472 libellus.
365 1453 395 1473 V.
414 1442 517 1472 Index
534 1442 591 1472 lat.
610 1443 645 1473 in
661 1443 802 1473 Securis.

253 1486 413 1524 Tenedus,
436 1486 529 1517 Verr.
556 1487 577 1516 i.
599 1489 647 1521 19.
666 1486 777 1516 insula
799 1486 946 1517 Asiatica

205 1529 246 1559 ad
262 1539 354 1560 oram
371 1529 612 1560 occidentalem
627 1530 774 1569 Trojano
791 1540 869 1568 agro
886 1541 943 1571 op-

204 1573 333 1612 posita3
352 1574 439 1604 unde
459 1574 591 1604 Tenedz'z'
605 1586 614 1602 :
632 1577 665 1603 in
683 1584 749 1613 qua
762 1574 840 1604 urbs
856 1575 943 1615 ejus-

204 1616 280 1646 dem
298 1618 454 1648 nominis.
499 1617 578 1648 Nat.
596 1618 639 1648 D.
658 1618 704 1648 iii.
727 1621 774 1649 15.

247 1660 438 1699 Terentina,
455 1661 498 1691 ad
515 1662 592 1693 Div.
610 1661 678 1691 viii.
697 1664 727 1692 Β.
747 1662 853 1692 tribus
870 1671 942 1692 rus-

201 1705 321 1735 ticanae
344 1715 477 1735 nomen.

247 1749 427 1786 Terinoeus,
443 1749 507 1789 Qu.
524 1749 625 1780 Tusc.
643 1749 677 1780 ii.
695 1751 748 1780 48.
781 1760 801 1778 a
818 1749 940 1780 Terina

201 1793 281 1822 urbe
305 1793 339 1822 in
362 1792 517 1829 Bruttiis,
534 1804 553 1823 a
577 1803 641 1833 quo
663 1794 756 1823 sinus
774 1793 941 1824 Terinaeus

200 1836 308 1866 dictus
325 1843 385 1867 est.
403 1837 459 1867 Gr.
477 1836 593 1879 τέρεινα.

245 1880 438 1918 Terracina,
457 1881 533 1911 urbs
549 1881 649 1911 Latii.

245 1923 620 1961 Tl1aszav‚insulz1Graeea
627 1924 824 1955 adThraciae
833 1935 936 1956 oram.

243 1967 428 2005 Thermum,
447 1979 476 1998 ν.
496 1968 655 2000 Teanum.

243 2012 369 2049 Thebae,
386 2013 463 2042 urbs
480 2012 627 2042 Boeotiae.

243 2056 406 2092 Tlcerma',
422 2057 514 2086 Verr.
532 2056 565 2085 ii.
587 2059 638 2087 35.
671 2056 830 2096 oppidum
855 2057 936 2087 Sici-

197 2098 248 2128 liae
264 2111 274 2135 ;
290 2100 380 2129 unde
399 2100 646 2136 Thermitanus,
663 2100 742 2130 ibid.
760 2104 812 2131 43.
832 2101 890 2131 &a

243 2143 478 2183 Theo-mamm,
506 2148 666 2182 angustus
689 2145 852 2174 transitus
878 2155 936 2185 per

198 2192 381 2226 praeruptos
409 2193 551 2224 montes,
580 2187 668 2217 silvis
687 2189 877 2228 impervios,
895 2199 934 2218 ex

196 2229 369 2262 Thessalia
384 2231 417 2260 in
434 2230 596 2260 Boeotiam
615 2236 649 2260 et
665 2232 851 2262 Locridem.

242 2273 481 2311 Thessalonica,
498 2271 575 2304 urbs
592 2274 809 2305 Macedoniae.

241 2317 398 2357 Thespiae,
423 2319 500 2348 urbs
527 2318 662 2348 ssoeotiae
687 2319 747 2349 sub
772 2318 935 2349 Helicone

196 2360 237 2391 ad
254 2361 368 2391 sinum
394 2361 576 2399 Crisseum,
600 2362 706 2392 Musis
729 2373 835 2401 sacra,
859 2373 933 2401 quae

193 2405 269 2435 inde
295 2405 488 2444 Thespiades
505 2406 673 2436 dicuntur.

239 2448 442 2487 Thesprotia,
463 2450 553 2488 regio
569 2456 601 2479 et
621 2450 697 2479 urbs
714 2449 820 2490 Epiri,
837 2449 878 2479 ad
893 2450 936 2479 si-

194 2501 275 2522 num
292 2492 518 2533 Ambracium.

239 2532 410 2573 Tlteutimi,
436 2536 553 2566 Manil.
578 2539 630 2567 520.
658 2537 772 2577 populi
797 2537 935 2567 Germa-

193 2578 257 2608 niae
281 2580 401 2608 veteris
425 2581 466 2609 ad
489 2581 598 2610 sinum
629 2580 816 2617 Codanum,
841 2586 875 2611 et
900 2582 932 2610 in

193 2622 310 2652 insulis
326 2623 395 2660 ejus
416 2624 521 2661 sinus,
539 2624 578 2653 de
595 2624 713 2663 quibus
731 2625 794 2655 vid.
814 2624 933 2655 Cellar.

192 2665 281 2695 Diss.
298 2666 338 2695 de
356 2667 497 2697 Cimbris
514 2672 547 2697 ct
563 2667 737 2698 Teutonis.

239 2709 477 2740 Thrasimemts
493 2713 595 2747 lacus,
613 2712 645 2741 in
672 2712 822 2748 Etruria,
840 2711 932 2742 clade

191 2752 345 2783 Romana
361 2754 571 2791 nobilitatus,
589 2755 628 2785 de
648 2755 761 2786 Divin.
778 2756 811 2786 ii.
830 2758 859 2786 8.

234 2795 416 2833 Threicius,
430 2798 470 2827 de
486 2799 550 2828 Off.
568 2799 601 2829 ii.
619 2802 650 2832 7.

233 2839 428 2871 Threcidica
468 2852 562 2872 arma
599 2842 838 2882 gladiatorum,
877 2842 934 2881 qui

191 2882 328 2914 Threces
353 2885 403 2914 vel
431 2885 574 2916 Thraces
598 2886 809 2924 dicabantur,
826 2886 866 2916 sb
885 2896 937 2916 ar-

191 2933 331 2958 maturae
348 2938 483 2969 genere.

500 3010 510 3022 Ο

1699 117 1751 153 55

1050 217 1228 253 lezerium,
1246 221 1280 247 ct
1305 214 1426 248 Thurii
1452 215 1545 256 (nam
1564 220 1748 255 utrumque

1003 267 1054 291 cst
1071 271 1122 300 ap.
1141 261 1224 299 Cic.)
1245 261 1286 291 ad
1305 262 1376 291 Att.
1393 261 1439 291 iii.
1461 262 1507 290 15.
1525 260 1568 290 ix.
1590 263 1637 294 19.
1668 260 1746 292 urbs

1004 303 1178 341 Calabriae,
1201 305 1281 335 olim
1307 304 1444 346 Sybaris
1471 303 1574 340 dicta,
1598 313 1664 342 quo
1688 313 1747 333 no-

1003 348 1092 377 mint·
1110 355 1246 387 propter
1260 358 1408 378 summas
1426 346 1611 377 incolarum
1628 346 1746 387 volup-

998 396 1086 420 tates
1118 392 1278 422 innotuit.
1323 392 1374 423 De
1404 391 1572 430 scriptura
1598 391 1743 421 nominis

1000 444 1028 464 v.
1046 434 1174 464 Duker.
1192 436 1232 465 ad
1248 436 1318 466 Liv.
1337 435 1469 466 xxxviii.
1487 439 1517 469 9.

1046 477 1214 517 Thyamis,
1233 480 1274 509 ad
1290 480 1360 510 Att.
1377 479 1432 509 vii.
1449 480 1481 509 2.
1511 478 1631 508 fluvius
1648 477 1741 518 Epiri

997 521 1127 553 nobilis,

1043 565 1224 605 Thyre’um,
1253 566 1293 596 ad
1320 566 1397 597 Div.
1422 565 1487 595 xvi.
1516 567 1546 596 5.
1578 565 1739 605 oppidum

997 609 1193 640 Acarnaniae
1210 620 1311 650 prope
1328 618 1419 639 mare
1433 614 1467 639 et
1481 608 1598 638 urbem
1611 608 1740 639 Leuca-

997 652 1084 682 dein.

1042 696 1203 727 Tebarani
1226 707 1250 727 s.
1279 696 1446 733 Tibareni,
1464 695 1505 725 ad
1528 696 1605 726 Div.
1629 705 1682 726 κν.
1703 698 1738 726 4.

996 740 1111 779 populi
1124 739 1464 780 Eleutherocilicibus,
1474 740 1624 777 finitimi,
1637 749 1656 769 a
1667 739 1736 770 Cic.

993 791 1083 813 Vlctl.

1040 827 1156 867 Tibur,
1189 827 1348 868 oppidum
1379 826 1468 857 Latii
1498 826 1540 857 ad
1570 826 1735 857 Anienem

995 880 1139 901 amnem.
1188 871 1284 902 Unde
1310 871 1444 908 Tiburs,
1461 871 1503 900 ad
1519 871 1589 900 Att.
1614 871 1682 901 viii.
1703 874 1734 901 4.

994 916 1073 954 ager
1088 916 1176 945 circa
1190 915 1304 945 Tibur.
1332 915 1542 946 Tiburtinum
1565 913 1735 953 Scz'ffl‘onis,

993 958 1078 989 Phil.
1097 970 1126 989 v,
1144 963 1173 993 7.
1201 959 1362 998 praedium
1381 959 1415 988 in
1431 968 1510 998 agro
1525 958 1716 990 Tiburtino.

1038 1003 1060 1032 7
1065 1003 1180 1041 'ignrirz
1188 1013 1224 1033 us
1239 1013 1333 1041 ager,
1350 1012 1454 1042 pagus
1472 1001 1715 1032 Helvetiorum.

1039 1047 1181 1076 Tirenus
1198 1056 1292 1085 ports,
1311 1047 1351 1075 ad
1371 1046 1441 1076 Att.
1459 1046 1523 1075 xvi.
1547 1048 1594 1076 13.
1628 1045 1733 1076 Codd.

988 1088 1025 1119 in
1044 1090 1105 1119 hoc
1122 1091 1256 1120 nomine
1271 1090 1412 1120 variant.
1442 1089 1506 1119 Sed
1523 1089 1592 1119 haec
1609 1094 1661 1119 est
1676 1099 1735 1130 op-

991 1133 1152 1164 timorum
1173 1133 1283 1164 lectio.
1330 1133 1406 1163 Fuit
1430 1132 1628 1169 Minturnis,
1647 1132 1734 1163 forte

990 1177 1024 1206 in
1043 1177 1143 1208 fluvio
1160 1178 1240 1209 Liri.
1286 1177 1374 1207 Nam
1396 1177 1421 1207 is
1439 1177 1631 1207 Minturnas
1649 1186 1732 1217 pra-.-

989 1221 1175 1253 terlabitur.

1036 1266 1206 1303 Tz‘ssensis,
1224 1266 1258 1295 in
1269 1265 1362 1296 Verr.
1381 1265 1428 1296 iii.
1446 1267 1498 1296 38.
1516 1274 1535 1294 a
1553 1264 1660 1302 Tissa,
1674 1274 1732 1304 op·

989 1309 1068 1349 pido
1085 1310 1219 1347 Sicilia»,
1231 1310 1332 1348 juxta
1348 1310 1498 1340 AEtnam.

1035 1353 1200 1391 Tmolites,
1212 1363 1272 1393 pro
1289 1353 1397 1383 Flaec.
1415 1356 1446 1384 3.
1472 1352 1528 1391 qui
1547 1352 1678 1382 habitat
1695 1352 1730 1382 in

991 1396 1115 1434 Tmolo,
1146 1407 1205 1437 pro
1236 1396 1343 1427 Flacc.
1380 1400 1429 1431 19.
1460 1400 1576 1426 monte
1602 1396 1730 1438 Lydiae,

988 1440 1143 1471 odoribus
1160 1441 1292 1471 celebri.

1034 1484 1159 1521 Tolosa,
1177 1484 1338 1524 oppidum
1354 1483 1471 1514 Gauiae
1488 1483 1729 1514 Narbonensis.

989 1526 1085 1558 Unde
1119 1529 1313 1559 Tolosanum
1345 1537 1481 1564 aarum,
1513 1527 1593 1557 Nat.
1625 1527 1727 1558 Deor.

987 1572 1034 1602 iii.
1056 1576 1107 1602 30.
1131 1578 1194 1610 est,
1213 1572 1300 1611 quod
1325 1571 1366 1611 Q.
1391 1571 1548 1601 Servilius
1574 1571 1687 1610 Caepio
1712 1582 1739 1602 o.

986 1615 1113 1656 templo
1137 1616 1301 1646 Tolosano
1324 1615 1472 1645 sustulit.
1511 1615 1551 1644 de
1574 1614 1669 1645 Orat.
1694 1615 1729 1645 ii.

985 1662 1038 1693 47.
1070 1670 1110 1690 ea
1139 1659 1180 1690 de
1212 1669 1312 1689 causa
1343 1669 1362 1689 a
1392 1659 1429 1688 C.
1461 1658 1620 1688 Norbano
1652 1668 1728 1689 reus

984 1703 1093 1734 factus
1111 1708 1145 1733 et
1162 1703 1403 1733 condemnatus
1421 1703 1554 1732 dicitur.

1031 1747 1172 1785 Tralles,
1184 1748 1260 1777 urbs
1272 1746 1385 1786 Lydiae
1399 1746 1530 1782 nobilis,
1543 1745 1584 1776 ad
1600 1745 1728 1776 Maean-

984 1790 1080 1821 drum
1120 1792 1272 1827 fluvium,
1311 1801 1349 1820 ex
1387 1790 1518 1829 vulgari
1555 1790 1726 1829 opinione,

984 1845 1083 1873 quam
1101 1835 1235 1865 dubiam
1253 1833 1396 1864 reddidit
1420 1843 1527 1873 nuper
1544 1833 1613 1863 Cel.
1631 1832 1725 1863 illes·

984 1879 1100 1918 seling.
1119 1878 1160 1909 ad
1175 1877 1364 1908 Hieroclem
1378 1888 1413 1918 p.
1427 1878 1500 1911 659.
1518 1876 1606 1907 unde
1626 1876 1724 1909 Tral-

983 1924 1075 1953 linui.

1028 1967 1242 1998 Trasimenus
1258 1968 1359 2003 lacus,
1377 1976 1407 1996 v.
1429 1961 1677 1996 lerasimemzs.

1028 2011 1268 2048 Trebulanum,
1287 2011 1328 2040 ad
1346 2010 1418 2040 Att.
1441 2020 1472 2039 v.
1496 2010 1526 2040 Ξῖ.
1559 2008 1723 2048 praedium

982 2055 1093 2085 Pontii
1121 2056 1155 2084 in
1183 2065 1261 2094 agro
1284 2053 1492 2084 Trebulano:
1522 2063 1541 2082 a
1565 2052 1721 2090 Trebula,

980 2100 1061 2129 urbe
1080 2099 1285 2138 Campaniae,
1301 2099 1385 2128 citra
1399 2097 1617 2127 Vulturnum.
1654 2096 1724 2125 Pri-

982 2153 1036 2172 mo
1054 2143 1093 2172 de
1110 2143 1190 2173 urbe
1208 2142 1414 2182 Campaniae,
1432 2150 1499 2170 non
1517 2139 1556 2169 de.
1577 2138 1724 2170 Trebula

982 2187 1178 2218 Sabinorum
1199 2186 1398 2225 capiendum
1422 2194 1505 2220 esse,
1522 2182 1724 2222 intelligitur

981 2241 1020 2260 cx
1038 2231 1107 2269 ipso
1126 2230 1297 2266 Cicerone,
1317 2229 1373 2268 qui
1395 2229 1489 2264 dicit,
1506 2237 1540 2257 se
1557 2227 1721 2266 cogitasse

980 2285 1018 2303 eo
1043 2274 1108 2311 die,
1139 2284 1204 2313 quo
1230 2274 1293 2303 ista
1316 2273 1497 2311 scripserit,
1522 2276 1655 2300 tantum
1681 2281 1719 2301 ex

980 2318 1183 2358 Pompeiano
1200 2317 1242 2347 ad
1262 2316 1487 2346 Trebulanum
1510 2315 1644 2352 Po11tii;
1670 2324 1721 2343 re-

979 2361 1075 2400 liquis
1096 2361 1210 2391 diebus
1234 2370 1266 2390 se
1284 2362 1379 2399 justa
1397 2360 1519 2389 itinera
1537 2358 1719 2388 facturum.

981 2405 1131 2445 Epistola
1150 2414 1290 2444 sequens
1313 2408 1363 2433 est
1380 2413 1397 2432 e
1413 2402 1613 2432 Trebulano.
1639 2412 1720 2440 quo·

981 2449 1078 2479 modo
1091 2454 1204 2478 autem
1216 2453 1285 2477 tam
1299 2448 1420 2486 exiguo
1428 2452 1580 2486 tempore
1592 2445 1720 2485 potuis·

980 2498 1029 2523 set
1058 2491 1239 2522 Trebulam
1266 2491 1464 2521 Sabinorum
1492 2489 1628 2518 venire?
1663 2488 1720 2518 Al-

978 2542 1090 2566 terum
1123 2536 1208 2565 citra
1236 2534 1444 2565 Vulturnum
1474 2533 1588 2571 fuisse,
1622 2532 1721 2562 docet

981 2580 1051 2610 Liv.
1070 2580 1160 2609 xxiii.
1178 2582 1231 2613 39.

1026 2623 1233 2654 Trebulanus
1255 2631 1350 2660 ager,
1368 2621 1484 2660 Agrar.
1503 2621 1537 2650 ii.
1555 2621 1608 2651 ⁶25.
1633 2620 1722 2650 circa

982 2668 1141 2697 Trebulas
1158 2666 1366 2696 Sabinorzwn.

1026 2709 1106 2741 Tres
1124 2711 1293 2747 Tabernoe,
1311 2709 1352 2738 ad
1376 2707 1447 2738 Att.
1464 2707 1484 2736 i.
1504 2710 1552 2737 13.
1577 2707 1669 2737 locus
1686 2707 1722 2737 in
1749 2728 1757 2733 .

980 2755 1034 2784 via
1049 2754 1170 2794 Appia,
1187 2754 1281 2791 cujus
1299 2753 1332 2782 in
1348 2751 1574 2790 descriptione
1593 2751 1723 2780 itineris

982 2797 1125 2828 Paullini
1152 2797 1280 2828 mentio
1309 2797 1374 2834 fit3
1405 2795 1448 2824 ad
1475 2805 1574 2833 quem
1603 2794 1722 2824 diverti

981 2843 1123 2871 viatores
1139 2846 1174 2872 et
1190 2841 1263 2871 cibo
1279 2841 1423 2879 vinoque
1437 2848 1473 2868 se
1489 2838 1625 2869 reficere
1649 2836 1725 2879 potss

981 2890 1089 2916 erant.

1027 2927 1263 2965 Triocalinum,
1285 2927 1416 2959 Verrin.
1441 2935 1472 2957 v.
1492 2928 1524 2957 4.
1548 2936 1568 2957 a
1594 2925 1724 2956 Trioca-

1064 2981 1086 3003 E
1109 2975 1128 3002 4
