1920 3196
683 107 829 137 lNDEx
860 106 993 134 LATIN
1000 105 1139 135 ITATIS
1146 124 1155 134 .

156 197 328 239 {njuratus
344 196 379 228 in
395 196 542 227 codicem
560 196 680 227 referre
693 195 814 231 noluit,
829 195 887 235 (sc.

163 243 242 282 quia
270 241 392 271 falsum
423 240 508 279 erat)
537 241 569 270 id
590 238 715 280 jurare
739 240 772 269 in
796 238 890 268 litem

164 295 231 316 non
247 285 398 315 dubitet:
423 284 456 314 h.
473 295 502 314 e.
520 285 551 314 id
577 285 638 313 sihi
663 283 891 321 deberi‚jm·e-

157 328 303 368 jurando
319 328 508 365 confirmet,
525 327 590 357 litis
608 326 796 357 obtinenda}
814 335 892 354 cau-

162 381 210 402 sa.
233 370 378 412 *jurare
393 372 509 400 [lovem
528 371 670 411 lapidem
689 370 728 399 ad
742 370 817 399 Div.
836 369 890 398 vii.

168 417 217 446 12.
240 421 290 445 est
315 425 372 454 per
396 415 496 444 fictile
513 414 729 443 simulacrum
748 413 838 441 dovis
857 413 890 441 in

164 458 341 498 Capitolio,
359 467 396 488 ut
419 458 565 487 ostendit
586 458 753 497 Ruit-quius·
773 458 810 485 ιὶι·
830 455 891 484 Ca-

162 502 279 542 pitolio
296 512 324 531 c.
349 505 394 533 18.
412 512 444 541 p.
463 503 536 535 9¹29.
561 501 600 530 de
614 503 682 540 ipso
696 501 760 529 ritu
777 497 890 538 sit-ju-

161 546 261 575 randi
277 556 306 574 v.
323 545 406 575 Gell.
424 546 444 574 i.
461 547 513 575 ⁶21.
544 549 578 574 et
601 544 693 581 alios,
711 553 790 582 quos
807 542 891 582 Ryc-

163 590 260 628 quius
278 589 391 618 laudat
405 588 426 618 l.
446 598 474 618 e.

204 633 424 663 «Iuridicialis.
448 631 518 661 Inv.
546 632 566 660 i.
596 634 644 661 ll.
670 630 805 660 verbum
829 628 890 658 hoc

163 676 342 705 molestum
360 685 429 705 esse
447 676 527 705 dicit
543 674 626 714 Top.
645 676 698 705 24.

205 719 475 750 deo-isconsultus.
498 719 591 748 Orat.
609 718 629 747 i.
647 721 701 748 43.
727 722 810 746 extr.
834 716 889 754 qui

159 763 227 792 sit?

205 806 408 842 Jurisdictio,
427 805 506 844 quid
521 804 635 841 fuerit,
652 814 718 834 non
736 803 891 833 convenit

162 851 241 880 satis
260 849 467 885 interJCtos‚
478 849 517 878 (le
532 859 635 886 eaque
648 847 756 877 multa
773 857 889 886 parum

163 899 317 923 accurate
344 893 510 922 (licuntur.
557 892 617 921 Est
648 891 725 920 Ger.
755 890 890 920 Noodtii

163 937 294 968 libellus
317 937 356 967 de
377 936 609 967 Jurz'sdz'ctione
632 940 666 964 et
686 934 837 974 imperio,
855 934 889 963 in

165 991 230 1019 quo
254 980 361 1010 multa
383 989 502 1019 parum
524 989 599 1008 vere
620 984 652 1008 et
670 982 824 1007 accurate
843 977 889 1006 di-

165 1030 220 1053 cta
242 1029 333 1061 sunt,
350 1024 388 1052 de
412 1024 530 1062 quibus
556 1022 610 1051 hic
629 1022 736 1051 (licere
758 1030 824 1050 non
839 1024 889 1050 est

165 1077 309 1097 necesse.
355 1067 418 1096 Hic
444 1067 535 1095 nobis
559 1075 729 1095 sumemus
756 1068 888 1093 tantuin

163 1111 306 1141 breviter
343 1109 653 1145 demonstrandum,
682 1109 889 1139 Jm-isclictio-

162 1164 238 1184 nem
277 1155 444 1184 Ciceronis
481 1153 686 1192 temporibus
724 1158 887 1181 versatam

163 1208 233 1227 esse
257 1198 290 1227 in
314 1197 391 1227 solis
416 1197 521 1226 causis
544 1196 694 1236 privatis,
713 1196 817 1234 iisque
844 1195 890 1224 ita

163 1242 329 1281 propriam
360 1241 474 1277 fuisse,
500 1247 537 1269 ut
564 1239 704 1279 publicis
735 1239 889 1277 quaestio-

165 1295 253 1314 nem.
278 1285 365 1314 Nam
394 1284 422 1322 l)
440 1282 626 1324 ιφ”ιινὶεᾱὶσΙὶο
649 1283 757 1312 omnis
783 1281 890 1321 posita

163 1332 213 1357 est
225 1329 258 1357 in
272 1328 380 1357 edicto
395 1334 429 1357 et
445 1338 484 1357 ex
500 1327 607 1356 edicto
623 1326 776 1356 decretis.
804 1326 888 1355 Usus

162 1371 295 1401 illorum
312 1372 412 1401 trium
430 1370 617 1408 verborum,
632 1370 685 1407 do,
700 1370 785 1406 dieo,
798 1370 889 1399 addi-

164 1426 214 1450 co,
239 1416 346 1445 onmis
370 1416 404 1444 in
431 1414 570 1444 decretis
597 1417 790 1443 consumtus
817 1416 888 1451 est3

163 1459 251 1497 quod
265 1469 303 1488 ex
319 1459 427 1498 prima
440 1462 472 1487 et
488 1457 634 1487 secunda
648 1456 799 1492 Verrina,
815 1466 888 1495 quae

162 1508 242 1532 sunt
270 1502 362 1532 sedes
393 1502 532 1542 propriae
562 1501 659 1540 hujus
684 1501 887 1539 argumenti,

163 1545 230 1575 sole
249 1546 367 1575 clarius
384 1553 445 1575 est.
468 1545 561 1575 verr.
577 1545 610 1574 ii.
627 1547 679 1575 48.
704 1554 744 1573 an
759 1544 889 1574 dubita-

163 1590 212 1619 bit
227 1590 414 1628 quisquam,
428 1589 508 1628 quin
524 1589 549 1618 is
565 1588 714 1618 venalem
732 1588 765 1617 in
779 1587 890 1618 Sicilia

153 1630 415 1674 jurisdictionem
442 1632 607 1668 habuerit,
623 1632 679 1670 qui
701 1631 816 1662 Romae
839 1635 889 1661 to-

163 1681 236 1706 tum
253 1676 401 1706 edictum
419 1681 518 1714 atque
534 1676 645 1705 omnia
662 1675 796 1704 decreta
811 1685 889 1705 ven—

163 1720 308 1751 diderit?
335 1720 415 1759 quin
440 1720 466 1749 is
491 1720 531 1749 ab
555 1719 672 1749 Siculis
698 1720 738 1748 ob
756 1719 889 1748 decreta

162 1763 406 1803 interponenda
428 1764 605 1803 pecuniun
630 1762 807 1801 acceperit,
831 1763 888 1802 qui

163 1807 210 1837 M.
223 1807 398 1837 Octavium
412 1806 567 1846 Ligurem
585 1807 626 1836 ob
636 1806 692 1845 jus
705 1806 888 1836 dicundum

162 1852 358 1891 poposcerit.
403 1850 502 1880 Vides
533 1855 705 1888 tamquam
739 1860 788 1880 res
818 1859 889 1880 eas-

160 1893 236 1924 dem
254 1895 435 1934 permutari
450 1892 709 1934 jurisdictionem
726 1900 760 1923 ct
776 1893 888 1923 decre-

159 1944 196 1967 ta
212 1948 287 1967 cum
306 1938 426 1967 edicto.
450 1937 540 1967 verr.
559 1938 579 1967 i.
594 1940 646 1967 40.
663 1942 746 1968 extr.
771 1937 819 1967 ita
835 1947 886 1966 me

160 1981 201 2010 de
217 1987 371 2021 praeturae
393 1981 587 2011 criminibus
611 1981 775 2018 auditote,
792 1986 831 2011 ut
847 1990 887 2010 ex

161 2028 302 2064 utroque
319 2035 439 2064 genere
457 2029 491 2055 et
503 2022 597 2065 juris
618 2025 750 2054 dicundi
772 2027 806 2054 et
820 2033 887 2054 sar-

158 2071 270 2098 torum
295 2069 354 2099 &a
380 2069 488 2099 Locus
506 2068 545 2097 de
559 2067 786 2109 jurisdictione
809 2068 888 2097 Ver-

159 2112 204 2142 ris
230 2115 280 2141 est
305 2123 333 2142 e.
356 2115 495 2143 41—48.
524 2116 616 2142 totus
641 2118 754 2142 autem
778 2116 829 2142 est
852 2112 886 2142 in

160 2155 388 2195 exprobrando
410 2156 520 2185 edicto
546 2156 673 2194 iniquo,
690 2160 725 2186 et
747 2155 886 2186 decretis

159 2198 303 2238 injustis.
328 2199 406 2229 ibid.
431 2199 484 2229 46.
511 2209 583 2237 quae
610 2199 710 2229 libido
733 2199 827 2229 istius
853 2199 884 2229 in

148 2239 233 2283 jure
254 2243 401 2280 dicundo,
418 2252 491 2282 quae
514 2243 654 2273 varietas
677 2243 884 2273 decretorum

158 2285 271 2317 fuerit.
289 2286 332 2317 cf.
349 2287 389 2316 ad
406 2286 445 2325 Ω.
463 2286 513 2316 Fr.
530 2287 550 2316 i.
572 2289 598 2316 l.
615 2297 643 2316 c.
660 2290 690 2320 7.
715 2288 748 2325 2)
768 2286 886 2316 Romae

159 2331 217 2359 uni
243 2331 374 2370 praetori
398 2331 524 2360 urbano
545 2330 720 2368 tribuitur,
736 2335 770 2360 et
794 2340 886 2369 pere-

160 2374 268 2412 grino,
282 2383 422 2412 quorum
441 2374 654 2412 magistratus
671 2374 705 2403 in
721 2372 796 2404 solis
809 2384 887 2404 cau-

159 2417 201 2447 sis
234 2418 368 2457 privatis
399 2418 602 2455 versabatur,
637 2417 713 2458 (nisi
743 2418 770 2446 si
801 2416 886 2447 forte

159 2460 260 2497 stite,
277 2467 334 2490 aut
357 2461 423 2490 alia
446 2471 544 2491 causa
565 2462 611 2491 eis
628 2461 730 2491 etiam
747 2461 886 2499 quaestio

160 2504 310 2542 quiedam
328 2505 454 2533 tributa
476 2505 554 2542 suit,
570 2508 609 2534 ut
624 2503 730 2535 Verri.
747 2514 776 2534 v.
792 2503 886 2534 Verr.

161 2547 181 2577 i.
205 2548 271 2583 60.)
299 2555 331 2577 et
356 2548 593 2587 quaestionibus
611 2548 732 2577 diserte
748 2548 887 2587 opponi-

158 2595 226 2620 tur.
248 2590 341 2621 verr.
359 2592 379 2621 i.
395 2594 447 2625 47.
469 2592 587 2621 Verres
603 2592 718 2630 objicit
732 2591 772 2620 de
789 2591 887 2621 liber·

156 2638 205 2670 to,
223 2634 275 2663 cui
293 2633 513 2665 hereditatem
529 2635 701 2664 ademerat
715 2635 750 2663 in
766 2638 888 2674 praetu-

158 2686 195 2706 ra
217 2677 362 2708 urbana:
390 2678 612 2718 Proscriptum
630 2678 732 2716 juvit,
748 2677 799 2707 lex
823 2683 887 2715 est,

159 2730 257 2759 poena
280 2725 339 2751 cst.
386 2722 501 2751 Cicero
525 2721 725 2761 respondet:
749 2720 839 2760 Quid
854 2722 888 2752 id

159 2763 200 2793 ad
215 2774 305 2800 oum,
324 2764 378 2803 qui
389 2767 445 2803 jus
462 2765 568 2795 dicit?
594 2764 725 2804 Nempe
750 2766 812 2796 ista
836 2775 886 2795 res

159 2810 210 2853 est
234 2808 437 2846 quaestionis,
454 2814 505 2838 est
529 2818 628 2838 causa
651 2807 796 2849 publica,
813 2818 886 2848 quae

149 2851 374 2890 jurisdictioni
408 2861 475 2882 non
505 2853 629 2882 subest.
682 2851 799 2891 ltaque
826 2849 888 2892 jus

157 2893 274 2933 dicere,
291 2899 324 2925 et
336 2893 523 2936 jurisdictio
545 2904 612 2929 non
632 2895 736 2927 semel
752 2896 887 2937 ponitur

1593 92 1677 141 337

933 204 993 234 pro
1018 195 1089 234 ipsa
1112 196 1259 233 praetura
1281 192 1420 223 urbana.
1444 190 1537 222 Verr.
1560 201 1590 222 v.
1618 194 1670 224 15.

935 248 1010 267 cum
1028 238 1087 267 tibi
1104 241 1191 266 sorte
1208 237 1394 275 obtigisset,
1410 240 1448 265 ut
1460 233 1523 275 jus
1537 236 1667 266 dicere&

934 281 1066 310 Murcn.
1086 284 1136 317 19,
1149 281 1201 310 90.
1228 281 1260 309 in
1279 280 1350 319 ipsa
1366 282 1510 319 praetura
1527 279 1610 308 nihil
1626 289 1670 310 no

934 325 1103 354 existimas
1126 325 1214 353 inter
1241 328 1336 353 tuam
1360 328 1394 352 et
1421 322 1515 351 istius
1540 326 1665 352 sortem

934 367 1147 397 intvrfuisse?
1167 367 1319 396 Murenae
1334 375 1402 396 sors
1419 376 1458 395 ea
1472 365 1550 402 fnit,
1564 375 1666 404 quam

933 421 1047 440 omnes
1077 411 1251 439 necessarii
1281 411 1331 439 tui
1365 409 1424 438 tibi
1453 409 1666 448 optabamus,

924 453 1017 496 juris
1039 454 1180 483 dicundi.
1200 454 1276 493 (suit
1293 459 1404 483 autem
1424 453 1567 482 Murena
1582 462 1667 492 prae—

932 504 986 527 tor
1002 498 1161 534 urbanus)
1181 507 1247 535 qua
1270 497 1302 525 in
1321 502 1408 525 sorte
1432 496 1563 535 sapiens
1581 505 1666 535 prae-

932 548 997 577 tor,
1021 541 1126 579 qualis
1150 540 1203 570 hic
1226 540 1303 576 fuit,
1324 540 1541 569 offensionem
1564 540 1663 578 vitat,

932 584 1159 623 aequabilitate
1190 583 1403 620 decernendi,
1436 582 1664 612 benevolenti-

933 638 985 657 am
1018 628 1171 666 adjungit
1208 626 1345 656 leuitate
1383 625 1550 657 audiendi.
1581 625 1663 665 quid

932 676 992 701 tua
1008 671 1101 701 sors?
1129 671 1245 707 tristis,
1263 675 1377 699 atrox:
1405 670 1544 708 quaestio
1562 679 1664 709 pecu-

932 714 1030 745 latus.
1046 715 1087 744 cf.
1105 714 1210 744 Flacc.
1228 717 1258 743 3.
1304 713 1352 743 Ex
1370 723 1435 751 quo
1450 714 1606 751 efficitur,
1623 718 1664 744 ut

933 757 1105 794 Praetores‚
1123 758 1178 796 qui
1196 756 1329 797 publica
1347 756 1476 795 judicia
1490 760 1661 795 exercent,

922 801 1183 842 jurisdictionem
1202 800 1328 830 nullam
1345 800 1513 839 habeant3
1531 799 1588 829 sed
1606 810 1665 839 po-

932 846 998 875 tius
1025 845 1217 885 imperium,
1244 854 1359 873 verum
1385 843 1479 873 civile
1506 848 1541 873 et
1568 843 1662 882 quasi

931 893 1097 928 togatum,
1114 899 1143 917 V.
1169 888 1358 927 imperium.
1396 887 1485 916 Hinc
1508 887 1660 926 intellige

932 932 1042 962 locum
1066 942 1083 961 e
1098 931 1206 961 Tacit.
1222 931 1332 970 Agric.
1348 931 1379 961 6.
1402 930 1490 960 idem
1507 933 1661 970 praeturae

930 981 1028 1006 tenor
1054 980 1088 1005 et
1110 975 1296 1011 silentium,
1314 984 1420 1012 neque
1445 974 1534 1003 enim
1552 972 1663 1015 juris-

930 1020 1024 1050 dictio
1052 1020 1251 1049 obvenerat:
1286 1028 1385 1056 quem
1416 1017 1527 1047 locum
1558 1017 1660 1055 male,

931 1064 1043 1092 nescio
1067 1063 1152 1102 quis,
1172 1063 1408 1100 interpretatus
1433 1066 1483 1091 est
1506 1062 1540 1091 in
1564 1061 1662 1091 Lexi-

931 1117 969 1136 co
993 1107 1100 1144 Fabri,
1116 1107 1208 1145 quasi
1229 1105 1382 1135 habuerit
1401 1105 1534 1143 quidem
1550 1102 1662 1145 juris-

930 1151 1111 1188 dictionem,
1129 1152 1263 1189 propter
1284 1154 1478 1188 praeturam,
1503 1148 1561 1177 sed
1584 1158 1659 1179 eam

931 1204 997 1224 non
1013 1194 1209 1224 exercuerit.
1242 1192 1418 1222 Silentium
1437 1195 1508 1221 erat
1523 1192 1557 1221 in
1574 1202 1661 1232 prae-

930 1242 1020 1275 tura,
1043 1238 1122 1276 quia
1148 1247 1215 1266 non
1240 1236 1383 1265 habebat
1409 1236 1573 1265 urbanam
1600 1242 1661 1266 aut

930 1282 1153 1320 peregrinam,
1180 1289 1253 1319 quae
1284 1279 1456 1318 negotiosa
1487 1283 1572 1316 erat,
1602 1279 1660 1309 sed

931 1325 1162 1363 quaestionem,
1181 1323 1274 1362 cujus
1298 1323 1489 1352 exercendae
1508 1332 1589 1352 rarae
1606 1333 1662 1352 oc-

931 1369 1089 1398 casiones.
1136 1367 1179 1397 Et
1221 1367 1377 1406 quoniam
1416 1366 1450 1395 in
1482 1366 1660 1405 provinciis

934 1412 1057 1442 l'raetor
1074 1416 1133 1441 aut
1154 1410 1333 1441 Proconsul
1347 1415 1381 1439 et
1397 1410 1504 1439 causis
1521 1410 1659 1449 privatis

931 1459 965 1485 et
980 1456 1120 1495 publicis
1138 1458 1290 1494 praeerat,
1307 1458 1483 1494 propterea
1503 1454 1528 1483 is
1555 1455 1588 1482 et
1602 1451 1663 1494 ju-

930 1500 1144 1529 risdictionem
1162 1498 1318 1533 habebat,
1335 1507 1400 1536 qua
1422 1507 1536 1526 causas
1554 1496 1661 1537 priva-

930 1548 994 1580 tas,
1012 1548 1046 1573 et
1063 1543 1254 1582 imperium,
1271 1551 1336 1580 qua
1357 1541 1517 1579 publicas.
1561 1540 1661 1580 Quod

930 1587 1069 1617 Verrina
1085 1586 1231 1615 secunda
1253 1585 1443 1614 inscribitur
1463 1584 1503 1613 de
1518 1581 1660 1624 jurisdi-

930 1632 1030 1660 ctione
1060 1629 1236 1666 Siciliensi,
1259 1629 1294 1658 in
1322 1638 1387 1666 qua
1412 1633 1527 1657 tamen
1555 1628 1658 1658 etiam

931 1675 1042 1713 agitur
1058 1673 1097 1703 de
1110 1673 1244 1712 judiciis
1262 1671 1416 1712 publicis,
1432 1671 1540 1711 primo
1557 1672 1660 1710 perti-

931 1727 1009 1748 nere
1024 1723 1135 1757 potest
1148 1721 1283 1746 tantum
1302 1715 1341 1746 ad
1357 1719 1487 1755 partem
1511 1715 1660 1754 aliquam

930 1762 1002 1800 ejus
1024 1761 1111 1799 libri,
1137 1765 1177 1790 ut
1200 1759 1369 1799 inscriptio
1398 1758 1420 1788 l.
1446 1759 1468 1788 i.
1493 1764 1527 1788 et
1549 1768 1580 1788 v.
1605 1758 1661 1788 de-

930 1805 1007 1835 inde
1030 1805 1080 1835 11ae
1102 1804 1334 1843 inscriptiones
1351 1811 1417 1831 non
1433 1805 1513 1831 sunt
1529 1812 1549 1832 a
1565 1802 1661 1832 Cice-

929 1859 1022 1887 rone,
1046 1848 1105 1879 sed
1132 1848 1219 1877 forte
1249 1846 1405 1884 Asconio,
1431 1846 1524 1883 cujus
1556 1849 1658 1875 aetate

920 1891 1157 1934 jurisdictionis
1182 1891 1274 1921 notio
1300 1890 1427 1920 variata
1449 1893 1532 1925 erat,
1553 1894 1587 1919 et
1611 1889 1660 1920 ita

930 1937 1113 1973 dicebatur,
1139 1938 1177 1965 ut
1208 1934 1312 1964 etiam
1341 1933 1551 1973 publicarum
1579 1942 1660 1963 cau-

929 1990 1041 2010 sarum
1058 1980 1283 2019 cognitionem
1300 1977 1590 2016 complecteretur.
1606 1977 1661 2007 Sic

929 2028 980 2054 est
997 2025 1070 2063 jam
1086 2022 1175 2063 apud
1190 2022 1327 2052 sueton.
1343 2020 1413 2050 dul.
1430 2023 1482 2050 40.
1506 2024 1539 2050 et
1556 2019 1662 2060 pluri-

929 2068 989 2098 bus
1013 2067 1085 2098 aliis
1107 2067 1197 2099 locis.
1220 2065 1327 2095 Flacc.
1351 2067 1403 2094 40.
1427 2063 1581 2093 Asiaticae
1596 2061 1660 2103 ju-

928 2112 1105 2142 risdictioni
1121 2112 1234 2151 (quam
1251 2108 1337 2138 male
1353 2117 1372 2138 a
1388 2108 1504 2138 Flacco
1516 2107 1661 2138 admini-

928 2160 1069 2185 stratam
1094 2151 1222 2190 dieunt)
1256 2152 1384 2182 urbana
1401 2149 1586 2192 jurisdictio
1609 2160 1660 2181 re-

928 2198 1115 2239 spondebit.
1144 2196 1231 2227 conf.
1260 2206 1288 2226 c,
1315 2198 1346 2227 3.
1380 2194 1515 2224 Flaccus
1542 2197 1658 2225 autem

928 2246 1052 2282 praetor
1067 2241 1212 2271 urbanus
1228 2239 1347 2270 fuerat.
1376 2239 1427 2268 De
1432 2236 1661 2280 jurisdictione

928 2288 1109 2326 praetorum
1125 2284 1253 2315 urbana
1275 2293 1304 2314 v.
1329 2283 1441 2321 Sigon.
1455 2281 1487 2312 J.
1505 2281 1545 2312 A.
1563 2281 1600 2312 C.
1616 2281 1658 2312 R.

928 2330 950 2360 i.
973 2331 1026 2360 20.
1050 2329 1090 2359 de
1104 2326 1334 2368 jurisdictione
1357 2324 1550 2366 provinciali
1577 2334 1660 2355 eun-

929 2373 1004 2403 dem
1022 2372 1061 2402 de
1076 2371 1114 2402 A.
1131 2371 1163 2402 J.
1181 2381 1270 2411 prov.
1289 2371 1321 2399 ii.
1341 2373 1370 2401 5.
1411 2370 1494 2400 Haee
1509 2368 1659 2408 disputa-

927 2416 1083 2447 tiuncula
1097 2415 1136 2445 de
1147 2413 1374 2456 jurisdictione
1388 2413 1527 2452 antiqua
1540 2412 1660 2452 proba-

927 2465 965 2490 ta
979 2464 1032 2490 est
1050 2471 1069 2489 a
1088 2460 1165 2488 viris
1181 2458 1299 2495 doctis,
1316 2457 1517 2487 nominatim
1533 2455 1659 2485 Gesne-

929 2513 978 2541 νο,
991 2503 1030 2534 V.
1045 2503 1114 2533 Cel.
1128 2503 1162 2532 in
1173 2501 1355 2532 Thesauro.
1373 2500 1424 2530 De
1431 2497 1661 2540 jurisdictione

928 2548 989 2577 sub
1007 2547 1191 2577 Caesaribus
1207 2545 1338 2584 egimus
1354 2543 1395 2574 ad
1415 2543 1568 2574 Suetonii
1586 2543 1659 2574 Cae-

929 2600 1037 2621 sarem
1054 2591 1089 2620 in
1104 2589 1317 2620 Excursibus.

971 2634 1050 2671 dus,
1066 2633 1241 2672 Significat
1264 2631 1376 2661 omnia
1399 2640 1451 2668 ea,
1467 2640 1507 2660 ex
1524 2629 1657 2669 quibus,

929 2678 1009 2717 quid
1022 2676 1156 2719 justum
1177 2676 1234 2713 sit,
1252 2674 1331 2714 quid
1354 2673 1559 2711 faciendum,
1576 2673 1657 2714 quid

929 2720 1173 2757 omittendum,
1188 2718 1403 2757 intelligitur,
1418 2721 1593 2756 tamquam
1610 2717 1659 2747 le-

929 2774 1000 2804 ges,
1016 2764 1126 2794 edicta
1149 2767 1343 2803 praetorum,
1366 2759 1573 2793 consuetudo
1596 2761 1656 2791 &c.

929 2808 1021 2838 Verr.
1047 2808 1068 2838 i.
1091 2809 1144 2838 41.
1179 2806 1290 2846 Hujus
1307 2805 1392 2844 juris
1416 2804 1514 2844 plura
1535 2813 1659 2843 genera

929 2858 1018 2883 sunt.
1041 2849 1141 2890 Apud
1157 2849 1351 2880 Ciceronem
1367 2847 1437 2877 haee
1454 2848 1621 2878 observavi
1636 2859 1644 2877 ¹.

976 2893 1006 2933 l)
1038 2893 1146 2926 Civile.
1173 2895 1215 2936 (v.
1239 2890 1377 2931 Civilis.)
1405 2891 1462 2921 scd
1485 2890 1581 2922 aliter
1603 2900 1659 2921 su-

997 2946 1017 2969 Z
