1985 3206
708 96 853 145 INDEX
884 116 1180 145 LATml'rA'rls.

194 208 377 248 comperisse
401 206 485 236 risus
502 214 602 237 causa
616 203 778 237 dicerent.
804 214 834 234 v.
852 205 914 235 Ca·

193 252 287 282 nauh.
305 250 348 281 ad
362 249 395 280 h.
411 249 435 279 l.

243 294 462 334 Competitriz.
503 292 592 323 Mur.
627 295 686 327 19.»
711 291 812 322 habui
845 301 914 322 sce-

196 347 276 368 nam
297 337 558 376 compctitricem.
584 335 775 375 Eleganter.
809 335 914 365 Anto-

196 381 272 411 nius
299 389 433 411 scenam
458 383 668 418 argentatam
691 379 726 408 in
746 378 831 409 ludis
859 378 914 408 de-

196 424 303 461 derat,
329 423 457 462 collega
487 423 653 452 Ciceronis
683 422 717 451 in
744 422 914 452 aedilitate.

195 467 275 498 hinc
308 467 478 497 metuebat
509 466 637 503 Cicero,
666 475 706 495 ne
736 475 836 495 scena
858 465 916 495 illa

195 511 271 550 plus
285 511 373 551 apud
381 510 540 550 populum
553 509 587 539 in
603 509 766 549 petitione
777 509 914 546 valeret,

195 564 298 593 quam
315 555 398 594 ipse,
412 560 446 583 et
458 563 559 583 scena
577 556 688 592 petere
703 553 916 583 consulatum

194 607 255 638 pro
270 597 416 628 Antonio
431 596 616 626 videbatur.

245 642 433 681 Compilarc.
458 639 545 669 Mur.
576 643 623 670 ll.
648 639 847 679 sapientiam
876 639 916 669 ab

198 685 278 725 ipsis
294 685 485 724 compilavit.

245 729 424 769 Compingi,
462 727 619 764 coerceri,
650 725 788 755 includi.
813 727 869 757 Or.
894 727 914 756 i.

201 775 250 802 ll.
276 773 309 801 in
321 771 488 811 judicium
513 775 550 800 et
573 770 809 800 conciunculas
831 774 917 800 tam.

199 825 299 855 quam
317 815 351 844 in
368 815 547 855 pistrinum
576 813 711 852 aliquod
734 813 867 843 detrudi
884 817 917 843 et

197 859 369 899 compingi.
393 858 496 888 Attio.
513 858 580 888 viii.
602 861 628 887 1.
652 857 812 886 Picenum
836 857 918 887 ami-

199 906 289 933 serat
308 901 405 941 culpa
428 911 500 938 sua,
517 901 551 931 in
568 900 723 941 Apuliam
748 910 782 931 se
797 910 918 942 compe-

197 950 307 986 gerat.

249 990 447 1029 Compitalia.
471 989 540 1019 Att.
558 989 591 1018 ii.
609 992 640 1019 3.
887 1005 889 1008 ⁴

249 1033 480 1072 Compitalitius
510 1032 591 1070 dies,
616 1032 685 1062 Att.
709 1032 763 1061 vii.
788 1035 818 1066 7.
851 1031 919 1062 ludi

198 1077 413 1117 compitalitii,
444 1076 551 1105 Pison.
579 1078 610 1106 4.
646 1074 820 1112 solemnia,
847 1085 920 1114 quae

201 1121 238 1150 in
254 1121 409 1160 compitis
426 1120 622 1159 agebantur.

250 1164 419 1203 Complecti
442 1162 483 1192 ad
509 1163 585 1193 Div.
605 1163 638 1192 ii.
656 1163 686 1192 6.
712 1163 745 1193 Si
761 1163 921 1203 complecti

206 1207 377 1238 hominem
405 1206 558 1236 volueris.
581 1206 659 1236 ibid.
681 1209 711 1237 8.
746 1206 788 1236 da
805 1212 839 1236 te
864 1205 921 1235 ho-

201 1251 305 1281 mini:
345 1251 583 1290 complectetur,
622 1249 705 1280 mihi
746 1250 852 1280 crede.
880 1249 921 1280 cs.

199 1294 280 1324 ibid.
305 1296 353 1324 13.
370 1294 492 1324 dicitur
508 1293 547 1323 de
566 1292 630 1331 his,
647 1294 703 1332 qui
726 1294 869 1332 aliquem
888 1294 921 1323 in

200 1338 324 1368 amicos
340 1338 520 1377 recipiunt,
537 1341 571 1366 et
589 1336 780 1374 liberaliter,
797 1337 921 1367 benefi-

200 1391 304 1420 ceque
321 1385 480 1411 tractant.
513 1380 602 1410 Hinc
620 1380 698 1410 Lael.
719 1384 766 1411 15.
788 1380 923 1411 fortuna

199 1435 283 1465 quos
309 1426 475 1464 complexu
500 1428 560 1454 est.
585 1425 665 1454 item
699 1424 782 1454 Phil.
809 1435 838 1454 v.
873 1425 921 1455 16.

202 1478 337 1498 causam
353 1478 425 1498 eam
448 1470 626 1508 complexus
642 1472 705 1505 cst,
723 1478 781 1507 pro
798 1468 838 1497 ad
868 1478 921 1497 eas

201 1517 312 1552 partes
339 1513 488 1542 accessit.
520 1512 585 1541 *in
613 1511 818 1550 agricultura
838 1517 871 1541 ct
888 1521 922 1541 re

202 1554 351 1585 hortensi
381 1557 542 1595 complecti
565 1563 689 1585 terram
712 1555 835 1587 dicitur
858 1555 923 1584 ele-

202 1604 323 1638 ganter
344 1599 384 1629 de
407 1598 545 1639 plantis,
573 1609 646 1638 quae
673 1599 922 1636 convalescunt,

201 1642 445 1680 adhaerescunt,
469 1642 770 1682 comprehendunt,
798 1642 923 1672 beklei-

203 1686 282 1716 ben.
295 1686 373 1716 hine
389 1686 529 1716 ductum
546 1686 679 1716 videtur
695 1686 756 1716 hoc
772 1686 871 1716 Tusc.
889 1687 922 1716 ii.

202 1733 235 1760 4.
253 1740 329 1759 cum
349 1730 555 1770 philosophia
582 1730 736 1760 idoneam
761 1733 922 1770 completo

203 1777 256 1804 est
285 1779 452 1804 naturam.
483 1774 634 1813 sequitur
664 1774 796 1804 insedit.
833 1774 851 1791 'ff
865 1784 923 1813 pro

203 1816 401 1847 concludere
417 1818 451 1847 in
465 1817 653 1857 syllogismo
669 1822 720 1847 est
745 1818 876 1847 Invcnt.
901 1818 922 1847 i.

203 1863 256 1891 40.
279 1861 561 1900 quemadmodum
574 1861 645 1900 ipsa
661 1861 828 1891 conclusio
845 1861 924 1891 dici-

201 1908 261 1934 tur
284 1906 462 1944 complexio.
490 1905 547 1934 ubi
570 1904 634 1934 vid.
665 1907 683 1925 *²
700 1905 800 1935 Tusc.
828 1905 847 1934 i.
870 1907 922 1935 92.

203 1947 314 1977 Deum
331 1949 535 1988 cogitatione
550 1950 712 1988 complecti
727 1958 793 1979 non
812 1959 924 1989 possu-

204 2001 292 2028 mus,
309 1992 368 2021 wir
393 1992 530 2031 konnen
546 2002 608 2022 uns
626 1991 718 2022 Gott
734 1992 828 2023 nicht
853 2003 924 2022 vor-

203 2035 332 2065 stellen.
365 2038 384 2057 ἓ
402 2036 442 2065 ad
458 2036 534 2066 Div.
550 2036 592 2065 vi.
610 2036 640 2066 G.
665 2035 769 2066 literis
792 2038 924 2076 complc-

202 2079 257 2108 αἱ.
281 2078 321 2108 de
349 2089 382 2109 re
408 2079 517 2118 aliqua
536 2080 691 2116 scribere,
714 2080 753 2109 de
772 2081 874 2119 po't‘tis
891 2085 923 2109 et

204 2121 382 2152 historicis.
433 2122 452 2141 ²*
468 2123 539 2152 Att.
559 2123 592 2152 ii.
611 2123 640 2153 G.
666 2124 718 2152 Sic
744 2126 924 2163 complemus

203 2173 277 2195 sum
295 2166 415 2203 otium,
432 2169 469 2196 ut
480 2167 520 2196 ab
532 2176 571 2196 eo
587 2166 697 2196 divelli
711 2177 777 2196 non
792 2168 923 2207 possim.

200 2209 250 2238 sic
268 2208 425 2246 delector,
441 2210 488 2239 sic
512 2210 577 2239 frui
595 2211 692 2250 cupio
709 2211 787 2241 otio.
814 2210 831 2228 ³¹·
848 2221 924 2240 con—

203 2253 307 2291 sequi.
341 2253 383 2282 ad
403 2254 479 2284 Div.
502 2264 533 2283 x.
554 2254 603 2284 12.
629 2263 702 2283 eam
727 2254 923 2284 facultatem

204 2295 305 2326 habes
321 2297 516 2334 maximam,
535 2307 632 2336 quam
651 2308 728 2327 cum
744 2301 927 2337 complemus

203 2349 251 2376 es,
269 2346 357 2370 tene.
383 2340 401 2359 ⁹*
416 2340 610 2380 adjungere.
636 2341 699 2371 Pis.
717 2345 769 2372 31.
793 2344 927 2381 comple-

203 2385 298 2413 cteris
310 2384 531 2424 amplissimos
542 2385 627 2415 viros
644 2385 683 2415 ad
695 2390 793 2415 tuum
807 2387 924 2415 soclus.

204 2430 225 2448 ²¹·
239 2428 363 2467 passive
380 2433 430 2457 cst
456 2428 555 2458 Tusc.
574 2439 602 2458 v.
624 2431 671 2459 14.
689 2429 722 2459 in
738 2440 776 2458 eo
793 2439 927 2469 genere,

205 2480 270 2509 quo
283 2472 352 2501 vita
359 2471 457 2501 beata
466 2474 695 2512 complectitur.
710 2473 766 2503 ubi
784 2473 849 2503 vid.
861 2474 928 2503 Da-

205 2515 264 2544 ris.
291 2514 344 2544 Sic
360 2515 456 2545 Rosa.
474 2517 547 2545 Am.
568 2519 615 2546 13.
642 2526 706 2554 quo
724 2527 789 2546 uno
805 2517 928 2546 scelere

204 2558 319 2587 onmia
333 2558 457 2587 scelera
475 2561 640 2599 complem
656 2569 726 2589 esse
744 2560 929 2597 videantur¹

253 2600 534 2639 Complcmenlum.
558 2603 614 2632 Or.
627 2604 678 2637 69.
698 2606 931 2642 complementa

205 2652 435 2681 numerorum,
465 2651 546 2676 sunt
574 2647 673 2676 verba
702 2647 826 2684 inania,
857 2658 929 2686 quae

205 2687 432 2718 inferciuntur
446 2689 601 2728 periodis,
615 2695 653 2720 ut
670 2700 708 2720 eo
725 2692 932 2721 numerosior

205 2731 303 2760 cadat
327 2733 448 2770 oratio,
476 2737 514 2762 ut
543 2733 680 2764 Asiatici
712 2733 821 2763 facore
848 2734 931 2764 sole-

204 2773 300 2803 bant.

254 2819 416 2857 [mplere
446 2830 504 2860 pro
532 2820 712 2860 absolvere,
752 2826 791 2851 ut
825 2821 932 2853 Graeci

206 2861 357 2902 πληρῶσαι
373 2863 444 2893 Inv.
461 2865 493 2893 ii.
513 2864 562 2894 56.
582 2872 666 2894 extr.

255 2907 447 2945 ‹..,mptetus‚
466 2908 596 2948 plenus.
623 2908 716 2939 ναι-ι’.
729 2918 757 2939 v.
776 2912 827 2944 57.
849 2919 934 2943 ccm-

1601 100 1681 150 231

951 205 1061 244 pletas
1078 207 1302 233 mercatorum
1316 211 1439 232 carcer.

1006 247 1190 286 Complexio.
1223 246 1263 275 ad
1289 245 1436 275 Herenn.
1468 244 1510 274 iv.
1545 244 1594 273 14.
1629 247 1680 273 est

957 300 1062 330 genus
1089 291 1217 330 figurae,
1234 290 1362 319 dictum
1393 287 1482 324 inde,
1507 286 1593 326 quod
1611 286 1678 316 duo

957 343 1080 373 genera
1104 333 1285 363 exornandi
1307 332 1537 372 complectitur,
1568 334 1606 359 ut
1634 329 1678 360 ibi

957 377 1155 407 ostenditur.
1189 376 1266 406 ibid.
1299 380 1350 405 est
1380 375 1420 405 de
1450 373 1680 404 contractione

958 421 1100 451 duarum
1124 420 1297 450 literarum
1318 420 1357 449 in
1378 427 1492 449 unam.
1537 416 1556 435 ξ
1570 416 1640 447 Inv.
1659 417 1681 448 i.

958 467 1011 496 34.
1035 464 1172 504 ponitur
1186 473 1246 503 pro
1260 462 1472 492 conclusione
1484 460 1681 501 syllogismi,

958 518 1030 548 quae
1049 507 1124 538 inde
1140 507 1312 548 compleaeio
1323 506 1457 543 dicitur,
1473 506 1551 544 quia
1562 514 1682 544 propo-

958 552 1085 581 sitionis
1111 556 1147 580 et
1174 550 1386 580 assumtionis
1403 552 1583 588 conceptus
1613 557 1682 579 non

958 603 1153 625 communes
1172 594 1403 633 complectitur.
1425 592 1444 610 *²
1461 601 1564 631 genus
1581 601 1680 630 argu-

958 639 1079 676 menti,
1092 637 1180 677 quod
1189 637 1348 667 dilemma
1358 636 1475 666 dicunt
1491 635 1556 665 alio
1572 635 1679 665 nomi-

960 691 1012 712 ne.
1036 682 1107 712 Inv.
1124 682 1145 712 i.
1161 682 1213 714 529.
1236 682 1405 720 complexio
1419 684 1482 716 est,
1499 680 1533 709 in
1550 689 1616 717 qua
1641 688 1680 708 u-

958 731 1050 755 trum
1088 725 1301 761 concesseris,
1346 722 1601 763 reprehenditur
1641 721 1682 752 ad

959 769 1049 799 hunc
1077 769 1233 799 modum:
1274 769 1301 798 si
1324 767 1493 807 improbus
1522 770 1585 804 est,
1621 775 1681 796 cur

959 813 1078 850 uteris,
1093 813 1144 842 sin
1162 812 1294 852 probus,
1312 821 1372 841 cur
1393 819 1536 840 accusas.
1585 809 1603 827 *Ψ
1619 810 1678 840 Or.

961 856 1007 886 iii.
1023 856 1274 889 47averborum
1297 855 1480 894 complexio,
1497 857 1548 884 est
1574 853 1682 893 perio-

962 900 1033 930 dus.
1058 899 1123 930 Sed
1148 898 1232 929 Phil.
1256 899 1290 928 ii.
1310 901 1363 932 37.
1395 898 1480 928 mira
1504 897 1679 927 verborum

961 945 1144 983 complexio,
1186 947 1236 972 est
1276 943 1361 972 mira
1393 940 1547 980 loquendi
1584 941 1681 971 ratio.

963 989 982 1008 ⁸
999 987 1112 1027 Copia.
1135 986 1236 1017 Tusc.
1252 996 1282 1015 v.
1305 988 1353 1016 10.
1380 983 1553 1015 cumulata
1578 984 1683 1014 bono-

962 1041 1035 1061 rum
1053 1032 1234 1070 complexio.

1012 1075 1208 1114 Complecus.
1231 1073 1330 1104 Tusc.
1345 1073 1392 1103 iii.
1419 1075 1471 1104 20.
1502 1074 1684 1112 complemus

962 1128 1151 1158 corporum,
1176 1118 1215 1148 de
1242 1118 1344 1147 coitu.
1380 1117 1478 1147 Catil.
1507 1117 1541 1146 ii.
1569 1119 1617 1147 10.
1644 1115 1684 1145 de

962 1164 1127 1202 complexu
1149 1172 1187 1191 ac
1214 1161 1302 1198 sinn,
1331 1166 1411 1191 sunt
1433 1159 1683 1190 familiarissimi

963 1206 1134 1245 cujusque.
1155 1204 1219 1235 vid.
1243 1205 1350 1234 GraeV.
1374 1204 1415 1234 ad
1437 1203 1471 1234 h.
1491 1203 1513 1233 l.
1535 1203 1616 1233 Nat.
1641 1204 1684 1233 D.

964 1250 997 1279 ii.
1013 1252 1065 1280 40.
1084 1253 1186 1279 restat
1203 1248 1342 1278 ultimus
1360 1252 1395 1278 et
1417 1248 1530 1277 omnia
1546 1247 1684 1285 cingens

962 1298 998 1323 et
1015 1297 1169 1322 coercens
1187 1291 1259 1321 coeli
1283 1293 1484 1332 complemus:
1516 1292 1538 1320 i.
1559 1301 1587 1320 e.
1614 1300 1684 1320 am-

964 1337 1066 1374 bitus,
1090 1342 1125 1366 et
1141 1341 1191 1366 cst
1209 1335 1407 1376 periphrasis
1423 1334 1509 1372 coeli,
1520 1335 1598 1373 quia
1613 1344 1685 1364 om-

965 1381 1021 1410 nia
1036 1380 1272 1420 complectitur
1288 1387 1321 1409 et
1339 1379 1454 1408 ambit.

1013 1422 1405 1463 Complicareepistolam‚
1416 1422 1479 1462 Qu.
1494 1421 1544 1451 Fr.
1557 1422 1603 1451 iii.
1616 1424 1643 1450 1.
1656 1423 1687 1451 5.

964 1468 1028 1498 Off.
1045 1468 1091 1498 iii.
1112 1471 1158 1501 19.
1183 1467 1330 1496 evolvere
1355 1467 1458 1496 animi
1484 1466 1535 1495 sui
1562 1465 1690 1505 compli-

965 1516 1072 1542 catam
1092 1511 1275 1541 notionem.

1014 1556 1214 1594 componere.
1253 1555 1325 1584 Att.
1356 1553 1398 1584 vi.
1434 1556 1459 1583 l.
1506 1562 1688 1592 componere

966 1594 1127 1636 actiones,
1159 1598 1284 1628 dicitur
1312 1598 1350 1627 de
1381 1597 1471 1627 Juris
1504 1596 1687 1633 Consultis,

965 1643 1020 1682 qui
1034 1641 1193 1672 formulas
1211 1642 1382 1671 actionum
1407 1642 1450 1681 (v.
1474 1638 1574 1679 actio)
1594 1650 1689 1670 exco-

966 1687 1074 1725 gitant
1091 1691 1124 1716 et
1148 1686 1309 1715 scribunt.
1334 1684 1353 1702 ²*
1376 1685 1560 1725 disponere.
1594 1683 1651 1713 Or.
1668 1683 1690 1713 i.

966 1734 1017 1760 31.
1062 1739 1245 1770 componere
1283 1730 1428 1759 inventa.
1482 1728 1523 1758 cf.
1562 1727 1594 1757 ii.
1635 1727 1689 1760 76.

965 1773 1170 1804 *numerose
1188 1772 1360 1802 collocare.
1395 1772 1490 1802 Brut.
1518 1774 1565 1805 17.
1590 1771 1690 1801 verba

965 1828 1156 1857 componere.
1201 1815 1219 1834 ἢ*
1236 1826 1438 1856 comparare.
1490 1814 1597 1844 Flacc.
1636 1815 1689 1845 26.

965 1871 1147 1900 componere
1161 1860 1316 1899 dignitati
1330 1859 1469 1896 alicujus
1479 1868 1586 1888 suam.
1601 1857 1620 1875 '²
1633 1867 1690 1897 pa-

967 1915 1039 1935 cem
1057 1905 1175 1934 facere.
1201 1904 1296 1934 Rosc.
1315 1903 1387 1933 Am.
1405 1907 1458 1937 47.
1475 1907 1514 1932 ut
1529 1911 1689 1941 compone-

966 1954 1068 1979 retur.
1092 1948 1111 1966 ²¹·
1127 1949 1161 1978 in
1177 1957 1211 1977 re
1225 1947 1421 1987 gladiatoria
1436 1947 1594 1976 dicuntur
1605 1955 1690 1974 com-

963 1994 1039 2032 poni
1068 1992 1279 2031 gladiatores,
1310 1991 1365 2029 qui
1391 2000 1505 2020 secum
1540 1998 1689 2029 pugnare

960 2037 1135 2076 jubentur.
1192 2035 1270 2075 opt.
1295 2044 1369 2073 gen.
1402 2034 1432 2064 d.
1461 2035 1492 2064 6.
1516 2033 1689 2063 AEschines

966 2086 1126 2118 tanquam
1159 2079 1352 2109 AEserninus
1394 2088 1470 2107 cum
1514 2076 1690 2106 Pacidiano

967 2124 1176 2163 comenJiur.
1202 2125 1219 2143 ᾗ
1240 2122 1421 2152 Conficcre.
1444 2121 1538 2151 Verr.
1569 2121 1610 2150 ἰν.
1638 2120 1688 2150 16.

967 2177 1114 2207 compone
1129 2166 1203 2202 hoc,
1221 2166 1309 2205 quod
1324 2164 1456 2205 postulo
1471 2177 1476 2193 :
1502 2163 1567 2201 fac,
1580 2170 1618 2194 ut
1628 2163 1691 2193 hoo

967 2212 1160 2242 confectum
1177 2216 1211 2240 et
1225 2209 1414 2239 ahsolutum
1431 2209 1485 2238 sit.

1017 2255 1196 2294 composite.
1220 2254 1277 2284 Or.
1291 2254 1312 2284 i.
1329 2256 1377 2284 15.
1392 2252 1556 2291 composite
1572 2249 1692 2280 dicere.

969 2299 991 2329 i.
1009 2308 1038 2328 e.
1055 2298 1224 2338 disposite,
1241 2297 1368 2327 ordine.

1018 2342 1210 2382 Compositio.
1236 2341 1307 2370 Fin.
1335 2341 1381 2370 iii.
1411 2341 1462 2370 ⁶29.
1495 2339 1605 2368 sentio
1639 2347 1692 2366 me

970 2386 1101 2425 longius
1117 2395 1187 2415 esse
1204 2383 1570 2425 provectum—Verum
1587 2380 1695 2410 admi·

970 2430 1080 2460 rabilis
1096 2429 1272 2468 compositio
1294 2427 1491 2467 disciplinae,
1520 2424 1695 2454 incredibi-

971 2474 1076 2513 lisque
1108 2483 1219 2502 rerum
1246 2472 1349 2503 traxit
1387 2470 1477 2499 ordo.
1516 2469 1697 2508 (Jomposisia

972 2523 1035 2555 cst,
1051 2527 1149 2556 quem
1173 2515 1272 2554 vulgo
1295 2518 1415 2544 vocant
1443 2522 1581 2549 nexum,
1612 2511 1699 2541 ordi-

973 2571 1049 2591 nem
1088 2559 1356 2600 systematicum‚
1389 2557 1448 2587 der
1478 2556 1698 2586 Zusammen-

972 2605 1073 2644 hang.
1118 2605 1136 2622 ἢ
1154 2604 1289 2634 Dicitur
1315 2602 1486 2640 eleganter
1509 2600 1548 2629 de
1574 2599 1699 2638 gladia—

972 2649 1112 2684 toribus,
1130 2657 1207 2678 cum
1234 2646 1441 2685 deliguntur,
1467 2644 1521 2682 qui
1553 2644 1642 2672 inter
1665 2652 1699 2670 sc

973 2696 1140 2732 pugnent,
1166 2690 1254 2730 quod
1281 2695 1315 2719 et
1342 2697 1533 2727 comparare
1566 2686 1702 2722 dicitur,

976 2736 1053 2774 quia
1083 2738 1321 2774 comparantur
1353 2733 1442 2761 inter
1474 2741 1521 2767 sa,
1549 2730 1605 2768 qui
1633 2730 1701 2758 sint

975 2789 1081 2819 pares.
1143 2778 1262 2808 Horat.
1277 2776 1388 2806 Threx
1406 2779 1456 2804 est
1473 2773 1606 2803 Gallina
1621 2773 1704 2812 Syro

976 2832 1046 2863 par.
1060 2821 1100 2852 ad
1125 2822 1200 2851 Div.
1218 2821 1252 2850 ii.
1266 2823 1296 2850 8.
1324 2824 1361 2849 ut
1378 2818 1459 2848 mihi
1477 2817 1702 2856 gladiatorum

977 2867 1209 2905 compositiones
1241 2864 1402 2893 mitteres.
1442 2865 1460 2882 ᾗ
1481 2870 1542 2900 pax
1568 2860 1704 2894 soedere,

979 2914 1037 2940 aut
1069 2917 1280 2947 quacumque
1311 2906 1477 2937 decisione
1517 2903 1706 2940 conciliata.
