1920 3196
682 94 839 123 ·1NDEx
872 92 1167 123 LATlxrrATIS.

167 184 403 227 prerogativa,
412 193 512 214 omen
522 182 734 214 comitiorum
744 182 867 213 dicitur
878 179 904 220 3)

175 236 351 270 propterea
375 227 509 265 accidit,
534 231 574 257 ut
593 229 817 267 praerogatz'va
840 235 901 266 pro

175 273 263 303 bono
277 272 401 309 omine,
418 276 453 300 et
467 271 712 310 significatione
729 269 841 308 aliqua
856 269 906 299 di-

176 320 317 345 ceretur.
342 314 383 344 ad
406 314 481 344 Div.
507 324 560 344 xv.
578 317 608 345 5.
631 312 830 354 supplicatio
855 316 907 344 cst

171 359 393 398 pra’rogativa
421 357 596 397 triumphi.
630 357 704 388 Act.
731 358 752 387 i.
774 356 907 387 Verrin.

175 406 207 436 9.
232 401 325 431 dedit
344 402 602 441 proerogaliram
627 410 696 431 suae
721 400 904 431 voluntatis

175 445 353 481 ejusmodi,
369 449 408 474 ut
423 454 496 474 eam
513 455 572 484 pro
588 444 817 484 prterogativis
832 443 906 474 red·

176 487 298 518 didisse
314 488 476 518 videatur.
495 488 551 517 ubi
573 498 603 518 v.
629 488 749 518 Ascon.
767 486 831 517 Sed
856 487 907 517 in-

175 532 291 571 primis
316 532 355 561 de
381 531 442 561 hae
464 542 498 562 re
521 531 613 561 omni
641 531 800 570 legendus
827 530 910 560 Gro-

187 584 262 605 nov.
285 575 364 604 Obs.
382 576 423 605 iv.
444 579 471 605 1.
494 574 616 605 *Mun
647 578 695 605 le.
712 575 911 614 praerogata·-

175 628 253 648 ἐ-ιιηι
266 628 377 648 omen.
396 629 423 648 V.
443 622 510 648 not.

221 661 447 701 Proeragatus.
472 661 583 692 Plane.
609 664 661 693 ⁶20.
688 662 782 700 cujus
799 662 833 691 in
850 659 910 690 ho-

182 715 261 735 nore
279 715 346 735 non
364 706 461 735 unius
475 706 580 736 tribus
599 715 686 744 pars,
702 706 760 735 sed
773 705 911 734 comitia

177 754 254 779 tuta
270 749 413 779 comitiis
430 750 763 789 fuerintproerogata.
779 758 808 778 v.
823 753 894 778 not.

221 793 429 831 Praesagitio,
443 792 583 823 facultas
587 792 820 833 p2·oesc1giendi.
834 791 911 822 Div.

177 836 199 867 i.
216 839 268 867 31.

222 879 411 910 Proescribo.
436 880 493 910 Or.
520 880 565 909 iii.
590 881 621 910 (Σ.
652 878 906 910 auctoritatibus

171 926 381 965 pra-scriptis.
411 933 456 953 sc.
484 923 583 953 SCto.
609 923 663 953 Sic
679 923 769 952 enim
795 922 909 961 legen-

182 967 274 997 dum.
292 978 321 998 v.
337 967 550 1007 perscribere.
576 966 594 984 ’κ
611 966 724 996 Vatin.
742 969 773 997 2.
789 966 909 1006 quibus

172 1011 245 1050 jam
260 1011 453 1050 prcescrz'his,
473 1011 493 1040 i.
511 1020 539 1039 e.
559 1009 720 1050 praedieis.
736 1020 766 1040 v.
783 1015 854 1039 not.

223 1053 442 1093 Proescriptio.
474 1053 574 1084 Aead.
591 1054 632 1083 iv.
657 1054 711 1084 46.
736 1053 821 1084 hane
837 1062 907 1083 esse

181 1099 457 1139 proescripte’onem
492 1103 635 1134 naturae,
672 1098 694 1127 i.
721 1107 751 1126 e.
788 1096 911 1135 legem,

184 1147 402 1181 praeceptuin.
439 1140 552 1180 *Aga
584 1141 618 1170 ii.
645 1145 676 1174 9.
705 1141 908 1180 proescriptio

181 1185 276 1224 legis,
294 1189 373 1215 sunt
390 1184 527 1213 nomina
546 1188 734 1221 auctorum,
750 1184 909 1221 latorum,

180 1238 255 1266 quae
281 1227 629 1267 legipra’scribuntur.
666 1227 708 1257 ad
731 1227 807 1258 Div.
824 1237 854 1257 V.
878 1229 910 1258 ΕΖ.

181 1272 308 1302 sctum
325 1282 365 1301 ea
383 1273 623 1311 prcescriptimze
655 1276 705 1300 est
734 1271 794 1300 &c.
822 1270 911 1310 quod

184 1315 384 1355 capiendum
411 1314 461 1344 vel
487 1315 526 1344 de
555 1314 745 1344 nominibus
779 1324 910 1353 eorum,

179 1360 236 1397 qui
266 1358 437 1388 scribendo
468 1358 654 1395 affuissent,
697 1367 905 1397 quorumque

183 1403 323 1432 numina
345 1403 522 1442 praeposita
563 1406 685 1431 essent.
717 1411 746 1431 v.
776 1402 910 1433 Manut.

184 1446 225 1475 ad
243 1446 275 1475 h.
291 1445 312 1475 1.
339 1445 389 1475 vel
413 1446 521 1485 potius
537 1445 576 1474 de
593 1445 697 1475 verbis
714 1445 766 1482 iis,
791 1445 910 1484 quibus

183 1489 345 1519 retulerat
363 1489 476 1519 Cicero
493 1489 534 1519 ad
558 1488 718 1518 Senatum
735 1489 774 1518 de
791 1488 911 1519 Metel-

184 1532 230 1570 lo,
249 1533 283 1562 in
310 1533 427 1571 quibus
454 1532 581 1563 scilieet
598 1538 649 1561 est
665 1542 765 1562 causa
787 1532 912 1563 decreti

184 1578 340 1612 Senatus,
393 1586 531 1615 quaeque
570 1575 754 1606 honorifica
798 1580 907 1606 erant.

185 1619 392 1659 Praescriptio
409 1630 465 1659 pro
482 1629 594 1655 causa,
610 1624 778 1658 praetextu
795 1623 845 1649 est
859 1629 912 1659 ap.

188 1663 271 1693 Caes.
301 1664 338 1693 B.
369 1663 406 1693 C.
435 1664 480 1693 iii.
505 1666 556 1694 32.
580 1663 650 1692 *in
678 1662 790 1693 Lexic.
819 1663 914 1694 Fabri

188 1706 345 1737 laudatur
359 1717 398 1736 ex
424 1707 518 1736 Orat.
537 1716 584 1746 pr.
602 1706 698 1736 Rosc.
727 1707 764 1737 C.
781 1708 810 1737 ΕΖ.
828 1716 917 1746 pra*-

185 1751 314 1789 scriptio
330 1760 390 1790 pro
406 1751 571 1790 pactione.
596 1749 660 1779 scd
675 1750 720 1779 ibi
735 1750 830 1780 bonae
847 1750 916 1781 edi-

187 1795 297 1824 tiones
328 1800 418 1824 recte
454 1793 578 1823 habent
606 1794 814 1833 perscriptio·
841 1804 915 1833 quae

187 1838 287 1867 lectio
298 1847 375 1867 vera
400 1842 460 1867 est.
485 1838 644 1876 jungitur
675 1837 767 1867 enim
792 1837 916 1868 tabulis

185 1891 211 1911 s.
238 1881 340 1910 libris.
371 1891 404 1911 v.
444 1881 650 1920 perscriptio.
676 1882 770 1921 Saepe
801 1886 917 1911 autem

189 1925 261 1955 haec
277 1924 341 1954 duo
358 1924 458 1954 verba
485 1924 751 1963 confunduntur,
769 1928 805 1955 ut
821 1925 878 1955 Or.
898 1926 918 1955 i.

195 1972 247 1999 58.
270 1969 327 1998 ubi
344 1978 373 1997 v·
390 1968 556 1998 Pearcius.

239 2011 400 2048 Proesens,
416 2016 539 2048 certus,
564 2021 717 2050 magnus.
742 2011 784 2041 ad
800 2011 875 2042 Div.
894 2012 916 2043 i.

189 2060 222 2090 9.
245 2055 373 2084 fructus
384 2057 604 2095 proesentz‘ores
619 2055 762 2085 tulisses.
787 2056 828 2085 ad
840 2056 917 2087 Div.

188 2109 239 2129 xv.
254 2102 286 2129 4.
303 2103 477 2138 proesentes
492 2098 630 2129 insidiae.
657 2098 676 2117 ἴ·
691 2099 726 2128 iu
743 2109 812 2128 rein
825 2109 915 2139 prce·

191 2146 312 2172 sentem
329 2142 450 2172 venire.
473 2143 530 2172 Or.
549 2142 570 2172 i.
588 2145 639 2172 58.
665 2142 789 2172 Caecin.
807 2147 838 2176 7.
868 2149 919 2172 est

191 2186 336 2225 proprie,
352 2186 386 2215 in
403 2196 481 2215 eum
498 2185 621 2223 locum,
640 2186 679 2215 de
702 2196 766 2224 quo
787 2192 919 2216 contro-

188 2230 296 2259 versia
321 2234 392 2259 cst:
426 2229 559 2264 deinde,
586 2239 696 2259 coram
727 2229 840 2259 adesse
870 2231 919 2269 ip-

193 2283 279 2303 sum.
297 2283 327 2302 V.
344 2273 451 2303 Graev'.
468 2273 510 2302 ad
530 2272 625 2302 offic.
650 2273 671 2303 i.
701 2276 748 2303 10.
773 2274 814 2302 cf.
844 2273 922 2303 Gel-

194 2316 276 2346 lium
295 2327 349 2346 xx.
376 2319 425 2346 10.
447 2316 467 2334 *
483 2317 695 2356 conspicuus,
711 2316 919 2347 manifestus.

193 2359 290 2390 Catil.
310 2360 354 2389 iii.
373 2364 404 2393 9.
422 2359 504 2390 illud
520 2369 615 2399 porro
642 2369 752 2389 nonne
768 2360 816 2389 ita
832 2370 919 2399 γνῶ-

190 2414 261 2434 sens
275 2410 338 2441 cst,
367 2409 406 2433 ut
420 2408 507 2434 nutu
529 2403 620 2433 Jovis
636 2403 764 2434 factum
788 2413 858 2434 esse
875 2405 923 2434 vi-

195 2447 326 2477 dentur.

237 2489 345 2527 Proes,
362 2491 419 2529 qui
445 2494 505 2520 aut
531 2500 591 2520 suo
618 2496 676 2520 aut
701 2490 836 2520 alterius
861 2500 920 2521 no-

195 2534 286 2564 mine
303 2534 435 2573 praediis
452 2534 574 2574 populo
588 2539 693 2564 cavet.
719 2533 760 2564 ad
783 2534 858 2565 Div.
888 2534 922 2564 ii.

201 2581 252 2611 17.
270 2577 399 2616 proedes
415 2578 566 2617 pccuniae
591 2577 745 2617 publieae.
771 2577 814 2608 cf.
843 2577 921 2608 ibid.

192 2631 223 2651 v.
238 2622 288 2650 20.
304 2621 418 2651 Rabir.
434 2621 523 2650 Post.
539 2624 570 2651 4.
588 2620 671 2650 Phil.
687 2621 721 2650 ii.
740 2623 792 2653 29.
809 2620 827 2639 ²*
841 2621 922 2651 dicti

195 2667 311 2694 tamen
327 2664 431 2694 etiam
449 2664 483 2694 in
499 2664 613 2693 litibus
631 2664 765 2703 privatis
789 2664 922 2702 fidejus-

193 2717 296 2744 sores,
313 2709 369 2746 qui
389 2707 519 2747 praediis
534 2707 704 2737 cavebant.
721 2707 814 2737 Verr.
832 2709 853 2738 i.
869 2711 921 2738 45.

191 2761 252 2791 pro
270 2752 382 2790 proede
413 2750 480 2780 litis
497 2751 715 2780 vindiciarum
740 2760 816 2780 cuin
843 2752 922 2781 satis

196 2795 394 2833 accepisset.
420 2794 490 2824 Pro
508 2795 621 2834 proetle
646 2800 696 2823 est
717 2795 840 2834 praede,
871 2795 922 2825 vel

189 2838 368 2879 proede'bus.
392 2838 446 2867 Sic
473 2837 566 2867 Verr.
595 2837 627 2866 ii.
645 2840 697 2868 51.
722 2847 781 2877 pro
807 2838 924 2868 suffra-

196 2882 264 2922 gio,
302 2888 354 2913 est
383 2881 554 2922 suffragio,
587 2880 638 2911 vel
677 2881 852 2920 suffragiis.
892 2892 921 2912 v.

1593 76 1677 118 395

951 182 1054 213 Gron.
1071 182 1150 213 Obs.
1173 182 1215 212 iv.
1235 183 1263 212 1.
1286 178 1383 212 Verr.
1410 179 1433 211 ἰ.
1463 181 1516 211 54.
1538 187 1680 209 consue-

948 226 1030 256 tudo
1044 227 1078 255 in
1092 226 1187 256 bonis
1205 225 1371 265 proedz'bus
1383 223 1582 265 praediisque
1600 231 1682 252 ven-

948 269 1066 299 dendis
1085 282 1091 299 :
1117 269 1173 300 ubi
1194 269 1259 299 vid.
1276 268 1384 299 Graev.
1409 266 1681 306 Formula‚proe-

948 313 1040 343 dibus
1069 323 1107 343 ac
1136 313 1273 353 proede‘z's
1307 321 1421 342 cavere
1459 309 1597 351 populo,
1628 312 1681 338 est

949 357 1051 386 etiam
1077 366 1131 397 ap.
1155 356 1227 387 Liv.
1252 356 1332 386 xxii.
1361 356 1413 386 60.
1436 355 1488 385 De
1510 354 1681 394 praedibtoe'

952 409 982 430 v.
1000 400 1086 439 inpr.
1103 399 1242 430 Salmas.
1257 399 1346 430 mod.
1364 398 1463 428 Usur.
1479 407 1508 427 c.
1528 397 1577 427 16.

996 440 1189 480 Ριηέεηείυ,
1220 444 1311 473 notio
1354 442 1466 472 insita.
1505 439 1678 482 πρὸληψις.

952 486 1032 517 Nat.
1049 486 1091 518 D.
1106 487 1140 517 ii.
1161 490 1209 521 17.
1233 490 1253 507 *θ
1271 486 1441 517 divinatio.
1459 485 1536 516 Div.
1559 486 1581 515 i.
1601 488 1630 516 1.

996 529 1190 561 Praesentia.
1222 530 1341 560 Forma
1364 530 1401 559 in
1416 530 1606 568 praesentia,
1628 533 1682 560 est

953 583 1041 613 saepe
1065 574 1154 614 apud
1177 574 1385 610 Ciceronem,
1411 582 1442 604 v,
1464 583 1492 602 c.
1520 573 1621 604 Dom.
1648 577 1682 605 5.

953 617 1044 647 Male
1061 617 1275 657 reprehendit
1290 616 1479 657 Stephanus
1489 616 1525 646 in
1537 616 1682 648 Pseudo-

955 660 1114 691 Cicerone
1131 671 1163 700 p.
1179 664 1233 695 95.

999 705 1210 742 Praesentire,
1227 703 1267 733 de
1284 703 1478 734 notionibus
1494 703 1613 734 insitis.
1635 705 1681 736 N.

954 748 998 779 D.
1015 749 1048 778 ii.
1070 751 1118 782 17.
1136 758 1226 786 cum,
1240 747 1344 778 talem
1370 757 1440 778 esse
1468 747 1593 787 Deum,
1610 758 1682 780 cer-

951 796 987 822 ta
1003 792 1141 822 notione
1160 791 1265 821 animi
1279 792 1540 830 praesentz'amus.

1000 835 1185 866 Proesz'dere
1196 835 1356 865 dicuntur
1363 835 1589 874 magistratus,
1603 845 1686 867 cum-

953 879 988 908 in
1011 879 1151 909 solemni
1168 883 1203 909 et
1222 878 1355 918 publico
1375 877 1448 908 loco
1467 878 1550 909 sella
1572 880 1683 911 curuli

950 922 1079 953 sedent.
1101 923 1214 953 Vatin.
1229 925 1259 956 7.
1278 922 1524 961 praesidentibus
1543 923 1579 953 in
1593 926 1682 953 tem·

950 966 1005 1006 plo
1019 966 1159 1003 duobus,
1170 975 1237 996 non
1250 965 1438 996 consulibus
1454 966 1511 996 sed
1522 966 1582 997 &c.
1595 966 1683 997 Gru-

948 1010 1080 1040 teriana
1098 1009 1211 1047 habet,
1227 1009 1432 1046 sedentibus,
1450 1019 1551 1049 quam
1567 1015 1684 1041 secuta

952 1058 1004 1083 est
1015 1054 1210 1083 Graeviana:
1235 1053 1293 1083 sed
1312 1053 1385 1082 aliae
1402 1052 1546 1083 habent:
1566 1055 1683 1092 praesz'-

950 1097 1109 1134 dentibus,
1123 1096 1211 1136 quod
1227 1102 1278 1127 est
1289 1096 1391 1126 etiam
1408 1097 1442 1126 in
1459 1096 1539 1128 Cod.
1553 1097 1681 1129 Erfurt.

951 1151 1050 1180 quam
1078 1141 1263 1170 lectionem
1286 1140 1400 1180 probo.
1422 1140 1484 1170 Est
1510 1141 1602 1171 enim
1616 1141 1680 1172 hoe

950 1185 1089 1214 verbum
1099 1183 1235 1214 solenne
1246 1184 1281 1214 in
1291 1183 1353 1213 hae
1366 1194 1414 1222 re,
1427 1194 1492 1223 quo
1503 1194 1590 1224 saepe
1601 1195 1682 1216 usus

952 1233 1004 1258 est
1017 1228 1206 1258 Suetonius.
1216 1237 1247 1257 ν.
1265 1238 1293 1257 c.
1305 1227 1389 1266 Aug.
1402 1229 1454 1258 2¹6.
1468 1231 1520 1259 35.
1533 1229 1686 1268 Dejudi-

952 1271 1044 1301 cibus
1060 1271 1095 1302 in
1111 1270 1274 1301 subselliis
1292 1271 1358 1302 suis
1375 1271 1579 1309 sedentibus,
1592 1271 1692 1304 idem·

953 1315 1092 1345 verbum
1115 1321 1166 1345 est
1190 1314 1263 1344 Mil.
1287 1318 1339 1348 37.
1375 1315 1394 1332 ’ἓ
1410 1316 1511 1346 tueri.
1535 1315 1619 1346 Phil.
1651 1327 1684 1347 v.

958 1361 1008 1390 13.
1022 1358 1130 1389 Gallia
1141 1358 1264 1397 dicitur
1278 1358 1696 1400 1111116110Ιζο111.])1·αἐι”ι.ῖε->

955 1413 991 1433 re
1007 1406 1041 1432 et
1054 1412 1186 1442 semper
1201 1402 1398 1441 praesedisse.
1413 1411 1443 1432 v.
1458 1402 1581 1434 locum.

998 1445 1174 1476 Proesidia.
1191 1445 1313 1475 milites
1340 1445 1451 1484 aliquo
1467 1445 1541 1476 loeo
1567 1446 1684 1477 defen-

956 1489 1056 1520 dendi
1073 1499 1174 1519 causa
1189 1489 1302 1529 positi,
1328 1493 1367 1519 ut
1384 1489 1418 1519 in
1445 1490 1575 1527 castris,
1591 1491 1686 1531 oppi-

958 1533 1020 1571 dis,
1038 1533 1207 1573 pontibus,
1225 1533 1341 1573 portis,
1362 1532 1524 1563 saltubus.
1548 1534 1688 1564 Formu-

958 1577 1003 1614 la,
1020 1578 1054 1606 in
1065 1577 1227 1617 proesidiis
1242 1576 1382 1615 alicujus
1400 1586 1484 1614 esse,
1508 1581 1547 1608 ut
1571 1578 1685 1618 Ligar.

957 1626 988 1655 9.
1020 1624 1069 1651 10.
1093 1620 1135 1650 ad
1150 1620 1224 1650 Div.
1241 1620 1311 1650 xiii.
1337 1623 1386 1654 19.
1411 1625 1475 1657 est,
1500 1631 1570 1651 esse
1596 1621 1693 1661 apud.

959 1664 1144 1694 exercituin
1173 1663 1328 1701 alicujus,
1354 1664 1388 1693 in
1405 1665 1521 1694 eastris
1539 1667 1600 1695 oze.
1626 1665 1686 1697 Gr.

959 1708 1168 1746 συμπολιμεῖν.
1198 1707 1274 1737 add.
1303 1707 1434 1737 Duker.
1465 1707 1506 1737 ad
1536 1709 1687 1747 Livium,

961 1753 1014 1781 cui
1040 1750 1196 1789 frequens
1226 1755 1277 1781 est
1306 1750 1379 1781 haec
1407 1750 1516 1782 forma
1540 1752 1698 1791 dicendis

960 1794 1095 1824 xxxviii.
1115 1797 1165 1824 ll.

1004 1837 1219 1868 Proestantia.
1237 1848 1315 1868 cum
1332 1838 1490 1877 genitivo.
1517 1838 1582 1869 Off.
1597 1839 1619 1870 i.
1634 1841 1688 1871 98.

960 1891 1038 1911 eum
1064 1890 1186 1920 magna
1211 1881 1410 1911 excellentia
1435 1887 1469 1912 et
1491 1885 1689 1922 proestantia

961 1925 1188 1954 animantium
1215 1925 1418 1964 reliquarum
1433 1937 1440 1955 :
1466 1925 1501 1956 h.
1517 1936 1547 1956 e.
1563 1930 1602 1956 ut
1617 1926 1690 1957 lon·

961 1979 1001 2007 ge
1012 1972 1147 2008 proestet
1173 1972 1287 1999 cetera
1301 1969 1471 2000 animalia.
1495 1969 1549 1998 Sic
1565 1970 1622 2001 Or.
1651 1971 1686 2001 ii.

959 2015 1010 2043 52.
1044 2013 1240 2052 proestmztia
1263 2012 1424 2051 fortunae‚
1450 2023 1529 2044 cum
1555 2023 1602 2044 sc.
1633 2018 1685 2051 est

964 2057 1069 2093 major
1083 2055 1203 2085 aliena.

1003 2099 1185 2131 Praestare.
1210 2097 1323 2128 Plane.
1346 2102 1373 2129 l.
1397 2099 1450 2129 sin
1466 2100 1582 2130 omnia
1597 2110 1693 2140 prce*

962 2144 1092 2173 smero:
1137 2142 1170 2172 h.
1202 2153 1232 2172 e.
1265 2143 1373 2172 inesse
1405 2142 1688 2175 demonstravero.

962 2188 982 2206 ὕ
999 2196 1057 2226 pro
1075 2186 1232 2226 pra-bere.
1258 2186 1323 2216 Pis.
1339 2187 1391 2216 32.
1406 2187 1540 2217 senatui
1555 2192 1691 2218 seuten-

962 2231 1044 2261 tium
1067 2234 1237 2269 μνᾶς-[τινε.
1268 2239 1313 2259 sc.
1332 2229 1483 2260 dicendo.
1514 2230 1690 2270 *aliquem

960 2278 1120 2313 proestare
1134 2273 1304 2312 dicuntur,
1315 2273 1370 2312 qui
1387 2273 1554 2313 spondent
1566 2284 1625 2314 pro
1637 2286 1689 2313 eo,

965 2316 1071 2356 qualis
1099 2317 1155 2353 sit,
1171 2320 1229 2346 aut
1245 2316 1379 2346 futurus
1395 2317 1451 2354 sit,
1474 2322 1545 2355 aut,
1563 2325 1601 2348 ut
1616 2318 1693 2348 talis

965 2362 1020 2396 sit,
1037 2360 1143 2399 qualis
1174 2360 1285 2396 debet,
1314 2365 1372 2390 aut
1399 2361 1531 2399 qualem
1558 2361 1614 2391 alii
1636 2372 1692 2391 vo-

963 2403 1175 2440 lunt,efficit.
1188 2403 1228 2442 Q.
1241 2403 1292 2433 Fr.
1306 2404 1328 2434 i.
1346 2407 1407 2433 1.c.
1423 2407 1454 2434 3.
1471 2414 1541 2434 esse
1551 2405 1697 2435 circum-

964 2447 1173 2487 spiciendum
1186 2446 1377 2485 diligenter,
1395 2451 1433 2476 ut
1449 2448 1483 2478 in
1500 2448 1562 2477 hac
1578 2454 1695 2478 custo·

965 2490 1019 2521 dia
1035 2491 1213 2531 provinciae
1230 2499 1297 2520 non
1312 2496 1346 2520 te
1364 2500 1483 2528 unum,
1497 2491 1556 2521 sed
1577 2499 1694 2523 omnes

966 2535 1136 2564 ministros
1154 2534 1284 2573 imperii
1301 2534 1351 2564 tui
1367 2535 1463 2564 sociis
1476 2540 1636 2574 praesture
1647 2536 1695 2565 vi-

967 2578 1077 2608 deare.
1104 2577 1181 2607 ibid.
1199 2580 1231 2608 4.
1255 2577 1313 2607 hos
1342 2577 1393 2607 his
1421 2578 1542 2608 finibus
1553 2583 1695 2618 proesta-

967 2623 1024 2658 lais,
1042 2631 1123 2660 quos
1152 2627 1230 2650 ante
1258 2622 1442 2661 praescripsi
1468 2632 1550 2660 quos
1575 2632 1697 2653 vero—-

966 2665 1085 2696 horum
1104 2674 1170 2694 non
1189 2664 1286 2694 modo
1313 2665 1414 2702 facta,
1431 2665 1489 2695 sed
1516 2666 1620 2696 etiam
1647 2666 1696 2696 di·

967 2708 1226 2749 ctaproestcmda
1242 2713 1333 2738 sunt.
1356 2709 1375 2726 ἦ*
1387 2708 1428 2738 ad
1443 2708 1513 2738 Att.
1527 2709 1569 2738 vi.
1585 2711 1616 2740 2.
1633 2719 1695 2740 nee

964 2752 1044 2782 satis
1061 2756 1124 2788 est,
1143 2761 1177 2781 se
1191 2761 1357 2790 quemque
1375 2756 1547 2791 proestare.
1565 2752 1645 2783 ibid.
1662 2757 1695 2785 3.

966 2805 1064 2834 quem
1094 2804 1155 2833 ego
1183 2799 1341 2833 proestare
1366 2805 1434 2825 non
1461 2800 1624 2835 poteram.
1653 2796 1695 2837 Ω.

970 2839 1020 2868 Fr.
1040 2839 1086 2868 iii.
1117 2842 1146 2869 8.
1170 2838 1350 2868 Messalam
1376 2838 1499 2869 Caesari
1519 2841 1698 2878 praestaho:

971 2882 1002 2913 h.
1020 2891 1048 2913 e.
1065 2886 1157 2913 certo
1171 2882 1253 2921 scio,
1277 2892 1369 2920 eum,
1392 2887 1432 2914 ut
1457 2881 1568 2916 Caesar
1586 2888 1693 2925 optat,
