1920 3196
256 121 343 168 450

777 142 922 172 INDEX
952 143 1261 173 LATINITAT13.'

309 225 585 266 Tabernae-ulam,
610 228 739 262 itineris
761 242 862 262 causa
885 233 994 262 taber·
1040 242 1231 273 pensorum.
1260 231 1358 262 Rosc.
1385 231 1423 262 C.
1456 235 1483 263 1.
1506 233 1561 272 qui
1589 233 1623 263 in
1649 230 1789 271 judicio·

268 270 391 300 nacula
407 276 655 312 comparantur,
672 274 725 311 ut,
746 276 802 305 ubi
827 276 1005 306 deversori-

268 324 328 344 um
341 323 409 345 non
426 319 488 352 est,
498 323 556 345 aut
572 318 649 347 urbs
666 319 788 358 attingi
801 328 867 349 non
884 324 1006 359 potest,

275 357 336 387 ἅρ-
357 359 388 387 {n
415 359 467 388 via
483 369 502 388 n
518 366 584 389 Jctu
602 361 634 390 iu
657 361 695 391 iis
714 372 846 392 manere
866 364 1005 402 possint,

271 401 327 440 qui
349 411 419 432 mos
437 408 486 432 est
503 404 772 442 antiquissimus:
799 406 885 435 undu
903 408 1007 436 taber-

270 447 391 475 nacula
409 446 540 486 publice
560 447 671 478 Roinae
687 448 854 478 dabantur
877 449 1005 487 lemtis,

271 488 524 527 magistratibus
548 491 581 521 iu
606 492 789 530 provincias
817 493 923 524 ituris.
944 494 1005 523 vid.

270 531 378 561 Periz.
396 532 435 561 ad
465 534 585 563 AElian.
609 535 649 563 iv.
683 538 708 565 l.
738 541 768 569 9.
794 536 864 566 Att.
891 547 921 567 v,
957 539 1004 567 16.

270 575 388 604 multis
404 576 483 605 loc-is
500 586 540 605 ne
557 582 682 608 tectum
708 579 839 618 quidem
865 581 1004 620 acripio,

271 622 306 647 et
345 619 378 648 in
409 621 616 651 tabernacula
646 632 764 652 manco
799 623 1004 662 plernnnpic.

271 662 387 700 Agrar.
405 663 440 694 ii.
461 666 507 693 123.
532 664 650 694 deinde
666 672 763 696 ornat
791 667 1004 697 Decemviros

272 706 503 743 tabmwaculis,
519 710 693 745 centuriis,
710 710 920 749 supellectili.
938 711 956 728 2‘
970 712 1003 740 in

273 749 390 779 castris
407 751 508 780 etiam
524 751 645 789 solent,
662 758 700 781 ut
727 759 843 783 notum
862 761 924 791 est,
943 756 1003 784 mi-

268 791 346 821 lites
362 794 395 822 in
419 794 640 825 tabernaculis
658 806 740 832 esf-e,
766 797 853 826 unde
870 797 1002 836 elegans

270 835 354 865 illud
369 837 401 866 in
420 837 512 867 Brut.
529 844 560 872 9.
580 839 618 868 de
638 840 810 870 Demetrio
826 841 1000 871 Phalereo:

268 881 429 919 processit
447 882 535 911 enini
561 892 625 912 non
651 887 685 912 ut
704 894 723 913 a
747 884 881 914 militari
899 886 1002 914 {aber-

267 926 397 961 nacula,
414 925 470 954 sed
497 930 533 954 ut
550 936 567 955 e
583 926 803 966 Theophrasti
827 929 1003 958 umbracu-

267 965 329 996 lls:
355 967 388 997 h.
402 978 429 997 e.
448 978 511 998 non
530 970 562 998 in
580 971 685 999 causis
698 971 881 1001 forensibus
895 982 1002 1001 versa-

266 1014 323 1039 tus
340 1014 402 1047 est,
417 1011 455 1040 de
469 1013 587 1051 quibus
605 1014 706 1043 etiam
725 1015 830 1054 pulvis
844 1021 877 1044 et
889 1015 936 1044 sol
954 1016 1002 1045 di-

266 1053 368 1091 citur,
385 1055 440 1084 sed
459 1056 491 1085 in
506 1056 774 1097 philosophorum
793 1059 908 1088 subtili
925 1060 1002 1088 rati-

265 1106 329 1127 one
344 1102 377 1127 et
394 1097 471 1128 leni.
497 1100 538 1130 cf.
554 1101 683 1130 umbra.
702 1101 819 1140 pulvis.
854 1103 872 1120 ²*
898 1104 1000 1132 taber-

265 1145 423 1171 naculum
449 1153 543 1182 porro
564 1150 615 1173 esi.
633 1145 734 1174 etiam
754 1146 999 1186 auspicandum

265 1190 344 1214 ante
361 1186 475 1215 urbem
495 1194 597 1217 noctu
611 1188 644 1217 in
657 1189 794 1228 templo.
814 1200 842 1219 v.
855 1200 999 1229 surgere.

258 1228 340 1264 DiV.
366 1230 387 1258 i.
413 1233 461 1263 17.
485 1240 560 1260 cum
589 1233 837 1262 tabernac-alum
854 1234 932 1263 vitio
948 1244 1001 1263 ce-

264 1272 368 1312 pisset
396 1274 600 1313 imprudens.
623 1275 702 1305 ibid.
723 1277 756 1306 ii.
773 1279 824 1307 35.
850 1279 1000 1307 taberna-

264 1317 377 1357 culum
416 1322 505 1346 recte
543 1326 692 1357 captum.
719 1319 781 1349 hoc
818 1320 914 1359 quale
943 1322 999 1358 sit,

263 1360 454 1390 ostenditur
471 1361 549 1392 ibid.
575 1362 651 1393 Div.
668 1363 688 1392 i.
717 1366 767 1397 17.
784 1364 871 1402 quod
887 1365 1000 1394 inaus-

262 1403 374 1442 picato
411 1406 617 1444 pomoerium'
648 1412 873 1446 transgressus
913 1414 1000 1438 esset

262 1446 400 1478 Consul.
416 1448 672 1489 *Metaphorice
689 1450 861 1489 eleganter
875 1456 924 1481 est
942 1454 999 1483 Or.

261 1489 308 1520 iii.
344 1494 394 1522 20.
434 1491 594 1523 collocare
633 1494 882 1524 tabernaculum
921 1497 998 1526 vitae

262 1543 332 1564 suae
349 1536 383 1565 in
400 1535 620 1577 philosophia.

307 1578 541 1610 Tabernarius.
561 1591 684 1611 nomen
704 1583 863 1622 opificum
887 1587 919 1613 et
943 1594 997 1613 eo-

261 1631 352 1660 rum,
389 1624 444 1662 qui
480 1624 513 1654 in
549 1625 696 1655 tabernis
726 1636 864 1663 merces,
895 1628 997 1665 cibos,

261 1665 392 1704 vinum,
416 1667 476 1697 διο.
505 1668 637 1698 venales
662 1669 800 1706 habent,
831 1671 886 1710 qui
918 1677 997 1701 sunt

260 1709 301 1739 de
338 1710 456 1741 infima
492 1711 587 1751 plebe
625 1712 788 1743 homines.
832 1714 871 1744 ad
919 1715 995 1745 Div.

258 1753 326 1783 viii.
351 1754 382 1784 6.
408 1755 471 1784 nisi
499 1765 576 1785 cum
607 1757 804 1787 tabernariis
831 1762 865 1787 et
897 1768 997 1797 aqua-

258 1797 315 1826 riis
350 1807 546 1837 pugnarem.
584 1800 640 1830 ubi
674 1801 848 1831 Manutius
883 1802 923 1831 de
958 1803 996 1832 iis

259 1845 395 1871 tantum
431 1843 503 1882 capi
538 1843 623 1881 vult,
655 1844 688 1873 in
712 1855 851 1883 quorum
887 1845 997 1875 taber-

260 1893 320 1914 nas
338 1884 489 1915 homines
507 1887 570 1916 cibi
587 1888 871 1927 gratia-veniunm
896 1899 996 1928 quem

259 1927 334 1957 vide
364 1929 474 1959 Domo
505 1933 534 1960 5.
564 1931 696 1969 Sergius
729 1934 915 1962 concitator
945 1937 994 1963 ca-

259 1972 496 2003 bernariormn.
524 1984 553 2003 ν.
579 1974 729 2005 taberna.
748 1975 855 2006 Flace.
879 1979 909 2007 8.
925 1977 995 2017 opi-

258 2015 338 2045 fices
367 2021 402 2046 et
431 2017 642 2055 tabernarios,
671 2022 770 2057 atque
801 2019 894 2049 illam
925 2031 994 2050 om—

259 2067 335 2088 nem
360 2059 467 2090 fecem
495 2061 683 2100 civitatum,
701 2063 780 2101 quid
803 2067 854 2093 est
871 2064 994 2103 negotii

261 2103 440 2134 concitare.

304 2146 486 2177 Tabescere.
512 2148 610 2178 Catil.
628 2150 661 2178 ii.
680 2152 709 2180 4.
735 2150 894 2180 tabescere
910 2151 994 2180 desi-

256 2189 359 2220 derio.
384 2191 452 2221 Att.
471 2192 516 2221 iii.
534 2194 586 2222 95.
611 2193 645 2222 in
662 2193 724 2222 hac·
741 2193 931 2224 calamitate
944 2200 994 2225 ta-

258 2234 444 2266 bescendum
468 2240 529 2265 est.
563 2236 642 2266 Nat.
668 2237 711 2266 D.
736 2236 770 2266 ii.
802 2240 849 2267 10.
874 2237 995 2268 humor

253 2277 399 2307 tabescit
414 2278 532 2308 calore.
552 2279 571 2308 i.
589 2290 616 2308 e.
634 2279 775 2318 liquefit.
798 2280 869 2310 Att.
890 2281 923 2311 ii.
945 2285 992 2312 14.

257 2321 379 2357 otium,
397 2332 462 2360 quo
481 2332 569 2352 nunc
587 2324 786 2353 tabescimus.

307 2364 483 2405 Tabg'sieus.
519 2366 657 2396 Tuscul.
690 2368 732 2396 iv.
767 2367 817 2397 16.
856 2368 993 2408 tabfficoe

255 2408 379 2437 mentis
397 2410 674 2447 perturbationes.

299 2450 439 2489 Tabula,
457 2463 555 2482 omne
573 2463 678 2491 genus
701 2454 932 2491 instrumenti,
950 2456 991 2485 si-

252 2504 290 2523 ve
307 2504 347 2525 ex
372 2505 436 2525 aere
453 2495 546 2534 facti,
563 2497 630 2526 sive
648 2498 762 2534 cerati,
782 2498 815 2526 in
838 2508 903 2536 quo
932 2498 991 2528 ali-

253 2538 333 2576 quid
353 2539 533 2578 scribitur3
563 2541 779 2580 (quamquain
808 2540 880 2570 Liv.
898 2542 918 2571 i.
937 2545 988 2573 ⁶24.

252 2582 402 2611 tabulam
416 2586 450 2612 et
467 2593 575 2613 ceram
593 2584 831 2622 distinguit,et
847 2584 886 2614 dc
904 2595 991 2615 aene-

249 2625 278 2654 is
293 2629 430 2655 tantum
455 2626 560 2663 dicit.)
581 2632 614 2656 et
640 2627 709 2666 ipse
729 2627 844 2657 Cicero
860 2629 893 2657 in
911 2628 991 2658 Ver-

248 2669 332 2698 rinis
355 2679 442 2709 saepe
461 2675 700 2700 commemorat
717 2672 846 2701 tabulas
869 2675 901 2701 et
917 2672 990 2702 lite-

249 2721 325 2750 ras3
365 2713 423 2743 sed
455 2713 526 2743 aliis
553 2714 633 2744 locis
663 2714 762 2744 etiam
797 2715 909 2745 literas
940 2720 989 2746 ta-

250 2755 406 2786 bularum
440 2758 576 2787 nomine
615 2757 880 2797 comprehendit.
922 2760 987 2789 vid.

250 2799 364 2838 Sigon.
381 2799 419 2829 de
435 2800 547 2831 Judic.
570 2801 602 2830 ii.
634 2802 681 2831 16.
706 2802 987 2840 quemadmodum

249 2843 421 2879 interdum
460 2843 632 2874 literarum
673 2845 807 2874 nomine
846 2847 986 2883 tabulas,

249 2891 290 2916 ut
319 2886 354 2917 in
387 2887 498 2918 Caecil.
526 2893 557 2922 9.
594 2888 736 2919 Tabulas
765 2899 844 2928 ergo
871 2890 987 2920 Cicero

248 2929 330 2961 dicit
371 2933 398 2962 1.
437 2931 565 2963 codices
604 2938 820 2974 acceptorum
863 2937 898 2964 et
930 2944 987 2971 ex-

1048 287 1108 306 suo
1131 277 1198 306 suis
1225 276 1356 312 tabulis,
1378 276 1532 313 testibus,
1552 277 1603 306 uti
1629 279 1789 307 conatur-1

1048 319 1141 349 verr.
1160 320 1193 349 ii.
1207 323 1237 353 7.
1255 319 1434 349 inultorum
1453 321 1571 350 tabulis
1583 319 1671 349 vobis
1686 320 1781 348 satis-

1049 363 1174 392 factum
1191 368 1252 392 est.
1270 363 1348 392 ibid.
1371 365 1423 396 74.
1448 364 1500 398 76.
1524 368 1559 393 et
1575 363 1621 392 sic
1638 366 1688 392 est
1707 361 1781 399 plu-

1049 407 1137 436 ribus
1154 405 1244 436 locis.
1268 407 1320 435 Sic
1347 416 1427 446 cape
1450 407 1484 436 in
1510 406 1670 442 Veri-inis,
1689 405 1744 435 ubi
1759 415 1782 435 a.

1049 449 1152 479 literis
1178 450 1444 488 distinguuntur,
1461 461 1489 479 v.
1512 460 1541 480 c.
1566 451 1600 480 ii.
1627 453 1679 483 74.
1703 447 1788 479 coll..

1048 495 1100 525 76.
1126 493 1283 522 dicuntur
1308 495 1425 523 lalmloe
1449 494 1615 523 societatis
1640 493 1786 522 honeste.

1049 537 1208 566 removeri
1223 546 1289 566 non
1302 538 1460 576 potuisse,
1475 538 1583 567 literas
1600 540 1726 573 autem,
1744 535 1781 566 h.

1048 590 1076 608 c.
1094 589 1209 619 parvos
1227 581 1392 610 rationum
1412 580 1550 617 libellos,
1568 580 1727 620 potuisse,
1744 582 1781 608 et

1048 627 1190 652 remotas
1207 633 1288 653 esse.
1328 625 1439 654 Etiam
1454 625 1591 654 Codices
1608 623 1786 653 rationum»

1047 666 1255 705 publicarum
1287 668 1445 697 dicuntur
1475 669 1593 697 tabula
1625 667 1779 706 publicae.

1046 710 1139 739 verr.
1158 711 1179 739 i.
1198 712 1249 740 ⁶21.
1274 710 1369 740 Rose.
1386 711 1459 740 Am.
1476 714 1529 741 44.
1575 711 1663 740 Hinc
1680 712 1710 740 ,(Ζ.
1728 713 1780 738 ta-

1047 754 1127 783 lmloe
1144 764 1235 783 novae
1248 754 1419 791 dicuntur,
1432 764 1508 783 cum
1526 755 1663 783 nomina
1680 754 1713 782 in
1730 761 1783 782 ta-

1046 797 1132 826 bulis
1164 807 1383 837 expensorum
1411 803 1600 834 mutantur,
1623 797 1655 826 h.
1677 808 1705 825 e.
1723 800 1784 826 aut

1046 840 1143 879 plane
1160 841 1327 877 delentur,
1354 850 1390 870 ut
1414 842 1594 870 creditores
1624 840 1780 869 debitori-

1047 884 1105 912 bus
1144 893 1243 913 omne
1281 885 1431 914 debitum
1478 885 1683 919 condonent,
1727 887 1779 920 (ut

1047 927 1199 957 Pearcius
1216 928 1337 967 accipit
1352 929 1416 958 Off.
1432 929 1466 957 ii.
1485 931 1536 957 ‘js-3.
1562 927 1648 966 quod
1663 933 1780 957 tamen

1046 980 1110 1000 non
1140 972 1266 1010 patitur
1282 972 1372 1001 locus
1398 972 1565 1001 Ciceronis
1587 981 1614 1000 c.
1632 973 1684 1001 24.
1719 970 1778 1000 ubi

1045 1025 1063 1043 a
1077 1015 1205 1044 Caesare
1221 1016 1342 1045 victore
1353 1025 1451 1045 novas
1464 1016 1592 1044 tabulas
1602 1014 1706 1043 factas
1722 1014 1783 1043 do·-¹

1045 1058 1110 1094 cet)
1131 1066 1188 1088 aut
1206 1069 1279 1098 pars
1297 1060 1335 1089 de
1353 1069 1485 1089 sumnia
1500 1059 1665 1095 demitur3
1689 1057 1781 1096 quod

1044 1101 1177 1140 publica
1207 1104 1407 1132 auctoritate
1441 1103 1609 1132 interdum
1649 1102 1778 1131 sactum

1044 1151 1112 1174 cst:
1144 1150 1179 1175 ut
1195 1156 1285 1183 cum,
1303 1155 1340 1176 ut
1366 1151 1416 1176 est
1439 1146 1527 1185 apud
1553 1145 1688 1175 Sallust.
1714 1145 1777 1174 Ca-

1043 1189 1092 1218 til.
1110 1192 1162 1219 33.
1196 1195 1372 1229 argentum
1399 1200 1462 1219 aire
1488 1189 1569 1219 solvi
1587 1190 1778 1227 juberetur,

1044 1231 1076 1261 h.
1093 1243 1120 1262 e.
1138 1235 1281 1263 sestertii
1301 1244 1357 1272 pro
1375 1234 1528 1270 denariis,
1553 1239 1670 1271 quarta
1697 1242 1775 1273 pars

1045 1276 1162 1313 debiti,
1179 1278 1325 1315 quinque
1343 1284 1375 1306 et
1393 1278 1509 1315 viginti
1527 1286 1585 1316 pro
1602 1277 1751 1306 centenis
1766 1287 1775 1305 :

1043 1320 1130 1358 quod
1147 1331 1223 1350 cuni
1240 1328 1325 1351 esset
1334 1322 1481 1358 jussum,
1493 1330 1608 1350 omnes
1624 1320 1776 1349 omnium

1042 1365 1159 1393 talucloe
1191 1365 1360 1394 mutandae
1399 1371 1433 1394 et
1463 1364 1559 1393 aliter
1592 1363 1777 1393 scribendae.

1042 1415 1148 1437 erant.
1175 1407 1251 1437 hinc
1268 1408 1389 1438 Graecis
1413 1418 1499 1437 7200oe
1514 1408 1632 1437 tabulae
1658 1407 1776 1436 dicun-

1041 1456 1096 1480 tur
1112 1451 1206 1493 χρεῶν
1222 1451 1384 1481 ἀποκοπαί.
1403 1454 1520 1482 tabulae
1544 1460 1631 1480 not-(1²
1647 1461 1699 1491 ap.
1719 1450 1776 1480 Ci-

1041 1505 1196 1524 ceronem
1223 1505 1308 1535 serpe
1337 1498 1650 1525 commemorantur.
1681 1504 1711 1523 v.
1743 1504 1774 1524 c.

1041 1538 1139 1568 Catil.
1157 1539 1190 1568 ii.
1208 1542 1238 1569 8.
1275 1538 1358 1568 Phil.
1375 1540 1417 1568 vi.
1435 1542 1465 1570 4.
1489 1540 1559 1568 Att.
1577 1549 1606 1568 v.
1623 1541 1675 1569 21.
1693 1537 1773 1568 ibid.

1040 1583 1103 1612 ,xixa
1122 1584 1172 1612 ⁴21.
1199 1583 1341 1613 maxime
1379 1589 1491 1613 autem
1519 1588 1688 1622 exspecto,
1718 1591 1774 1611 ec-

1040 1626 1118 1663 quid
1136 1625 1309 1656 Dolabella
1331 1627 1455 1656 tinniat
1475 1626 1520 1667 (h.
1538 1636 1566 1655 e.
1581 1624 1699 1663 solvat)
1729 1634 1773 1655 an

1040 1670 1073 1699 in
1092 1680 1164 1699 ineo
1178 1671 1313 1699 nomine
1328 1671 1457 1700 tabulas
1472 1680 1569 1700 novas
1582 1670 1698 1699 fecerit
1712 1681 1719 1698 :
1737 1668 1774 1699 h.

1039 1724 1068 1743 e.
1086 1713 1210 1743 solvere
1238 1713 1333 1751 nolit,
1351 1715 1437 1753 quod
1465 1714 1572 1743 debet.
1599 1717 1630 1744 3.
1654 1714 1775 1744 tabuloe

1038 1757 1141 1786 etiam
1157 1762 1238 1787 sunt
1255 1757 1316 1787 Pis.
1341 1761 1387 1788 15.
1400 1768 1425 1787 s.
1449 1758 1481 1787 in
1500 1757 1657 1794 comitiis,
1673 1755 1776 1787 intel-.

1039 1800 1256 1840 ligunturque
1272 1810 1333 1838 err,
1350 1802 1384 1833 in
1409 1802 1539 1840 quibus,
1566 1807 1640 1841 post
1655 1800 1774 1830 suffra-

1038 1845 1167 1883 giorum
1185 1845 1432 1881 diffinitionem,
1456 1845 1613 1883 suffragia
1637 1844 1773 1884 punctis

1038 1892 1211 1925 notantur,
1229 1893 1266 1918 ut
1283 1892 1371 1918 recte
1389 1889 1531 1928 explieat
1548 1888 1714 1918 Gesnerus
1729 1887 1772 1917 ad

1037 1930 1131 1961 Varr.
1159 1932 1197 1962 R.
1215 1932 1253 1962 R.
1275 1933 1320 1962 iii.
1347 1935 1375 1963 5.
1401 1937 1484 1967 extr.
1524 1935 1554 1962 4.
1571 1931 1720 1969 Codices,
1737 1931 1774 1961 in

1037 1976 1155 2012 quibus
1188 1976 1349 2006 memoria
1374 1986 1483 2006 rerum
1510 1975 1655 2015 publice,
1694 1980 1773 2004 tan-

1037 2029 1136 2056 quam
1150 2021 1183 2049 in
1195 2020 1462 2058 censtnjudiciis,
1473 2024 1622 2049 actarum
1634 2018 1773 2058 pei-scrin

1035 2061 1139 2099 bitur,
1169 2067 1203 2092 et
1234 2073 1333 2093 omne
1373 2073 1479 2103 genus
1510 2063 1630 2092 codicis
1653 2062 1768 2094 cerati.

1035 2105 1127 2136 Verr.
1146 2107 1178 2136 ii.
1195 2108 1247 2137 4⁶2.
1264 2112 1300 2137 ut
1317 2108 1443 2137 tabulas
1459 2107 1606 2147 publicas
1623 2115 1772 2136 corrum-

1035 2159 1112 2189 pere
1129 2150 1278 2181 auderes.
1324 2152 1438 2180 Sermo
1452 2156 1503 2180 est
1526 2150 1566 2180 de
1593 2150 1718 2186 codice,
1736 2149 1771 2184 in

1036 2203 1099 2231 quo
1124 2195 1248 2233 scripta
1274 2201 1369 2224 erant
1396 2195 1532 2224 nomina
1564 2194 1604 2223 de
1629 2193 1771 2222 crimine

1035 2236 1234 2275 delatorum,
1247 2239 1303 2278 qui
1320 2243 1353 2268 et
1370 2238 1628 2268 commentarius
1646 2237 1773 2266 Paeto..

1036 2280 1078 2309 ris
1096 2281 1237 2311 dicitur:
1276 2282 1462 2321 cujusmodi
1487 2281 1608 2311 codicis
1638 2280 1766 2310 mentio

1034 2331 1085 2353 est
1103 2325 1238 2355 Cluent.
1265 2329 1317 2356 33.
1359 2329 1388 2356 5.
1407 2326 1506 2362 scta,
1530 2325 1618 2364 leges
1647 2325 1705 2353 &c.
1734 2326 1770 2353 in

1034 2377 1098 2397 aere
1114 2369 1259 2408 scriptae,
1275 2370 1354 2399 item
1371 2370 1555 2410 pactiones,
1572 2367 1770 2408 syngraphae

1035 2412 1094 2441 ἃς.
1122 2412 1185 2441 Pis.
1205 2416 1253 2442 15.
1273 2413 1356 2443 Phil.
1374 2414 1394 2443 i.
1418 2416 1442 2443 1.
1455 2422 1496 2442 ne
1513 2422 1578 2451 qua
1594 2413 1706 2441 tabula
1720 2410 1772 2441 ul-

1034 2454 1097 2484 lius
1115 2456 1239 2485 decreti
1257 2456 1395 2486 Cresaris
1413 2457 1582 2495 figeretur.
1605 2456 1662 2485 Or.
1679 2455 1700 2484 i.
1719 2458 1769 2485 13.

1035 2498 1118 2528 Phil.
1136 2499 1169 2528 ii.
1187 2500 1239 2530 36.
1263 2505 1335 2530 toto
1363 2500 1527 2540 capitolio
1545 2501 1662 2530 sabuloe
1688 2499 1770 2537 fige-

1033 2541 1166 2573 bantur.
1191 2543 1232 2572 ad
1247 2544 1287 2583 Q.
1306 2544 1355 2573 Fr.
1378 2544 1410 2573 ii.
1434 2544 1465 2574 6.
1499 2543 1646 2574 Racilius
1673 2543 1770 2572 tabu-¹

1034 2587 1100 2615 lam
1128 2587 1333 2627 proscripsit,
1358 2597 1392 2618 se
1415 2587 1578 2616 familiam
1611 2586 1770 2617 Catonia-

1033 2638 1110 2658 nam
1128 2630 1353 2661 venditurum.
1387 2632 1416 2662 6.
1435 2631 1474 2661 de
1492 2632 1605 2661 tabula
1621 2630 1770 2670 prosc-rh:

1033 2674 1168 2711 ptionis.
1193 2674 1292 2704 Rosc.
1308 2675 1383 2704 Am.
1400 2679 1430 2708 9.
1456 2675 1495 2704 dc
1509 2675 1627 2705 tabulis
1643 2674 1769 2702 exime-

1032 2725 1066 2745 re
1084 2726 1219 2754 nomen,
1237 2719 1299 2748 int.
1320 2719 1605 2758 proscriptorum:
1631 2716 1714 2746 adde
1736 2726 1767 2746 c.

1033 2762 1062 2789 a.
1106 2764 1136 2794 7.
1154 2761 1375 2801 geographica
1404 2762 1594 2801 descriptio,
1622 2770 1695 2799 quae
1732 2763 1769 2789 et

1031 2812 1137 2841 graece
1154 2803 1240 2843 πίναξ
1264 2806 1395 2836 dicitur.
1420 2806 1491 2836 Att.
1508 2807 1549 2835 vi.
1568 2808 1597 2836 2.
1621 2804 1769 2834 Dicaear-

1031 2846 1084 2876 chi
1101 2849 1230 2878 tabulae.
1255 2852 1285 2879 8.
1300 2850 1412 2879 tabula
1430 2852 1480 2879 est
1494 2849 1596 2878 etiam
1614 2850 1770 2886 argenta-2

1031 2891 1156 2920 riorum
1174 2901 1300 2922 mensa.
1327 2893 1410 2922 item
1434 2893 1558 2922 auctio.
1583 2891 1706 2922 Caecin.
1732 2890 1766 2920 6.

1030 2933 1125 2964 adest
1141 2935 1183 2965 ad
1198 2936 1350 2968 tabulam
1363 2949 1372 2966 .-
1395 2936 1517 2967 licetur
1540 2934 1708 2970 AEbutiuS.
1724 2932 1770 2970 cs.
