1920 3196
661 73 807 101 INDEX
837 73 1138 102 LATINITATIS·

148 159 297 195 homulus
312 172 352 193 ex
367 162 485 202 argilla
507 167 542 193 et
556 162 628 193 luto
644 162 744 193 fictus
762 161 886 203 Epicu-

148 217 234 238 reus.

191 250 365 287 Honestas,
389 249 503 286 docus,
525 249 608 280 laus.
640 249 729 280 Mur.
746 252 800 280 40.
832 259 885 279 ce-

145 298 226 324 terae
240 299 318 324 ante
331 300 436 333 partae
450 295 635 324 honestates.
660 293 678 312 ²*
688 294 727 323 de
740 292 885 323 homini-

146 337 220 373 bus,
238 342 276 366 ut
293 337 405 367 decus.
435 338 526 366 Sext.
544 340 595 367 51.
627 337 661 366 in
685 347 751 376 qua
766 346 883 366 omnes

145 382 322 411 honestates
334 381 563 411 consentiunt.
587 380 605 398 ¹*
616 381 882 420 magnificentia,

143 423 344 454 sublimitas.
375 426 468 455 Orat.
495 424 540 454 iii.
575 426 619 454 «1.
652 434 764 454 rorum
788 424 885 464 copia

145 468 318 498 verborum
336 469 465 508 topiam
482 469 604 507 giguit.
629 474 663 497 et
679 469 704 498 >i
723 472 774 498 est
790 469 883 498 hone·

143 515 211 540 ,τηις
227 512 261 540 in
289 513 398 549 rub-s,
415 513 530 541 existit
546 522 586 541 ex
603 512 648 541 rei
671 518 794 542 natura
809 512 882 550 qui-

143 553 219 584 dam
231 566 239 575 ε
249 556 388 594 ¹,lendor
398 555 432 585 in
443 566 454 583 ι
463 556 559 585 trbis.
572 556 590 572 ’θ
600 555 686 585 bona
694 555 882 595 fa1na,0pp.

142 598 302 629 insumite.
332 599 428 629 Rosc.
445 599 520 629 Am.
536 602 588 633 39.
621 599 799 630 damnatus
823 609 881 639 per

141 642 318 679 arbim-...m
343 649 376 673 et
405 653 473 672 rein
499 643 706 680 restitueret,
729 648 764 673 et
788 645 881 673 hone-

141 690 258 716 statum
278 697 411 716 amnem
429 687 614 716 amitteret.

188 730 339 768 Honestp,
354 730 503 770 pulchre.
517 730 556 770 Ω.
571 730 620 760 Fr.
637 730 683 760 iii.
698 732 724 760 1.
738 732 768 760 4.
783 729 816 759 id
830 735 881 760 te-

143 778 236 803 ctum
263 776 387 805 homste
410 775 517 814 vergit
542 774 575 804 in
599 778 727 804 tectum
745 774 881 804 inferio-

142 818 186 847 ris
205 819 365 858 porticus.

187 859 360 893 Holus-lus.
385 861 589 902 splendidus.
615 860 712 892 Brut.
729 864 780 892 81.
805 861 878 899 quis

142 905 209 936 sit?
237 916 274 935 ac
293 905 458 945 quomodo
482 906 613 936 differat
631 906 669 935 ab
686 907 879 935 honoratus.

143 949 199 979 ubi
217 960 246 979 v.
263 949 356 979 Verr.
374 950 408 980 ii.
424 951 476 980 98.
501 951 647 980 honestus
663 958 774 988 eques.
808 950 878 979 Un—

142 992 183 1021 de
207 994 415 1024 honestis-imi
437 993 590 1023 homines
610 998 773 1023 vocantur
795 993 880 1033 pub-

140 1035 252 1067 licani.
293 1037 411 1067 Manil.
442 1041 472 1071 7.
516 1037 666 1078 *Quinn
701 1040 750 1066 153.
783 1038 877 1067 hone-

139 1080 414 1119 stiusjudstium,
430 1080 517 1120 quod
534 1080 633 1111 famae
656 1081 740 1120 ejus,
757 1081 810 1111 cui
829 1081 878 1110 in-

138 1124 306 1162 tenditur,
324 1134 390 1154 non
413 1129 546 1155 tantum
564 1125 751 1165 periculum
769 1125 876 1155 affert.

141 1169 160 1188 ³¹²
172 1169 385 1200 honestissimo
399 1169 471 1199 adv.
489 1169 530 1199 ad
546 1169 616 1199 Att.
634 1170 677 1199 ix.
694 1172 726 1203 7.

185 1212 311 1249 Honor,
339 1214 373 1242 in
405 1213 524 1252 plurali
555 1213 595 1243 ‹le
626 1212 877 1251 magistratibus

140 1254 273 1286 dicitur.
310 1267 338 1286 v.
365 1256 406 1286 ad
431 1258 508 1287 Div.
536 1267 566 1287 x.
593 1261 625 1292 9.
658 1259 706 1287 10.
736 1257 795 1286 ἃς.
835 1256 875 1286 de

139 1300 340 1339 magistratu
358 1306 470 1330 autem
484 1301 518 1331 in
531 1301 704 1340 singulari.
727 1300 782 1330 Sic
794 1299 876 1330 Sull.

142 1346 193 1374 18.
228 1347 326 1374 honor
349 1344 389 1374 de
413 1345 603 1375 consulatu.
635 1344 678 1375 cf,
705 1344 796 1375 Mur.
827 1348 877 1375 14.

139 1386 212 1417 Inv.
228 1389 248 1417 i.
267 1391 319 1418 54.
341 1388 400 1418 ἃς.
432 1388 538 1418 Flacc.
560 1392 587 1419 l.
617 1390 742 1418 honom's
764 1389 875 1428 potius

136 1431 177 1463 L.
193 1432 301 1462 Flacci
318 1432 505 1470 adjutorem
522 1432 686 1462 futurum.
718 1432 780 1470 Ibi,
797 1433 877 1472 quia

139 1475 257 1506 Paerni
275 1476 376 1506 Codd.
393 1476 586 1506 habuerunt
601 1477 770 1515 honorum,
783 1476 874 1506 Grae-

137 1520 208 1550 vius
226 1521 383 1550 honorum
407 1520 568 1558 malebat,
585 1520 672 1559 quod
697 1528 748 1550 est
770 1521 875 1551 usita-

135 1564 205 1594 tius
226 1563 266 1593 de
290 1564 554 1603 magistratibus.
601 1564 666 1594 Sed
689 1564 729 1594 de
753 1574 875 1594 consu-

135 1606 208 1638 latu
225 1617 334 1638 sermo
358 1613 421 1645 est,
439 1617 505 1638 non
529 1607 569 1638 de
593 1607 744 1648 pluribus
768 1609 874 1648 mag-i-

136 1651 316 1682 stratibus:
347 1661 426 1690 ergo
450 1651 613 1691 singulari
636 1662 730 1692 opus.
778 1652 876 1682 Nun-

136 1705 237 1734 quam
260 1695 340 1732 vidi,
365 1705 442 1725 cum
465 1697 596 1726 honores
618 1695 812 1726 dicerentur
834 1696 874 1726 de

135 1749 204 1770 uno
231 1740 445 1779 magistratu.
483 1740 706 1780 *pi-aemiuli),
732 1740 873 1778 donum,

135 1788 169 1813 et
186 1783 345 1824 quicquid
360 1784 487 1814 honoris
502 1793 602 1814 causa
617 1783 728 1821 datur,
742 1788 801 1814 aut
817 1784 874 1814 da-

133 1829 207 1857 tum
247 1828 357 1858 honori
387 1831 449 1858 cst.
508 1828 562 1858 Sic
601 1827 641 1857 (le
674 1828 873 1858 hereditate.

132 1872 252 1912 Quint.
270 1874 301 1902 4.
332 1875 372 1901 ut
387 1871 429 1901 ad
444 1881 545 1911 quem
570 1871 737 1902 maximus
753 1882 876 1902 moeror

134 1920 243 1948 morte
258 1925 319 1946 sua
334 1917 536 1955 perveniret,
553 1916 594 1946 ad
610 1925 688 1945 eum
706 1916 873 1946 maximus

133 1960 238 1990 etiam
261 1961 354 1989 honos
378 1959 438 1989 διο.
468 1959 566 1990 Rosc.
583 1959 657 1989 Am.
676 1963 728 1994 37.
761 1969 872 1990 nonne

133 2004 215 2033 satis
231 2002 310 2040 fuit,
326 2003 376 2033 his
401 2004 524 2042 gratias
548 2003 628 2043 agi?
663 2003 807 2042 denique
832 2009 872 2034 ut

132 2046 377 2087 perliberaliter
399 2052 568 2086 ageretur,
593 2048 720 2078 honoris
746 2048 872 2087 aliquid

133 2091 275 2122 haberi?
310 2101 370 2120 cur
390 2091 459 2121 tria
485 2091 611 2131 praedia
640 2094 746 2122 tantae
770 2101 872 2131 pecu·

133 2135 199 2165 niae
223 2134 339 2165 statim
365 2134 521 2174 Capitoni
548 2134 684 2166 dantur.
714 2135 793 2166 ibid.
816 2138 871 2170 47.

133 2178 224 2218 quod
246 2179 321 2209 viris
345 2178 488 2209 fortibus
516 2180 611 2210 honos
635 2178 770 2209 habitus
797 2188 868 2219 est3

131 2221 244 2253 laudo.
275 2222 317 2252 ad
333 2222 406 2252 Div.
426 2223 490 2253 xvi.
507 2227 538 2257 9.
568 2230 606 2252 ut
623 2223 754 2253 medico
777 2224 871 2253 honos

130 2265 321 2297 haberetur.
355 2265 410 2296 Sic
427 2266 536 2296 Graeci
551 2264 641 2306 τιμᾷι
656 2277 716 2306 pro
731 2267 870 2307 praemio

131 2311 276 2348 afficere,
307 2310 390 2340 item
420 2309 577 2340 imam.
614 2310 719 2342 *Fin.
751 2311 786 2342 ii.
820 2315 869 2342 10.

131 2355 225 2385 honos
241 2353 437 2394 profundus.

175 2398 397 2435 Honor-arius,
421 2397 537 2428 arbitri
567 2397 758 2438 epitheton,
781 2398 870 2437 quod

129 2442 264 2472 honoris
279 2450 381 2471 causa
396 2441 438 2471 ad
453 2441 598 2480 aliquem
619 2442 796 2472 arbitrium
814 2442 871 2472 de—

128 2486 247 2517 fertur.
274 2485 376 2516 Tusc.
391 2495 421 2516 v.
437 2487 490 2517 41.
519 2495 662 2524 quorum
679 2490 871 2516 controver-

128 2531 194 2560 sias
214 2528 354 2566 solebat,
369 2532 545 2568 tamquam
569 2530 761 2560 honorarius
784 2530 871 2560 arbi-

128 2578 196 2612 ter,
205 2573 359 2612 judicare
376 2572 575 2603 Carneades.
607 2573 705 2604 Rosc.
724 2574 819 2603 Com.
838 2577 869 2606 5.

130 2618 306 2648 honoraria
322 2617 469 2647 arbitria.
497 2615 621 2647 Caecin.
638 2619 669 2648 2.
695 2618 870 2648 honoraria

129 2671 232 2702 opera
247 2661 346 2691 amici
370 2662 430 2700 (sc.
447 2658 589 2699 arbitri.)
624 2662 644 2682 ³*
657 2662 870 2692 honorarium

129 2710 195 2743 est,
226 2704 316 2744 quod
347 2713 414 2734 non
453 2703 626 2741 dehemus,
658 2704 716 2734 sed
755 2710 870 2736 nostra

128 2753 247 2789 sponte
275 2748 432 2784 facimus,
455 2747 571 2785 libere,
594 2746 729 2778 honoris
757 2759 868 2780 causa.

127 2793 208 2832 Opt.
226 2802 258 2832 g.
276 2792 308 2822 d.
326 2795 353 2822 l.
383 2791 501 2822 docere
526 2791 676 2822 debitum
699 2796 763 2830 est,
779 2792 870 2823 dele-

128 2840 220 2867 ctare
245 2836 472 2873 honorarium,
497 2844 690 2875 permovere
718 2845 870 2866 necessa-

130 2880 230 2915 nium.
257 2880 310 2912 Sic
327 2879 392 2912 Pis.
410 2881 466 2912 35.
490 2880 703 2911 honorarium
717 2879 872 2913 frumen-

1588 65 1670 102 515

928 166 1016 192 tum.
1040 171 1070 193 v.
1086 161 1312 192 frumentum.

975 205 1120 236 Honorw
1134 216 1176 235 vas.
1202 206 1258 244 qui
1273 205 1492 244 magistratus
1506 206 1593 245 gerit
1610 213 1671 237 aut

930 250 1045 288 gessit.
1074 250 1170 280 Brut.
1191 253 1243 280 81.
1276 248 1333 288 qui
1355 247 1516 279 honorem
1533 255 1670 280 senten-

927 293 982 322 tiis
1007 298 1041 322 et
1065 292 1232 332 suffragiis
1262 292 1402 332 adeptus
1435 293 1559 322 est—is
1585 294 1668 324 mihi

929 336 1090 366 honestus
1113 341 1148 366 et
1171 339 1346 366 honoratus
1369 335 1512 366 videtur.
1542 346 1588 366 sc.
1611 337 1670 367 ho-

928 387 1045 409 n.:stus
1063 379 1208 410 refertur
1223 380 1265 410 acl
1278 381 1462 410 sententias
1481 381 1514 410 in
1528 386 1665 411 senatu:

925 424 1100 454 honoratus
1115 424 1156 454 ad
1171 423 1330 463 suffragia
1346 423 1471 464 popul*¹
1498 425 1561 454 Off.
1575 425 1596 454 i.
1613 428 1667 459 39.

927 467 1081 498 homines
1112 469 1258 498 honorati
1283 472 1318 497 et
1350 468 1509 508 principis
1536 467 1667 498 domus.

926 514 982 541 Or.
1019 515 1050 545 9.
1088 510 1301 553 Thucydides
1332 511 1397 541 fuit
1428 513 1602 542 honoratus
1632 518 1669 543 et

925 554 1058 585 nobilis.
1085 554 1177 586 Cato.
1200 559 1248 589 17.
1274 562 1429 585 senectus
1445 557 1616 587 honorata.

970 599 1076 629 Hora.
1122 599 1162 630 de
1199 599 1372 639 clepsydra
1402 599 1586 639 judiciaria
1615 607 1668 630 est

923 641 1020 674 Brut.
1037 653 1066 673 c.
1085 646 1137 674 54.
1168 643 1208 674 de
1232 642 1405 683 horologio
1428 647 1480 673 est
1501 643 1545 674 N.
1569 643 1614 674 D.
1631 644 1667 674 ii.

926 689 978 717 38.

968 729 1184 768 Hor-notium,
1199 729 1299 769 hujus
1317 730 1408 760 anni.
1435 729 1528 761 Verr.
1546 731 1592 762 iii.
1613 734 1663 763 18.

922 773 1135 804 frumentum
1152 775 1372 804 hornotinum.

974 817 1128 856 Hom-ide,
1160 818 1255 855 dure,
1288 827 1415 858 aspere.

925 862 1054 892 Imrride
1072 859 1200 892 ‘viverez
1234 862 1252 880 ³*
1265 862 1336 891 sine
1361 863 1582 900 ornamentis,
1599 865 1663 894 mi-

924 916 986 936 nus
1017 906 1197 936 elaborate.
1232 906 1290 936 Or.
1317 909 1349 940 9.
1381 906 1511 935 horride
1541 906 1664 939 dicere.

923 949 1003 980 ibid.
1029 952 1081 981 25.
1115 950 1155 980 tle
1183 955 1313 980 oratore
1341 950 1376 979 in
1400 959 1522 989 genere
1545 952 1660 981 tenui:

921 993 1039 1023 iisdem
1064 994 1271 1024 ornamentis
1297 998 1413 1024 utetur
1436 995 1614 1033 horridius,
1640 997 1663 1026 i.

922 1047 951 1068 e.
979 1037 1176 1078 simplicius,
1205 1038 1317 1068 minus
1347 1037 1515 1068 elaborate
1543 1042 1578 1069 et
1604 1050 1663 1080 po-

925 1081 996 1111 lite.

964 1125 1144 1163 Horridus,
1170 1135 1278 1166 asper,
1306 1125 1420 1156 durus.
1459 1126 1578 1166 Quint.
1607 1129 1661 1159 30.

920 1169 991 1200 vita
1017 1170 1152 1200 horrida
1179 1175 1214 1200 et
1241 1169 1344 1200 arida.
1374 1170 1485 1199 minus
1511 1170 1661 1210 elegans,

921 1214 1056 1253 politus.
1083 1214 1175 1244 Orat.
1198 1217 1245 1244 11.
1273 1214 1405 1244 horrida
1422 1215 1567 1254 pictura,
1585 1225 1660 1254 quae

919 1267 986 1287 non
1003 1257 1103 1287 habet
1119 1258 1245 1288 colores
1260 1257 1355 1288 laetos
1376 1263 1410 1287 et
1434 1257 1570 1288 nitidos.
1602 1259 1661 1289 Or.

921 1301 951 1332 6.
984 1301 1120 1331 horrida
1135 1302 1255 1340 oratio,
1272 1301 1311 1331 (le
1329 1302 1438 1332 tenui.
1468 1302 1486 1319 ⁴*
1498 1302 1659 1333 incultus.

919 1345 1013 1376 Verr.
1033 1345 1081 1376 iii.
1113 1349 1160 1376 18.
1193 1346 1346 1375 horridus
1369 1355 1519 1385 campus.
1550 1346 1658 1378 *Dim

918 1389 952 1419 ii.
983 1392 1032 1420 13.
1057 1390 1156 1427 jecur
1183 1391 1355 1420 horridum
1378 1395 1413 1419 et
1436 1389 1534 1427 exile,
1558 1400 1662 1431 oppo-

919 1433 1012 1462 nitur
1029 1433 1148 1463 nitido.
1182 1433 1306 1464 Iisdem
1323 1434 1430 1464 modis
1446 1434 1571 1464 dicitur
1584 1436 1659 1466 hor·

918 1477 1061 1514 vidulus,
1078 1478 1148 1507 Att.
1167 1478 1201 1508 ii.
1224 1481 1250 1508 l.
1275 1479 1333 1508 Or.
1350 1480 1404 1508 45.

963 1520 1107 1559 Horror,
1133 1521 1238 1561 frigus
1268 1521 1396 1551 febrile.
1439 1520 1509 1551 Att.
1539 1522 1595 1551 xii.
1625 1523 1658 1554 6.

918 1565 989 1594 sine
1013 1567 1144 1595 horrore
1166 1572 1228 1596 est.
1258 1576 1289 1596 v.
1305 1565 1436 1596 Duker.
1454 1565 1496 1595 ad
1520 1565 1605 1596 Flor.
1623 1577 1657 1607 p.

920 1612 994 1639 300.

963 1653 1099 1684 Hortor.
1130 1653 1202 1683 Att.
1219 1653 1274 1683 vii.
1295 1654 1345 1683 14.
1378 1663 1496 1693 pacem
1521 1653 1656 1693 quidem

917 1696 1044 1728 hortari
1063 1707 1131 1727 non
1148 1697 1281 1727 desino:
1306 1697 1364 1727 ubi
1382 1703 1497 1727 tamen
1520 1697 1656 1736 quidam

916 1739 991 1770 libri
1007 1741 1133 1772 habent
1149 1741 1190 1771 ad
1202 1751 1332 1781 pacem.
1356 1751 1387 1771 v.
1401 1740 1507 1771 Graev.
1522 1741 1655 1781 Fragm.

919 1784 1052 1815 Cornel.
1069 1787 1090 1815 i.
1108 1785 1217 1825 legem
1234 1784 1340 1823 (ledit,
1358 1794 1400 1814 an
1424 1784 1519 1822 tulit,
1538 1794 1580 1815 an
1606 1796 1658 1816 ro-

915 1829 1018 1867 gavit,
1035 1839 1078 1859 an
1103 1831 1254 1860 hortatus
1276 1832 1337 1859 est.
1385 1829 1436 1859 De
1461 1828 1522 1859 hac
1546 1829 1656 1860 forma

915 1873 986 1911 egit
1014 1872 1159 1903 Gronov.
1184 1872 1227 1903 ad
1254 1873 1399 1904 Statium
1424 1876 1459 1902 et
1482 1873 1524 1902 ad
1545 1873 1656 1905 Tacit.

919 1916 958 1946 A.
976 1916 1018 1946 xi.
1037 1920 1068 1947 3.

959 1959 1091 1991 Hostia.
1124 1959 1203 2000 Agr.
1226 1961 1259 1991 ii.
1284 1963 1337 1991 34.
1370 1961 1477 1990 hostiae
1500 1960 1655 2000 majores.

915 2002 997 2043 Leg.
1014 2004 1048 2034 ii.
1062 2007 1114 2035 21.
1139 2006 1241 2036 hostia
1258 2005 1406 2034 maxima
1421 2008 1609 2044 parentare.

959 2047 1082 2078 Hostis.
1116 2048 1182 2079 Off.
1204 2049 1227 2079 i.
1254 2050 1303 2079 12.
1334 2048 1392 2088 qui
1414 2047 1494 2079 olim
1518 2049 1651 2079 dictus?

914 2091 984 2122 scil.
1005 2093 1211 2132 peregrinus.

957 2135 1132 2174 Humane,
1147 2135 1328 2166 moderate.
1351 2135 1454 2166 Tusc.
1472 2136 1505 2166 ii.
1523 2136 1576 2170 27.
1595 2137 1657 2166 hu-

914 2189 1012 2210 mane
1027 2179 1114 2210 ferre
1130 2180 1267 2219 aliquid.
1300 2180 1341 2209 ad
1357 2180 1434 2211 Div.
1453 2180 1519 2210 viii.
1540 2183 1588 2210 10.
1617 2181 1657 2210 de

914 2223 1095 2264 provinciis
1105 2233 1170 2254 non
1183 2226 1328 2254 humane
1338 2223 1496 2263 loquitur.
1511 2223 1657 2262 *hilare‚

913 2267 1044 2297 festive.
1074 2268 1175 2299 Tusc.
1193 2268 1240 2298 iii.
1258 2270 1311 2301 27.
1343 2267 1470 2307 aliquid
1494 2267 1574 2297 fecit
1597 2269 1657 2298 hu-

915 2314 1059 2349 manius,
1075 2315 1134 2342 aut
1151 2312 1236 2342 dixit
1259 2311 1409 2342 hilarius.
1441 2311 1483 2341 ad
1497 2312 1575 2342 Div.
1592 2313 1657 2342 xvi.

914 2357 968 2386 21.
1000 2355 1182 2396 Cratippus
1197 2355 1334 2386 sublata
1349 2355 1525 2386 severitate
1551 2355 1658 2395 philo-

914 2398 1039 2439 sophia¹
1058 2401 1293 2430 humanissime
1316 2399 1492 2430 nobiscum
1509 2400 1657 2438 jocatur.

914 2442 1149 2474 Broukhusius
1172 2444 1219 2474 sic
1242 2443 1371 2473 dictum
1395 2443 1549 2483 putabat,
1567 2453 1604 2473 ac
1628 2445 1656 2474 si

913 2487 1119 2527 scripsisset:
1152 2487 1274 2527 saepius
1298 2489 1442 2517 humane
1470 2487 1515 2525 (h.
1537 2497 1566 2516 e.
1584 2497 1656 2517 ver-

912 2530 962 2561 bis
987 2532 1224 2562 communibus
1248 2535 1281 2560 et
1310 2529 1518 2570 vulgaribus)
1554 2541 1657 2570 quam

913 2573 1154 2615 philosophice.
1178 2585 1209 2605 v.
1225 2574 1343 2605 Burm.
1369 2573 1410 2605 ad
1427 2574 1564 2604 Petron.
1585 2578 1657 2607 100.

915 2617 1014 2648 male.
1032 2619 1176 2649 humane
1190 2620 1373 2659 opponitur
1383 2619 1567 2657 severitati,
1580 2629 1655 2659 qua:

914 2661 1000 2692 solet
1015 2672 1086 2692 esse
1103 2662 1394 2702 philosophorum.

957 2705 1179 2744 Humanitas,
1195 2708 1284 2736 varie
1302 2706 1426 2737 dicitur
1445 2706 1533 2746 apud
1558 2706 1653 2736 Cice-

913 2759 1043 2780 ronem.
1090 2750 1241 2780 Primum
1269 2759 1328 2790 pro
1352 2754 1475 2780 natura
1498 2750 1570 2790 ipsa
1592 2749 1656 2780 hu-

914 2802 1026 2823 mana.
1061 2793 1159 2824 Rosc.
1186 2795 1260 2824 Am.
1289 2796 1342 2825 953.
1379 2803 1504 2833 magna
1530 2798 1581 2824 est
1607 2794 1656 2824 vis

916 2837 1145 2868 humanitatis.
1176 2838 1271 2868 Orat.
1288 2839 1309 2868 i.
1339 2839 1386 2868 12.
1417 2838 1564 2868 Omnem
1588 2838 1655 2868 vim

915 2882 1133 2914 humanitatis
1147 2886 1279 2922 tenere,
1296 2891 1480 2922 causasque
1498 2891 1568 2920 eas,
1583 2882 1657 2922 qui-

1459 817 1578 858 Quint.
1613 822 1664 851 18.
