1985 3206
741 85 890 115 INDEX
923 84 1206 114 nrs'romcvs.

251 173 296 206 1..
320 174 451 213 Villius,
468 175 507 206 L.
531 174 565 207 F.
589 175 758 213 Pomtina,
782 174 935 212 Annalis,

208 218 252 250 nd
268 219 344 250 Div.
367 220 434 250 viii.
453 223 482 251 8.
500 221 653 250 Senator.
678 219 766 250 unde
791 218 937 248 Annales

208 262 303 293 Villii
318 263 396 294 dicti
412 274 441 293 v.
461 263 537 294 Iud.
564 263 670 302 Lag-g.
695 263 800 303 Leges
821 263 937 293 Amm-

208 308 266 337 les.

252 348 288 379 S.
307 348 441 388 Villius,
458 349 500 380 ad
526 349 603 380 Div.
617 350 650 380 ii.
667 350 699 380 6.
723 349 862 380 Milonis
889 348 938 379 fa·

212 392 363 425 miliaris.

252 437 295 468 L.
314 436 471 473 sinicius,
487 445 517 465 v.
536 435 692 466 Vzciuius.

255 480 384 517 Vinius,
403 480 443 509 ad
456 479 528 509 Att.
545 480 578 509 ii.
594 482 626 511 2.

252 523 289 555 S.
303 523 447 560 Virbius,
466 523 600 553 Cluent.
625 526 654 554 8.
672 523 822 554 Larinas.

254 566 476 605 Pii-gitianus,
494 577 523 597 v.
539 568 580 607 Q.
600 566 729 597 Fabius.

259 611 291 642 C.
310 611 483 650 Virgilius,
517 610 631 640 Plane.
654 613 708 641 40.
733 610 872 647 Praetor,
898 608 939 649 Q.

210 655 382 686 Ciceronis
411 654 558 693 Collega.
590 654 711 684 Siciliae
752 658 876 693 praetor
901 662 940 682 eo

208 708 312 736 anno,
330 708 395 737 quo
411 697 528 728 Cicero
542 697 700 727 exulavit.
716 696 826 728 noluit
847 706 939 733 eum,

209 742 362 781 quamvis
386 742 546 778 amicum,
575 740 682 771 Clodii
717 741 818 771 minis
843 741 941 770 terri-

209 794 280 824 tuS‚
308 786 466 825 recipere.
505 786 546 815 ad
577 785 617 824 Q.
654 784 704 815 Fr.
734 788 760 815 l.
793 786 823 814 9.
847 786 878 815 Ξῖ.
906 784 941 814 in

213 839 337 869 magna
363 829 611 859 existimatione
639 835 700 860 est.
731 828 774 858 ad
802 827 878 858 Div.
907 827 940 857 ii.

217 877 266 908 19.
292 874 497 914 propinquus
516 872 620 903 Coelii.
637 873 708 903 Att.
726 871 782 902 xii.
802 874 854 902 51.
871 871 940 902 xiii.

261 961 293 992 C.
309 960 482 1000 Virgilius,
497 960 589 990 Prov.
608 959 707 989 Cous.
721 960 752 989 4.
769 968 800 988 v.
818 958 850 989 C.
865 956 942 988 Vir-

210 1015 338 1044 genum.

257 1049 305 1079 M.
335 1048 510 1087 Virgilius,
542 1046 638 1077 Brut.
675 1049 728 1077 48.
762 1045 867 1076 frater
901 1045 941 1075 T.

214 1092 338 1123 Aufidii
366 1092 444 1121 trib.
474 1090 518 1130 pl.
543 1090 580 1121 L.
615 1090 716 1120 Sullae
740 1089 941 1129 Imperatori

213 1136 302 1166 diem
316 1135 410 1165 dixit.
423 1144 465 1165 sc.
478 1136 512 1164 in
530 1135 740 1164 tribunatum.
758 1133 942 1164 Uoconi.

213 1184 252 1210 ut
268 1189 342 1209 eum
358 1189 379 1208 α
389 1177 588 1218 profectione
602 1178 646 1208 ad
669 1179 788 1208 bellum
807 1176 944 1207 M'ielzri-

213 1223 360 1253 dativum
387 1223 600 1252 abstraheret.
658 1221 724 1252 Sed
753 1221 864 1256 Sulla,
889 1231 943 1250 ηε-

210 1268 315 1305 g-lecto
326 1266 477 1305 Vzrgz‘tto,
490 1267 580 1296 abiit.
594 1270 631 1295 ut
642 1270 688 1296 est
700 1274 752 1304 ap.
764 1264 942 1295 Plutarch.

213 1311 249 1340 in
266 1310 362 1340 Sulla
373 1320 409 1350 p.
427 1312 502 1341 458.
519 1311 575 1340 ubi
595 1311 680 1339 male
694 1309 872 1347 verginius
896 1308 944 1338 (li-

211 1355 311 1384 citur.
352 1354 394 1384 In
429 1355 493 1393 ipso
534 1353 684 1384 Cicerone
710 1353 881 1392 Virginius
913 1355 945 1382 et

217 1397 377 1436 Virgilius
388 1402 637 1437 summutantur.

263 1441 295 1471 C.
317 1441 503 1479 Virginius,
522 1442 614 1471 Prov.
635 1440 733 1470 Cons.
750 1442 782 1470 4.
798 1439 943 1478 legatus,

214 1485 358 1524 impedit
382 1485 536 1514 Pisonem
562 1484 787 1521 Calventium,
813 1493 854 1513 ne
881 1482 945 1522 ssy-

212 1529 329 1560 zantio
345 1529 459 1558 omnia
474 1530 569 1568 signa
580 1528 721 1558 auferat.
768 1527 834 1558 Sed
850 1526 944 1557 Cocld.

213 1573 333 1603 habent
347 1571 520 1611 Virgilius,
545 1568 630 1612 'quod
643 1572 761 1610 recepit
783 1571 943 1600 Graevius.

214 1617 301 1657 ‚Quis
337 1620 449 1646 autem
482 1617 538 1646 ille
566 1616 726 1654 Virgilius
753 1616 809 1653 sit,
832 1616 945 1644 nescio.

216 1660 312 1691 lVam
322 1664 445 1700 proetor
467 1661 523 1690 ille
549 1660 669 1691 Sieiliae
684 1669 728 1689 cm
746 1660 799 1695 sit,
823 1658 943 1694 dubito,

213 1703 299 1744 quod
320 1705 375 1734 mlv
397 1703 539 1734 Romam
567 1704 699 1734 rediisse
719 1703 841 1742 potuit,
869 1711 944 1732 cum

216 1748 296 1778 Piso
311 1749 345 1778 in
355 1749 559 1787 provinc-iam
580 1748 698 1784 abiret,
722 1746 879 1786 siquidem
896 1756 945 1775 re-

214 1792 288 1829 diit,
305 1796 336 1821 et
351 1801 412 1821 non
427 1802 460 1821 eo
475 1801 597 1831 quoque
618 1801 703 1820 anno
727 1790 875 1820 Siciliam
895 1790 944 1819 ob-

215 1836 324 1865 tinuit.
380 1835 416 1864 C.
445 1835 635 1874 Virginium
670 1838 782 1864 autem
820 1834 945 1872 reperio

214 1877 384 1910 tribunum
395 1879 499 1918 plebis
514 1888 600 1909 amco
616 1886 721 1908 Dcxc.

259 1923 299 1953 A.
326 1922 510 1962 Virginius,
538 1922 619 1953 Lael.
648 1924 700 1955 ⁶27.
739 1921 809 1959 ejus
833 1918 944 1950 adolo-

215 1967 340 1997 scentis
355 1965 585 1996 familiaritate
603 1965 791 1995 delectatur
806 1963 944 2000 Laelius,

214 2016 257 2041 ut
294 2010 328 2040 P.
354 2009 486 2040 Rutilii.
538 2009 614 2040 Fuit
645 2019 721 2048 ergo
748 2008 793 2038 P.
825 2007 945 2038 Rutilii

214 2055 359 2094 oequalis.
415 2053 566 2084 Ceterum
603 2055 688 2082 hune
729 2053 888 2083 lectionem
928 2061 946 2080 e

213 2097 322 2128 MSS.
346 2098 507 2127 revocavit
526 2096 695 2136 Longius:
719 2097 774 2136 qui
788 2095 883 2126 valde
895 2095 946 2124 hic

216 2142 363 2176 variant,
379 2145 409 2170 et
425 2141 464 2171 de
491 2141 620 2171 lectione
646 2141 848 2170 vehementer
862 2138 945 2168 (loeti

214 2185 278 2214 viri
296 2185 499 2214 dissentiunt.
520 2185 583 2214 vid.
609 2184 759 2214 Gulielm.
784 2187 815 2213 et
847 2182 944 2212 Grut.

210 2228 261 2257 ad
275 2228 307 2257 Ιι.
325 2229 346 2258 l.
359 2229 435 2257 item
448 2227 551 2266 Pigh.
567 2228 690 2258 Annat.
705 2234 860 2257 Dcxxxlv.
878 2226 945 2255 Mi-

210 2273 248 2301 Ιιὲ
272 2281 398 2301 omnem
425 2272 656 2301 dubitationem
673 2272 710 2301 de
727 2272 758 2300 Ιι.
785 2272 806 2300 l.
834 2271 945 2300 tollere

216 2315 358 2352 videtur,
382 2316 466 2354 quod
480 2317 538 2352 ita,
558 2320 594 2345 ut
609 2317 659 2344 hic·
675 2313 874 2356 junguntur
891 2323 944 2352 ap.

215 2359 433 2397 Pomponium
461 2360 501 2389 de
535 2358 628 2397 Orig.
653 2359 732 2389 Jur.
765 2360 794 2395 ξ.
825 2360 879 2388 40.
911 2357 944 2386 P.

217 2402 366 2433 Rutilius
383 2402 504 2439 Rufus,
521 2407 550 2433 et
578 2402 725 2438 Paullus,
741 2402 823 2442 quod
836 2405 882 2431 est
898 2401 946 2430 ι’ἱ-

211 2448 396 2487 tiosumpro
409 2445 514 2477 Aulus
522 2447 706 2485 Virginius,
720 2450 757 2476 ue
772 2444 946 2475 eorundem

208 2494 445 2531 proeeeptorum
461 2491 497 2519 in
512 2490 600 2521 Jure
613 2490 719 2526 Civili,
735 2490 947 2529 inprimisque

214 2532 260 2564 P.
277 2533 571 2573 fllacii‚discipuli.
595 2532 638 2573 cf.
667 2534 700 2563 C.
724 2533 877 2570 Longius
902 2531 949 2561 ud

214 2579 270 2607 loc.
293 2577 348 2607 eit.
374 2581 405 2607 et
421 2577 559 2617 Rupert.
585 2577 630 2608 ad
648 2577 801 2618 Pompon.
829 2576 883 2606 lib.
899 2575 946 2605 iii.

214 2631 242 2651 e.
261 2621 292 2651 6.

259 2664 302 2695 L.
321 2663 508 2704 Wrginius,
526 2664 597 2695 Fin.
614 2665 648 2694 ii.
666 2665 718 2694 ⁶20.
734 2662 839 2692 filiam
851 2672 946 2692 suam

214 2708 392 2745 interficit,
410 2718 451 2738 ne
476 2708 574 2749 Appii
601 2707 793 2739 Decemviri
818 2706 948 2736 libidini

217 2751 375 2782 dedatur.
400 2752 485 2783 Rem
497 2756 620 2782 narrat
637 2752 712 2782 Liv.
730 2750 775 2780 iii.
790 2753 844 2780 44.
858 2759 925 2790 sqq.

259 2795 448 2833 Virginius,
470 2796 543 2826 Att.
567 2796 623 2826 xii.
649 2798 679 2825 5.
703 2794 926 2833 argentarius

260 2838 424 2877 Viriatus,
460 2839 556 2870 offic.
590 2839 623 2869 ii.
664 2840 714 2868 ll.
751 2838 947 2873 Lusitanus,

212 2888 353 2924 propter
367 2882 488 2925 praedae
505 2881 703 2922 aequabilem
727 2881 946 2923 partitionem

1650 69 1727 115 16¹1·

984 184 1122 213 magnas
1139 183 1218 214 opes
1241 172 1374 210 habuit,
1401 170 1521 211 quibus
1548 170 1717 200 exercitus

982 218 1266 257 imperatoresque
1306 219 1490 246 cesserunt.
1529 213 1625 244 Brut.
1660 216 1714 244 2¹.

975 260 1099 291 viriati
1118 260 1243 290 bellum
1264 270 1342 289 cum
1362 258 1535 289 Romanis.

1027 305 1230 341 Viscelliuus,
1254 303 1333 333 Lael.
1355 305 1403 333 11.
1429 306 1474 332 est
1491 301 1546 341 Sp.
1566 300 1714 338 Cassius,

980 349 1036 388 qui
1044 353 1115 387 pose
1137 349 1271 378 tertium
1288 347 1493 377 consulatum
1512 346 1647 384 oppetiti
1663 355 1714 374 re-

978 393 1039 432 gni
1055 393 1191 421 crimine
1206 391 1385 421 damnatus
1403 395 1434 420 et
1456 389 1495 419 de
1522 390 1611 419 Suro
1630 388 1715 419 Tar-

976 437 1049 475 peio
1077 432 1218 476 dejectus
1239 439 1296 464 est.
1331 443 1360 463 v.
1391 435 1426 463 in
1467 433 1612 462 Cassius.
1659 432 1714 464 De

980 480 1148 518 scriptura
1187 479 1271 508 vocis
1315 478 1364 507 m'l
1393 478 1472 507 certi
1508 477 1572 506 (liei
1598 480 1713 516 potest,

981 522 1111 562 quando
1133 525 1165 552 et
1189 522 1305 551 Latini
1335 525 1366 551 et
1403 521 1594 550 Graecorum
1621 521 1716 550 histo·

981 568 1126 596 ricorum
1143 565 1218 595 libra·
1236 566 1319 595 mire
1333 565 1487 594 variant:
1511 563 1715 599 Viscelinus,

980 609 1188 646 Vulseliuus,
1209 607 1412 645 Becellinus,
1439 606 1630 644 Usa-elimas,
1658 607 1715 638 Vi·

981 653 1133 689 tellinus,
1161 651 1340 683 Betillinus
1359 652 1418 681 &a
1442 650 1643 681 Viscellinus
1670 654 1717 683 est

981 698 1018 727 in
1040 696 1148 728 Fastis
1169 696 1370 736 Cuspz‘niani‚
1387 705 1462 735 quos
1485 696 1634 734 sequitur
1662 695 1715 725 Si·

980 742 1115 779 gemtus:
1138 750 1233 780 quem
1248 750 1278 770 v.
1296 739 1383 769 ada.
1400 747 1490 769 CCLI.
1502 739 1642 778 itemque
1653 737 1716 768 Pi-

981 786 1110 824 ghinm.

1028 827 1165 864 Vis-eius,
1190 825 1274 856 Phil.
1302 826 1372 856 xiii.
1401 827 1448 855 12.
1472 825 1629 855 tribunus
1645 823 1717 864 ple-

984 872 1031 901 bis
1049 871 1243 910 designatus
1258 870 1397 900 Antonii
1423 869 1599 907 beneficio,
1615 873 1716 898 antea

983 915 1111 945 Pisauri
1129 913 1303 945 balneator
1317 914 1439 943 fuerat.

1028 958 1175 995 Visellio,
1188 958 1259 987 Att.
1278 967 1328 987 xV.
1352 960 1399 988 13.

1033 1003 1066 1033 C.
1094 1002 1248 1032 Visellius
1269 1001 1388 1037 Varro,
1423 1000 1520 1030 Brut.
1544 999 1597 1033 76.
1629 998 1718 1029 Acu-

984 1046 1088 1076 leonis
1112 1045 1214 1082 filius,
1231 1045 1449 1075 consobrinus
1474 1043 1658 1080 Ciceronis,
1676 1042 1719 1073 ad

983 1090 1182 1120 aedilitatem
1200 1089 1365 1128 pervenit.
1380 1087 1471 1117 Juris
1489 1087 1628 1127 peritus.
1647 1086 1718 1116 Att.

984 1134 1030 1164 iii.
1055 1136 1107 1165 123.
1131 1133 1172 1163 Τ.
1197 1132 1297 1162 Fadio
1321 1132 1460 1162 tribuno
1476 1131 1582 1170 piebis
1606 1129 1717 1169 legem

985 1177 1131 1217 scripsit,
1157 1186 1257 1216 quum
1282 1176 1398 1212 ferret,
1416 1174 1457 1204 de
1482 1174 1643 1204 Cicerone
1668 1183 1719 1203 re-

984 1220 1147 1259 vocando,
1171 1230 1312 1259 eamque
1336 1219 1455 1260 probat
1471 1217 1599 1248 Cicero.
1622 1228 1653 1248 v.
1686 1217 1719 1248 C.

987 1265 1106 1295 Varro.

1030 1309 1072 1339 L.
1099 1307 1255 1344 Wsidius,
1285 1305 1368 1336 Phil.
1391 1306 1444 1336 vii.
1464 1310 1496 1339 9.
1522 1305 1632 1344 Eques
1652 1305 1720 1335 Ro·

986 1362 1121 1389 manus,
1152 1352 1207 1391 qni
1243 1350 1441 1380 Ciceronem
1480 1350 1514 1379 in
1541 1348 1720 1379 consulatu

986 1396 1166 1436 diligenter
1195 1394 1386 1425 custodivit.
1433 1393 1583 1424 Antonio
1613 1392 1720 1422 Muti-

986 1450 1064 1470 nam
1089 1439 1276 1476 obsidente,
1293 1438 1420 1468 vicinos
1437 1437 1634 1467 cohortatus
1655 1442 1720 1473 est,

986 1490 1024 1514 ut
1041 1483 1166 1514 milites
1183 1483 1317 1519 fierent,
1335 1487 1370 1511 et
1386 1481 1454 1511 suis
1472 1491 1527 1510 eos
1545 1480 1718 1510 facultati-

985 1528 1046 1558 bus
1063 1527 1260 1558 sublevavit.
1296 1525 1379 1556 Edd.
1399 1529 1481 1555 vett.
1499 1524 1626 1554 habent
1644 1524 1705 1555 chz

985 1572 1096 1602 sidius.
1689 1586 1693 1589 ,

1036 1615 1178 1654 Ulysses,
1216 1614 1312 1644 offic.
1337 1613 1359 1643 i.
1385 1615 1439 1643 31.
1477 1611 1635 1642 omnibus
1664 1611 1723 1650 ju-

987 1659 1116 1689 cundus
1134 1664 1170 1688 et
1197 1657 1348 1688 affabilis.
1367 1656 1410 1686 ad
1432 1655 1508 1686 Div.
1527 1655 1549 1685 i.
1570 1658 1619 1686 10.
1638 1654 1725 1685 redi-

987 1712 1047 1732 ens
1076 1702 1234 1741 cognovit
1251 1710 1389 1731 suorum
1419 1699 1603 1729 neminem.
1620 1699 1662 1728 ib.
1689 1708 1723 1729 x.

993 1749 1041 1776 13.
1057 1744 1280 1788 πτολίπορθος.
1299 1744 1338 1773 de
1355 1744 1451 1774 Offic.
1473 1743 1519 1773 iii.
1551 1743 1605 1773 96.
1633 1741 1724 1782 apud

985 1789 1144 1829 Tragicos
1161 1790 1316 1827 jactatur
1331 1788 1366 1817 in
1382 1797 1434 1824 eo,
1451 1786 1541 1826 quod
1553 1786 1724 1816 Homerus

986 1834 1108 1870 tacuit,
1126 1842 1204 1862 eum
1229 1831 1375 1862 militare
1393 1830 1538 1860 noluisse
1552 1831 1612 1860 διο.
1628 1830 1689 1859 &c.

1031 1877 1075 1908 P.
1108 1876 1305 1913 Umbrenus,
1331 1874 1432 1905 Catil.
1460 1874 1506 1904 iii.
1533 1874 1563 1905 6.
1595 1872 1725 1903 liberti-

988 1931 1064 1956 nus,
1082 1919 1237 1950 Catilinae
1254 1920 1374 1949 socius.

1037 1964 1201 2001 Ummius,
1219 1962 1261 1992 ad
1287 1963 1363 1993 Div.
1387 1962 1452 1992 xvi.
1483 1965 1532 1992 14.
1562 1961 1618 1991 Ad
1640 1961 1726 1991 lianc

985 2010 1189 2048 scripturam
1219 2006 1482 2046 emisit-mandam
1513 2004 1725 2035 Ummidiam

986 2050 1089 2092 offert
1115 2061 1155 2082 ex
1183 2051 1289 2090 lupide
1317 2050 1495 2079 Victorius.
1531 2048 1597 2079 Est
1622 2049 1725 2078 etiam

986 2107 1039 2136 ap.
1065 2095 1247 2126 Horatium
1273 2093 1380 2124 Serm.
1406 2094 1426 2123 i.
1455 2096 1482 2123 l.
1505 2093 1559 2127 96.
1592 2091 1726 2121 Ummi-

987 2141 1074 2174 dius,
1091 2139 1137 2169 otd
1150 2149 1180 2178 q.
1198 2139 1218 2167 l.
1234 2148 1264 2168 v.
1288 2137 1430 2168 Bentlei.
1453 2141 1484 2167 et
1505 2137 1604 2166 Viros
1623 2135 1725 2166 doctos

985 2185 1032 2215 ud
1049 2183 1147 2213 Varr.
1166 2181 1208 2212 R.
1227 2181 1270 2212 R.
1286 2181 1333 2211 iii.
1355 2184 1404 2212 13.

1030 2227 1074 2268 Q.
1094 2226 1250 2256 Voconius
1267 2224 1373 2261 Saxu,
1389 2223 1484 2254 verr.
1502 2223 1524 2254 i.
1540 2225 1593 2254 42.
1630 2220 1727 2252 Balb.

988 2275 1017 2303 8.
1047 2271 1154 2310 legem
1172 2268 1254 2298 tulit
1271 2268 1311 2298 de
1328 2267 1510 2298 mulierum
1528 2265 1728 2297 hereditati-

987 2316 1059 2346 bus.
1075 2313 1140 2344 vid.
1159 2313 1233 2343 Iud.
1252 2312 1358 2351 Legg.
1388 2312 1484 2342 Verr.
1508 2311 1530 2341 i.
1553 2312 1608 2341 42.
1640 2311 1728 2340 male

985 2369 1048 2400 pro
1061 2358 1102 2398 Q.
1112 2358 1229 2387 habent
1242 2357 1394 2386 editiones
1411 2355 1551 2385 Gronov.
1568 2358 1597 2385 et
1619 2353 1730 2384 Groev.

1032 2446 1076 2487 Q.
1095 2443 1262 2480 Voconius,
1281 2441 1417 2472 Cluent.
1436 2444 1487 2472 54.
1505 2440 1612 2480 judex
1635 2449 1727 2479 quae-

987 2490 1104 2520 stionis
1130 2489 1165 2518 in
1190 2497 1292 2517 causa
1317 2485 1466 2515 Cluentii
1490 2484 1567 2515 fuit.
1590 2485 1652 2515 Ex
1667 2494 1729 2524 quo

987 2535 1146 2572 intellige,
1163 2540 1239 2561 eum
1255 2527 1554 2568 oedilitivmj'uisse.
1572 2528 1637 2558 vid.
1651 2527 1728 2558 Ind.

990 2578 1103 2608 Latin.
1129 2577 1164 2605 in
1186 2574 1296 2604 Judex
1321 2573 1528 2612 quaestionis.
1557 2571 1650 2602 Male
1675 2571 1715 2602 Si

987 2631 1063 2660 gon.
1081 2620 1160 2650 Ant.
1177 2619 1257 2649 Jur.
1280 2618 1343 2646 (liv.
1364 2616 1457 2646 Rom.
1476 2617 1510 2645 ii.
1532 2619 1582 2647 18.
1606 2619 1714 2654 praeto

988 2663 1170 2704 remfocit,
1183 2666 1212 2692 et
1218 2659 1367 2702 judicem
1380 2661 1561 2700 quoestionis
1567 2669 1630 2699 pro
1643 2667 1730 2698 quoe-

987 2711 1086 2738 sitore
1099 2707 1163 2737 dici
1179 2705 1350 2735 contendit.
1384 2704 1434 2734 Ab
1450 2705 1506 2734 hoc·
1520 2703 1668 2733 diversus
1681 2706 1728 2732 est

989 2762 1063 2782 mea
1076 2751 1235 2781 sententia
1248 2761 1257 2777 :

1035 2795 1204 2830 Voconius,
1230 2793 1286 2832 qui
1316 2791 1388 2822 Att.
1418 2790 1486 2820 viii.
1522 2792 1573 2820 15.
1607 2788 1723 2818 dicitu,

988 2841 1081 2870 initio
1109 2838 1184 2868 belli
1209 2837 1314 2866 civilis
1339 2844 1418 2865 cum
1446 2833 1588 2873 imperio
1614 2832 1729 2862 fuisse.

993 2883 1061 2916 Hic
1086 2886 1145 2919 est,
1171 2881 1228 2922 qui
1253 2889 1285 2910 a.
1313 2886 1444 2909 Dcxcn.
1471 2881 1622 2918 quoestor,
1644 2879 1676 2907 et
1698 2885 1731 2906 a.

1052 2934 1078 2957 u
1102 2928 1124 2957 4
