1920 3196
210 88 298 127 444

262 184 485 221 Sacc-laniare,
513 182 708 214 acclamare.
745 183 786 213 ad
812 183 889 215 Div.
917 185 961 215 xi.

221 231 270 260 13.
294 231 535 258 succlamatum
550 232 602 257 est
622 228 814 267 frequenter
833 237 852 257 a
876 228 963 258 mili—

216 273 319 303 tibus.

261 316 427 346 Succcmes.
460 314 534 345 Att.
557 314 611 344 vii.
641 316 689 345 13.
723 314 846 354 Oppios
870 315 962 345 enim

215 359 255 389 de
270 358 366 389 Velia
380 368 526 389 saccones
542 358 635 387 (licis.
680 358 798 388 Bosius
819 362 853 388 et
878 358 961 398 Pop-

215 412 272 434 ma
298 402 360 432 hoc
385 403 521 432 verbum
549 402 742 431 Ciceronem
769 404 891 440 putant
913 402 963 431 ui-

215 447 301 478 xisse
329 456 347 476 a
377 456 478 481 succo,
507 445 689 483 lusisseque
722 446 755 474 in
783 454 834 481 eo,
859 445 960 484 quod,

214 489 497 530 quemadmodum
520 489 651 519 Atticus
677 488 883 527 argentarios
901 499 960 518 seu

213 533 429 565 foeneratores
447 533 579 562 acerbos
600 531 673 561 lusu
699 532 841 571 quodam
858 532 960 572 Opios

213 577 278 607 ἐπὸ
292 577 344 606 τοῦ
357 576 429 606 ὅποῦ
443 577 591 613 dixisset,
610 577 656 605 ita
678 575 746 614 ipse
771 574 872 605 latine
888 585 960 605 snc-

210 630 303 651 cones
326 630 345 649 a
360 630 458 650 succa.
506 619 680 649 Manutius
698 623 810 648 autem
830 623 863 648 et
879 619 960 649 Gro-

214 665 331 695 novius
349 663 517 693 salacoues
534 662 713 702 legendum
731 666 880 692 censent.

259 707 476 738 Sacer-escere.
515 707 572 736 Or.
599 706 646 736 iii.
672 705 734 735 ult.
770 716 836 735 uon
868 706 959 736 enim

213 750 270 781 ille
296 750 470 780 mediocris
494 754 606 780 orator
628 754 745 780 vestrae
770 749 862 788 quasi
889 760 959 779 suc-

211 796 326 825 crescit
342 795 446 825 aetati.
491 794 544 823 Sic
564 793 647 823 dixit
670 797 706 822 et
729 792 840 823 Livius
857 804 887 823 x.
910 796 958 824 13.

212 839 288 869 add.
304 838 424 868 Scheff.
440 838 481 868 ad
496 837 622 867 dustin.
641 837 684 867 xi.
702 841 733 870 9.

258 882 472 913 saccum-ere.
506 881 618 911 Rabir.
646 880 739 910 Perd.
770 883 797 910 1.
823 890 958 911 succur-

211 936 285 956 rere
301 925 400 956 saluti
417 925 598 955 communi.

258 969 393 1006 Saccus,
423 969 456 999 in
488 968 637 998 oratione
666 968 788 997 dicitur
816 967 855 997 de
883 977 957 997 sen-

211 1014 331 1043 tentia.
360 1014 416 1043 Or.
434 1013 467 1042 ii.
484 1014 536 1042 2⁶2.
567 1021 683 1041 omnes
699 1011 799 1040 etiam
814 1015 889 1041 tum
908 1021 957 1041 re-

210 1057 366 1087 tinebant
394 1056 490 1086 illum
522 1055 640 1085 Pericli
667 1064 812 1092 succum,
837 1054 894 1084 sed
924 1065 958 1084 e-

210 1104 288 1133 rant
301 1099 414 1141 paullo
431 1100 580 1130 uberiore
599 1099 666 1129 filo.
684 1097 762 1128 ibid.
777 1099 822 1128 iii.
837 1100 888 1129 25.
905 1108 958 1128 or-

210 1150 314 1175 natur
339 1144 444 1174 oratio
471 1153 591 1183 genere
617 1143 778 1182 primum,
802 1147 837 1172 et
864 1142 955 1181 quasi

211 1187 319 1218 colore
350 1187 493 1226 quodam
521 1191 554 1217 et
580 1197 670 1217 succo
696 1195 769 1216 suo.
810 1195 888 1215 nam
919 1191 957 1216 ut

209 1232 331 1271 gravis,
348 1235 385 1262 ut
400 1231 521 1268 suavis,
538 1234 577 1260 ut
593 1230 735 1266 erudita,
751 1234 791 1260 ut
812 1229 955 1259 liberalis

209 1275 255 1305 sit
282 1275 341 1305 ἂρ.
380 1284 447 1305 non
478 1278 528 1304 est
558 1274 768 1313 singulorum
800 1273 957 1303 articulo-

208 1328 303 1349 rum:
330 1319 365 1348 in
381 1323 452 1348 toto
464 1322 661 1357 spectantur
676 1317 747 1347 haec
764 1326 911 1357 corpore.

255 1362 441 1394 Suc-cussus.
475 1361 575 1392 Tuse.
602 1362 636 1392 ii.
664 1363 716 1392 ⁶21.
747 1361 954 1400 pedetentim

206 1404 269 1443 ite,
287 1416 328 1436 ue
344 1416 497 1436 succussu
513 1406 651 1445 arripiat
668 1404 773 1443 major
789 1403 893 1434 dolor.

255 1450 394 1481 δικαία).
440 1449 520 1480 Nat.
549 1449 592 1480 D.
626 1449 660 1479 ii.
687 1451 740 1479 43.
782 1448 904 1488 hyades
937 1458 956 1478 a

206 1493 374 1535 pluendo:
405 1492 457 1524 ὕειν
482 1494 571 1523 enim
596 1497 647 1523 est
669 1491 795 1532 pluere.
840 1491 953 1522 Nostri

208 1538 363 1578 imperite
377 1538 521 1574 suculas,
538 1536 631 1575 quasi
654 1546 673 1566 a
696 1536 809 1567 suibus
829 1543 953 1574 esseut,

208 1591 276 1613 non
294 1582 334 1611 ab
351 1581 511 1611 imbribus
529 1581 722 1610 nominatae.

251 1624 396 1663 Sudore,
426 1625 587 1661 laborare,
615 1624 705 1662 angi,
733 1622 773 1653 de
806 1623 858 1660 iis,
883 1623 952 1662 qui,

206 1669 374 1708 quomodo
401 1669 589 1709 perficiant,
617 1667 705 1706 quod
734 1666 864 1704 volunt,
894 1673 953 1697 aut

206 1713 372 1752 quomodo
388 1722 421 1742 se
439 1723 477 1742 ex
500 1711 696 1741 difficultate
720 1710 832 1748 aliqua
854 1720 953 1750 expe-

206 1756 314 1792 diant,
341 1766 405 1786 non
430 1756 509 1785 satis
535 1755 716 1794 reperiunt.
747 1753 788 1783 ad
811 1754 887 1784 Div.
904 1754 950 1784 iii.

208 1803 258 1832 12.
290 1800 377 1830 vides
401 1801 521 1829 sudare
545 1799 695 1837 me,jam
719 1797 845 1828 dudum
863 1796 952 1827 labo-

202 1850 350 1881 rantem,
376 1843 541 1882 quomodo
567 1852 607 1872 ea
632 1847 741 1879 tuear,
768 1851 841 1880 quae
871 1841 950 1871 mihi

202 1888 332 1918 tuenda
347 1892 439 1923 sunt,
457 1893 491 1916 et
508 1891 541 1916 te
566 1895 632 1916 non
656 1885 834 1929 offendam.
865 1885 950 1914 Phil.

203 1932 238 1962 ii.
256 1934 309 1962 34.
339 1936 480 1972 apparet
500 1940 570 1960 esse
587 1934 793 1960 commotum
809 1942 814 1958 :
839 1929 949 1967 sudat,

202 1975 319 2017 pallet.

247 2016 503 2058 Segffarrancus.
535 2017 665 2056 Fragm.
684 2017 800 2046 incert.
826 2026 858 2055 p.
878 2017 948 2049 109.

202 2073 256 2102 ap.
282 2063 367 2092 Plin.
392 2063 436 2093 H.
460 2063 503 2092 N.
528 2061 582 2090 vii.
607 2064 660 2091 43.
694 2060 728 2090 Ρ.
751 2059 948 2089 Ventidium

202 2105 391 2138 Mulionem
443 2108 646 2135 castrensem
696 2101 948 2143 suffin'rancum

200 2150 314 2181 fuisse.
359 2150 424 2180 Sed
448 2150 523 2180 viris
539 2148 659 2184 doctis,
675 2147 845 2184 Turnebo,
862 2147 949 2177 Har·

201 2194 318 2230 duiuo,
345 2194 483 2232 aliisque
515 2192 587 2222 haec
612 2202 673 2221 vox
704 2195 860 2231 suspecta
886 2195 947 2220 est.

202 2239 235 2268 Si
262 2242 314 2267 est
340 2247 360 2267 a
384 2238 544 2267 Cicerone
571 2245 608 2265 ac
633 2235 754 2271 Plinio,
778 2234 947 2274 significat

199 2281 386 2319 hominem,
409 2281 466 2321 qui
495 2281 706 2310 frumentum
733 2277 888 2308 subvehit
911 2278 946 2308 in

200 2329 319 2356 castra.

245 2367 416 2409 Sigffi'cere,
441 2368 474 2398 in
499 2366 611 2396 locum
642 2365 779 2396 alterius
809 2374 943 2394 creare:

200 2412 240 2443 de
272 2411 535 2451 magistratibus,
561 2410 712 2449 inprimis
740 2407 944 2445 consulibus,

198 2456 256 2497 qui
282 2457 317 2485 in
345 2455 455 2485 locum
484 2455 607 2484 mortui
635 2452 794 2490 consulis,
818 2456 878 2482 aut
903 2451 944 2482 de

197 2500 328 2531 ambitu
353 2498 501 2528 damnati
526 2498 585 2527 διο.
603 2501 769 2527 creantur.
802 2496 841 2525 ‹le
867 2505 944 2525 con-

196 2544 269 2575 sule
292 2548 342 2573 est
366 2542 498 2572 Muren.
515 2544 568 2573 38.
592 2550 684 2578 nam,
702 2549 742 2569 ne
758 2538 944 2579 szgffi'ciaiur

196 2586 327 2623 consul,
345 2596 411 2616 non
426 2587 562 2615 timent.
594 2584 634 2613 de
652 2583 851 2622 magistratu
869 2592 944 2622 pro-

194 2630 330 2661 vinciali
356 2629 397 2660 ad
426 2630 557 2660 Divers.
580 2638 611 2657 v.
641 2630 690 2657 10.
729 2627 755 2656 si
783 2626 881 2666 Appii
907 2636 942 2656 os

195 2675 367 2711 haberem,
384 2674 419 2703 in
443 2673 537 2711 eujus
555 2672 666 2702 locum
681 2667 840 2710 szgffichus
855 2679 942 2699 sum.

195 2719 376 2754 *inlicem
403 2717 565 2753 imbuere,
591 2713 799 2755 praeparandi
830 2723 940 2743 causa.

194 2763 316 2801 fragm.
334 2760 505 2791 Hortensii
523 2770 574 2799 ap.
590 2758 752 2789 Nonium.
777 2758 833 2795 qui
850 2766 941 2786 com-

193 2807 261 2837 bibi
288 2814 470 2845 purpuram
497 2803 624 2839 volunt,
650 2801 818 2842 sufficiant
850 2801 940 2839 prius

192 2851 305 2881 lanam
314 2848 569 2879 medicamentis
577 2845 788 2885 quibusdam.
798 2854 830 2876 v.
837 2844 939 2875 Gron.

193 2895 305 2927 Diatr.
321 2892 357 2924 ia
371 2892 517 2924 Statium
534 2901 567 2933 p.
585 2893 638 2925 59.

754 96 901 125 INDEX
929 96 1064 126 LATIN
1071 97 1227 126 ITATIS.

1053 184 1230 226 Scfflatus,
1258 185 1407 222 inflatus,
1430 185 1593 223 tumidus,
1617 184 1657 216 de
1680 194 1753 217 ora.-

1004 230 1106 259 tionis
1131 229 1224 259 vitio.
1256 228 1380 259 Hei-eu.
1406 229 1447 259 iv.
1472 233 1521 261 lo.
1550 230 1642 269 gravi
1665 228 1751 269 figu-

1005 282 1062 310 roe,
1094 282 1168 312 quae
1199 271 1367 302 laudandz
1396 277 1459 310 est,
1483 274 1669 313 propinqua
1698 278 1752 303 est

1004 325 1056 352 ea,
1070 326 1142 355 quse
1161 320 1248 345 recte
1267 315 1432 348 videbitur
1447 316 1620 358 appellari,
1637 317 1664 347 si
1679 314 1749 356 διψ-

993 358 1088 399 flata
1106 359 1342 389 nominabitur.

1049 400 1230 442 Sqffocarc.
1254 402 1323 433 Aa.
1341 403 1383 434 ix.
1399 406 1430 437 7.
1453 400 1617 444 mffimare
1631 402 1749 434 urbem

1004 450 1038 475 et
1053 445 1185 476 Italiam
1204 446 1302 476 sanie.

1049 487 1260 528 διςθὶπςανὶ,
1288 488 1434 527 laudare,
1466 490 1588 520 favere.
1618 489 1699 528 Leg.
1726 488 1749 519 i.

1007 535 1034 562 1.
1066 532 1185 563 videris
1210 533 1347 563 fratrem
1372 533 1538 564 laudando
1560 530 1750 574 suffragari

1002 576 1073 606 tibi.
1111 576 1151 606 ad
1178 577 1253 606 Div.
1279 577 1334 607 xii.
1364 580 1411 611 17.
1440 575 1628 618 suffragari
1654 576 1749 607 libro.

1002 620 1102 649 Doni.
1132 623 1180 650 10.
1216 621 1242 650 si
1266 621 1336 659 ejus
1360 621 1517 659 dignitati
1539 618 1750 660 suffragatus

1003 663 1141 693 viderer.
1187 663 1228 693 ad
1266 664 1342 694 Div.
1376 665 1431 695 xii.
1468 667 1514 695 14.
1561 661 1750 704 ³14ff3·aga2‘i

1003 705 1091 736 laudi
1111 706 1261 746 alicujus.
1288 708 1466 748 *inprimis
1484 712 1596 738 autem
1612 708 1646 737 in
1663 706 1751 747 peti·

1001 750 1148 780 tionibus
1187 753 1446 790 magistratuum
1482 748 1671 790 suffragari
1700 750 1749 780 di-

1002 801 1139 831 cuntur,
1165 794 1222 833 qui
1255 794 1456 826 Candidatus
1488 794 1595 834 gratia
1625 803 1686 824 sua
1711 794 1747 824 in

1002 837 1164 876 petitione
1189 838 1323 877 juvant.
1363 838 1495 868 Muren.
1521 840 1572 868 34.
1603 837 1630 867 si
1662 835 1747 867 nihil

1001 881 1078 918 erit,
1096 885 1217 921 praeter
1241 882 1389 921 ipsorum
1412 882 1622 921 suffragium,
1643 884 1747 911 tenue

1000 929 1069 954 est:
1106 925 1146 962 si,
1175 928 1213 954 ut
1239 922 1489 965 suffragantur,
1517 924 1602 955 nibil
1632 923 1747 954 valent

1001 968 1119 1006 gratia.
1149 968 1214 999 Off.
1231 970 1252 999 i.
1270 972 1322 1002 39.
1352 968 1469 999 domus
1484 966 1678 1007 suffragata
1695 972 1747 997 est

1000 1011 1148 1049 domino,
1178 1012 1307 1042 homini
1334 1022 1429 1042 novo.
1468 1012 1549 1042 Sull.
1575 1014 1628 1042 24.
1666 1021 1744 1042 cum

1002 1055 1155 1086 Catilinae
1180 1053 1443 1096 sifiivgaretur.
1476 1055 1588 1086 Plane.
1616 1059 1643 1085 l.
1675 1064 1745 1085 me·

1001 1099 1141 1129 moriam
1170 1109 1321 1130 meorum
1348 1104 1538 1140 temporum
1564 1100 1593 1129 ei
1620 1095 1745 1139 sqff'raae-

997 1144 1077 1180 gari
1101 1142 1264 1173 videbam.
1302 1143 1410 1173 *cum
1438 1145 1477 1173 de
1504 1142 1633 1182 legibus
1664 1142 1744 1173 dici-

998 1192 1068 1223 tur,
1089 1191 1140 1216 est
1163 1187 1313 1217 suadere.
1342 1187 1436 1217 Verr.
1454 1197 1483 1216 ν.
1501 1187 1552 1221 69.
1585 1185 1648 1226 legi
1671 1184 1743 1226 suf-

987 1228 1148 1269 fragari,
1165 1231 1347 1271 opponitur
1364 1232 1404 1271 τῷ
1428 1229 1603 1260 adversari.
1632 1230 1651 1248 ²*
1664 1228 1742 1260 hinc

999 1283 1058 1312 pro
1083 1274 1210 1312 juvare.
1256 1275 1290 1304 in
1323 1274 1434 1305 Caecil.
1463 1277 1495 1308 7.
1541 1272 1742 1303 Hortensius

997 1317 1059 1347 tibi
1081 1315 1310 1357 svffragalur.
1340 1317 1382 1348 ad
1404 1318 1500 1348 Brut.
1523 1327 1574 1357 ep.
1601 1320 1648 1348 10.
1679 1326 1742 1347 nee

998 1360 1112 1391 destiti
1143 1371 1298 1391 accusare
1337 1362 1407 1398 ejus
1439 1361 1654 1398 necessarios,
1684 1361 1743 1400 qui

998 1404 1068 1443 ejus
1085 1405 1259 1445 cupiditati
1283 1402 1568 1444 szcff3·ag⁴arentur.
1599 1403 1640 1434 ad
1663 1404 1742 1435 Div.

998 1458 1029 1477 x.
1053 1451 1084 1479 5.
1122 1449 1259 1478 fortuna
1286 1446 1509 1488 saffragantffl
1540 1447 1658 1478 videris
1690 1457 1743 1478 res

997 1493 1158 1522 maximas
1189 1498 1400 1523 consecutus.
1461 1492 1597 1523 Dicitur
1625 1494 1741 1523 tamen

996 1536 1097 1565 etiam
1131 1545 1190 1576 pro
1217 1536 1414 1576 suffragium
1440 1535 1537 1566 ferre.
1575 1535 1680 1575 Legg.
1704 1535 1739 1566 ii.

999 1581 1048 1610 15.
1066 1583 1151 1609 extr.

1040 1621 1264 1662 Sqffivgafio,
1277 1623 1524 1654 commendatio
1540 1623 1599 1653 &c.
1624 1632 1652 1652 v.
1669 1622 1739 1654 suf-

993 1665 1126 1705 fragari.
1156 1668 1289 1697 Muren.
1309 1671 1357 1701 19.
1385 1663 1660 1707 suffragationem
1686 1677 1740 1697 ur·

995 1710 1115 1740 hanam
1143 1710 1279 1741 militari
1305 1711 1491 1751 anteponiS.
1530 1720 1548 1740 e
1579 1711 1675 1741 rebus
1703 1715 1739 1742 et

994 1755 1122 1784 meritis
1132 1755 1266 1784 urbanis
1276 1754 1611 1785 commendationem.
1622 1755 1736 1785 Plane.

994 1798 1024 1827 6.
1048 1798 1180 1828 sublata
1195 1802 1275 1828 sunt
1296 1798 1419 1837 studia,
1435 1798 1594 1828 extinctae
1609 1795 1736 1838 szqffi‘a-

990 1843 1148 1880 gallonem

1037 1883 1266 1924 Suffiagatw,
1283 1885 1339 1924 qui
1364 1895 1422 1915 nos
1445 1886 1478 1915 in
1502 1884 1653 1926 petendis
1677 1884 1737 1916 ho·

992 1929 1127 1959 noi-ibus
1144 1930 1253 1968 gratia
1266 1929 1444 1968 suajuvat.
1459 1929 1590 1960 Muren.
1603 1932 1634 1963 7.
1647 1930 1699 1959 21.

1036 1970 1319 2012 Suffragatoriwss
1350 1973 1597 2012 suffragationis
1635 1981 1737 2003 causa

991 2023 1215 2056 comparatus.
1247 2016 1346 2046 Petit.
1364 2016 1499 2047 Consul.
1515 2020 1546 2051 7.
1576 2017 1683 2047 brevis
1699 2020 1735 2048 et

989 2057 1233 2099 srqffivgatoria
1248 2060 1409 2090 amicitia.

1034 2101 1202 2144 Sqffusus.
1233 2103 1275 2133 ad
1291 2104 1367 2134 Div.
1385 2104 1406 2134 i.
1420 2108 1452 2138 9.
1482 2104 1557 2134 novi
1582 2104 1743 2135 animum·

989 2151 1102 2185 tuum,
1114 2152 1189 2177 tum
1206 2147 1288 2177 mihi
1305 2148 1559 2184 amicissimum,
1571 2151 1646 2177 tum
1658 2147 1735 2179 nul-

989 2191 1020 2220 la
1038 2192 1071 2221 in
1089 2194 1215 2221 ceteros
1233 2191 1468 2221 malevolentia
1481 2188 1657 2230 sqff'usum.

1034 2235 1172 2273 sugere.
1195 2234 1295 2265 Tusc.
1309 2235 1355 2265 iii.
1374 2238 1400 2266 1.
1422 2236 1571 2266 suximus
1586 2244 1733 2267 errorem

988 2288 1065 2308 cum
1084 2278 1169 2308 laete
1186 2278 1339 2309 nutricis.

1032 2321 1230 2360 Suggerere.
1266 2321 1349 2351 Phil.
1366 2322 1400 2352 ii.
1416 2323 1469 2356 27.
1500 2321 1623 2352 damna
1645 2322 1733 2353 alea-

987 2365 1074 2395 toria
1102 2366 1385 2405 suggerebantur:
1416 2365 1450 2396 h.
1473 2375 1503 2396 e.
1529 2365 1733 2398 accedebant

986 2409 1139 2439 subinde.

1031 2452 1245 2492 Suggestum,
1263 2452 1354 2482 locus
1371 2452 1495 2491 editus,
1511 2463 1550 2483 ex
1573 2463 1638 2492 quo
1655 2463 1732 2484 con·

987 2496 1099 2526 ciones
1126 2496 1303 2526 habentur.
1333 2495 1435 2528 Tusc,
1459 2507 1489 2526 v.
1512 2498 1563 2527 20.
1593 2507 1672 2527 cum
1696 2497 1731 2529 in

986 2540 1220 2570 communibus
1257 2541 1418 2579 suggestis
1449 2541 1629 2570 consistere
1662 2550 1730 2574 non

986 2584 1137 2620 auderet,
1161 2583 1351 2613 concionari
1378 2594 1418 2613 ex
1442 2585 1526 2614 turri
1552 2583 1621 2614 alta
1645 2584 1732 2614 sole·

985 2626 1053 2657 bat.
1087 2626 1256 2657 *Athenis
1273 2627 1375 2657 etiam
1393 2637 1464 2657 reos
1488 2627 1528 2656 de
1553 2637 1653 2658 causa
1675 2638 1731 2658 ca-

985 2671 1062 2710 pitis
1088 2680 1105 2700 e
1132 2676 1289 2710 suggesto
1319 2681 1453 2700 eausam
1486 2671 1605 2701 dixisse
1636 2676 1731 2711 patet

985 2724 1024 2744 ex
1051 2714 1127 2744 Div.
1152 2714 1172 2743 i.
1198 2717 1250 2744 54.
1281 2724 1388 2753 neque
1412 2713 1495 2744 illud
1520 2719 1727 2754 suggestum,

984 2757 1017 2787 iu
1043 2767 1108 2796 quo
1125 2767 1259 2787 causam
1280 2757 1424 2795 dixerat,
1440 2757 1669 2796 adscendenti,
1686 2759 1730 2789 si-

984 2811 1090 2840 gnum
1120 2801 1181 2831 sibi
1206 2801 1328 2839 ullum,
1353 2801 1454 2840 quod,
1480 2806 1684 2840 consuesset,
1709 2811 1729 2833 a

983 2844 1059 2921 geo,
1082 2844 1176 2883 quasi
1206 2844 1286 2879 mali
1313 2845 1455 2885 alicujus
1486 2844 1728 2887 impendentia

1007 2892 1114 2921 atum.
