1920 3196
213 73 299 122 478
720 86 866 115 ιΝΒΕΧ
895 86 1192 116 LArmiTAris.

225 175 275 205 16.
299 174 411 205 avilla
426 172 460 203 in
476 176 632 204 senatum
656 174 911 205 arcessebantur
925 179 959 205 et

223 218 343 247 Curius
361 221 395 248 et
417 217 521 247 ceteri
544 225 658 247 senes:
684 228 723 247 ex
740 228 818 257 quo,
835 219 890 257 qui
907 228 961 248 eos

223 261 450 298 arcessebant,
462 261 600 291 viatores
610 260 690 291 dicti
704 265 794 291 sunt.
806 271 880 300 quae
891 261 961 291 fere

223 303 266 334 ad
277 305 413 335 verbum
426 304 561 344 repetiit
575 303 751 334 columen.
766 305 804 335 R.
821 305 857 334 R.
870 305 963 344 praef.

220 347 255 377 h.
279 346 302 377 l.
319 351 353 378 et
377 348 461 379 Plin.
479 348 523 378 H.
546 347 590 377 N.
614 347 704 377 xviii.
723 351 753 378 3.
785 347 827 378 cf.
850 348 963 378 Vatin.

221 395 254 425 9.
278 391 373 422 Font.
403 395 451 422 13.
476 401 504 420 v.
521 391 635 430 Sigon.
661 391 739 421 Ant.
762 390 835 421 Jur.
862 391 898 420 C.
923 391 962 422 R.

222 434 255 464 ii.
276 438 325 466 15.
355 439 390 465 et
405 435 521 466 Burm.
546 434 587 464 ad
603 434 737 464 Petron.
755 444 782 464 c.
797 438 851 468 97.
883 434 963 464 Via-

221 483 328 508 torum
345 479 487 508 dccuriae
501 481 683 508 occurrunt
697 478 731 508 in
744 478 961 518 inscriptione

223 530 276 562 ap.
295 522 461 553 Murator.
477 525 501 551 t.
519 522 540 551 i.
557 531 589 561 p.
608 524 682 552 581.

267 565 418 603 Vibi-are,
443 566 574 606 proprie
600 569 651 595 est
678 575 755 595 cum
786 574 909 604 magna
931 565 963 595 vi

222 613 257 639 et
281 608 452 639 celeritate
476 609 649 649 projicere,
668 614 708 638 ut
732 613 963 648 contorquere.

223 653 281 683 Or.
305 653 338 683 ii.
363 657 415 685 80.
446 656 545 691 atque
570 651 732 690 ejusmodi
764 652 862 682 debet
892 662 962 682 esse

222 695 382 736 prolusio,
400 706 467 726 non
483 700 522 725 ut
539 695 744 733 Samnitum,
761 696 817 734 qui
832 696 963 726 vibrant

225 739 336 771 hastas
354 746 432 770 ante
448 748 610 781 pugnam,
623 739 742 778 quibus
760 740 793 768 in
810 749 964 778 pugnan-

225 783 266 813 do
284 783 367 814 nihil
383 787 539 814 utuntur.
562 782 581 801 ⁵*
593 782 685 819 hinc,
703 786 741 812 ut
755 787 963 821 contortum,

224 829 272 860 sic
296 829 429 858 vibrans
452 827 578 867 passive
605 827 649 866 (v.
666 825 784 856 Heius.
808 826 849 856 ad
866 826 923 856 Sil.
941 827 962 856 i.

225 870 314 910 539.)
341 881 400 912 per
426 869 656 911 metaphoram
686 869 809 899 dicitur
832 880 891 910 pro
915 870 966 900 in-

224 917 362 953 citatus,
396 914 584 944 vehemens.
616 912 711 943 Brut.
744 916 798 947 95.
834 914 965 944 vibrans

225 965 261 990 et
285 959 426 989 incitata
449 958 567 987 oratio.
597 957 690 987 Orat.
707 960 760 990 70.
791 961 875 987 extr.
899 957 968 988 De-

224 1002 409 1034 mosthenis
440 1010 507 1031 non
533 1004 603 1030 tam
629 1001 796 1031 vibrarent
820 1000 965 1030 fulmina

226 1047 297 1084 illa,
326 1047 390 1076 nisi
422 1045 568 1075 numeris
602 1049 757 1074 contorta
786 1043 966 1074 ferrentur.

225 1091 308 1121 *est
333 1090 434 1119 etiam
461 1098 519 1128 pro
547 1088 681 1118 micare.
712 1087 814 1117 Acad.
842 1088 883 1117 iv.
912 1091 965 1118 33.

226 1143 318 1165 mare
346 1143 422 1163 cum
448 1142 467 1161 a
489 1132 557 1161 sole
584 1130 729 1161 collucet
755 1135 789 1160 et
815 1131 966 1168 albescit,

224 1183 261 1208 et
284 1178 410 1215 vibrat3
444 1185 565 1215 nempe
588 1178 724 1215 propter
746 1174 818 1205 illas
842 1175 965 1205 celeres

224 1221 425 1261 agitationes
449 1229 543 1258 aquae
567 1224 601 1248 et
623 1221 796 1249 tremores.
829 1228 906 1248 nam
930 1222 966 1248 et

226 1266 349 1296 micare
373 1269 424 1294 est
447 1263 577 1303 proprie
598 1261 638 1292 de
655 1261 754 1292 celeri
770 1265 804 1292 et
818 1262 965 1292 tremulo

224 1313 335 1346 motu,
352 1308 408 1347 qui
425 1311 477 1337 est
492 1307 526 1336 in
543 1305 629 1336 luce.
645 1306 710 1335 vid.
726 1305 901 1337 Drakenb.
924 1306 966 1336 ad

224 1352 282 1383 Sil.
300 1353 342 1382 iv.
364 1352 433 1383 156.

270 1396 426 1432 Vicanus,
451 1394 506 1434 qui
530 1394 566 1424 in
589 1393 662 1423 vico
684 1392 826 1423 habitat.
856 1393 964 1423 Flacc.

224 1443 257 1472 3.
280 1439 457 1472 Timolites
479 1439 625 1468 vicanus.
649 1447 680 1467 v.
698 1437 805 1467 Graev.
830 1437 872 1467 ad
894 1437 927 1468 h.
945 1437 967 1468 l.

224 1484 289 1514 Sed
314 1484 390 1514 Div.
406 1483 427 1512 i.
446 1485 498 1513 58.
531 1482 637 1512 vicani
650 1480 857 1521 haruspices,
873 1485 966 1519 sunt,

225 1529 282 1567 qui
314 1528 349 1558 in
380 1526 460 1556 vicis
489 1530 676 1562 versantur,
702 1534 823 1564 eosque
853 1535 968 1564 perva-

224 1576 362 1611 gantur,
386 1573 532 1609 quaestus
556 1578 668 1607 causa,
692 1572 731 1599 ut
754 1569 790 1598 in
813 1569 909 1598 circis
933 1578 968 1598 a-

224 1614 373 1654 strologi.

270 1658 435 1694 Vicarius,
450 1666 562 1687 servus
579 1656 662 1686 servi
679 1655 842 1693 lautioris,
856 1655 895 1685 de
911 1665 968 1695 pe-

225 1702 315 1734 eulio
331 1706 456 1738 emtus,
468 1700 556 1730 unde
573 1705 608 1730 et
624 1699 748 1740 peculii
764 1709 851 1739 pars.
869 1699 965 1729 Verr.

224 1747 248 1777 i.
273 1746 326 1778 36.
354 1745 507 1775 homines
535 1743 646 1785 (servi)
673 1742 729 1773 alii
752 1743 885 1780 redditi,
910 1743 966 1773 alii

224 1790 326 1820 etiam
338 1798 428 1819 nunc
442 1788 650 1826 retinentur-3
667 1786 801 1827 peculia
812 1787 965 1816 omnium

223 1834 403 1873 vicariique
426 1832 627 1862 retinentur.
658 1830 737 1861 ibid.
762 1830 809 1860 iii.
829 1833 882 1861 38.
912 1830 967 1860 hic

224 1877 415 1917 Diognotus
431 1876 594 1906 vicarium
611 1873 743 1904 nullum
754 1873 870 1912 habet,
884 1873 967 1904 nihil

225 1921 365 1951 omnino
388 1919 522 1960 peculii.
554 1917 616 1947 Sed
641 1918 676 1948 in
699 1918 895 1947 universum
919 1918 969 1948 di-

226 1966 315 1996 citur
331 1964 371 1994 de
388 1963 557 1999 omnibus,
573 1962 630 2001 qui
647 1960 784 1991 alterius
802 1961 873 1991 loco
890 1972 968 2001 ope-

225 2018 298 2039 ram
322 2012 483 2048 praestant
497 2018 503 2035 z
529 2006 576 2035 sic
593 2011 791 2045 procurator
805 2010 839 2035 et
855 2005 969 2044 cogni-

223 2056 279 2083 tor
301 2051 423 2082 dicitur
446 2049 545 2079 alieni
567 2049 653 2088 juris
675 2050 820 2079 vicarius
844 2048 968 2079 Caecin.

225 2098 278 2126 20.
302 2102 337 2125 et
353 2103 578 2125 successorem
603 2102 703 2122 suum
722 2092 838 2122 Cicero
855 2092 970 2132 appel-

223 2139 273 2170 lat
299 2139 389 2170 Mur.
413 2140 467 2171 37.
498 2137 661 2167 vicarium
689 2145 758 2166 suae
784 2135 968 2176 diligentiae

225 2184 287 2213 Bac.

269 2225 393 2263 Vioem,
418 2223 619 2266 periculum,
643 2221 887 2260 calamitatem,
915 2222 967 2252 in-

216 2271 356 2311 juriam.
386 2269 480 2299 Verr.
496 2269 518 2298 i.
534 2270 588 2298 44.
618 2266 761 2296 alienam
784 2268 884 2296 vicem
906 2276 965 2306 pro

224 2324 286 2345 sua
308 2313 432 2353 injuria
447 2311 572 2349 dolere,
588 2314 623 2341 et
636 2311 683 2340 sic
699 2314 751 2340 est
766 2319 865 2350 saepe.
888 2309 965 2340 *lo-

224 2367 314 2388 cum.
346 2356 427 2395 Leg.
444 2356 478 2386 ii.
497 2358 546 2389 19.
577 2353 738 2384 heredum
762 2363 863 2383 causa
882 2354 967 2395 (sus-

223 2399 456 2442 cipiendorum
480 2394 666 2436 sacrorum)
687 2396 878 2436 justissima
903 2400 964 2427 est.

223 2444 318 2476 nulla
340 2451 391 2474 est
414 2443 504 2472 enim
529 2450 683 2482 persona,
703 2450 777 2479 quae
800 2441 841 2470 ad
864 2442 964 2471 vicem

223 2488 349 2519 mortui
372 2487 508 2527 propius
531 2483 678 2515 accedat.
701 2484 841 2521 *mud0,
862 2493 965 2514 more.

221 2532 293 2563 Att.
309 2542 340 2561 x.
358 2533 387 2561 8.
420 2530 483 2560 nisi
505 2528 591 2559 forte
616 2537 668 2558 me
687 2526 903 2567 Sardanapali
918 2529 966 2557 vi-

223 2584 292 2606 eem
321 2576 356 2605 in
387 2573 513 2603 lectulo
540 2571 624 2602 mori
654 2570 755 2601 malle
785 2571 964 2601 censueris.

223 2618 374 2649 Graevius
398 2621 512 2647 autem
535 2615 638 2645 habet
652 2616 737 2644 vice:
761 2623 965 2653 quamquam

222 2666 258 2693 et
279 2662 350 2702 ipse
373 2661 408 2691 in
432 2659 535 2690 Codd.
559 2659 684 2698 reperit
708 2658 827 2688 vicem.
855 2668 963 2697 neque

221 2709 273 2736 est
300 2709 419 2735 contra
443 2703 643 2734 Latinorum
671 2701 964 2739 consuetudinem,

223 2749 281 2789 qui
305 2749 351 2779 sic
375 2747 565 2777 accusativo
588 2750 734 2775 utuntur
757 2750 791 2774 et
813 2746 914 2783 nude,
932 2748 966 2774 et

221 2793 355 2833 adjecta
380 2790 630 2832 praepositione,
653 2789 700 2819 in.
724 2788 852 2818 Gellius
876 2799 907 2819 x.
931 2791 963 2819 3.

223 2835 395 2868 Gracchus
418 2843 487 2866 non
505 2833 689 2874 querende,
706 2841 768 2863 nec
784 2831 966 2873 imploran-

1001 175 1059 213 tis,
1086 175 1142 205 sed
1175 174 1366 205 nunciantis
1396 174 1662 214 vicem—inquit.
1698 172 1744 205 Et

1001 224 1093 248 amat
1111 218 1238 248 Gellius
1254 218 1301 247 sic
1313 228 1450 258 ponere,
1463 223 1502 249 ut
1513 218 1628 248 monet
1640 218 1744 248 Gron.

1001 261 1043 291 ad
1056 272 1087 291 x.
1100 264 1153 292 25.
1179 261 1305 291 Contra
1319 261 1411 292 addit
1427 262 1606 292 Suetonius
1623 261 1742 291 Claud.

1002 308 1032 338 7.
1057 304 1213 345 praesedit
1229 306 1263 334 in
1282 306 1353 335 Caii
1367 307 1480 336 vicem.
1502 305 1623 336 *seim
1642 307 1673 335 4.
1695 306 1744 334 vi·

1001 358 1071 378 cem
1086 349 1185 378 officii
1199 349 1384 388 praesentis.
1400 349 1457 379 ubi
1472 359 1502 379 v.
1519 356 1590 379 not.

1049 391 1219 422 licesima.
1248 391 1320 422 Att.
1344 392 1378 422 ii.
1399 393 1448 423 16.
1475 402 1554 432 agro
1571 392 1743 431 Campano

1001 434 1118 472 diviso,
1135 435 1223 474 quod
1247 435 1389 475 vectigal
1412 439 1563 476 superest
1583 435 1742 465 domesti-

1003 488 1094 515 cum,
1110 482 1232 518 praeter
1253 480 1464 509 vicesimam?
1487 484 1540 509 est
1562 483 1675 509 autem
1696 487 1744 507 vz-

1001 523 1119 552 cesima
1143 531 1217 562 pars
1240 523 1405 562 pecuniae,
1421 533 1487 562 qua
1510 523 1604 553 vendi
1629 527 1741 561 posset

1000 574 1128 602 servus,
1152 566 1207 604 qui
1237 567 1491 596 manumittitur
1514 566 1585 596 Liv.
1610 566 1664 595 vii.
1692 565 1742 594 16.

1002 607 1042 638 de
1066 618 1107 638 ea
1129 607 1235 638 GraeV.
1260 609 1301 639 ad
1321 609 1354 639 h.
1373 609 1394 640 l.
1415 609 1566 640 laudavit
1588 609 1677 649 Lips.
1699 607 1742 638 ad

1001 652 1112 682 Tacit.
1135 653 1224 682 Ann.
1242 652 1310 682 xiii.
1329 656 1381 683 31.
1409 653 1467 683 sed
1490 653 1637 683 Graevius
1654 651 1742 682 male

1003 695 1068 725 huc
1082 695 1183 726 refert
1196 696 1297 726 etiam
1315 697 1498 726 vicesimam
1514 706 1530 726 e
1548 696 1648 726 servis
1664 704 1744 725 ven-

1004 739 1104 777 ‹litis;
1135 739 1170 769 in
1198 749 1262 778 quo
1279 749 1346 769 non
1370 740 1450 770 satis
1476 740 1621 779 inspexit
1645 738 1742 769 illum

1002 783 1127 822 ipsum,
1151 792 1250 821 quem
1274 782 1403 820 laudat,
1425 783 1590 823 Lipsium,
1607 783 1663 822 qui
1686 782 1743 812 do·

1004 830 1071 864 cet,
1088 826 1355 865 antiquissimam
1379 836 1450 856 esse
1473 828 1657 857 vicesimam
1673 835 1744 856 ma—

1003 870 1264 908 numissionum,
1281 875 1317 900 et
1339 870 1379 900 de
1403 880 1443 900 ea
1465 880 1485 900 a
1501 870 1661 900 Cicerone
1686 869 1741 909 agi

1004 912 1025 943 1.
1053 923 1081 943 c.
1109 913 1250 952 vectigal
1281 916 1395 943 autem
1422 924 1440 943 e
1465 914 1567 944 servis
1598 912 1743 943 venditis

1003 957 1111 996 primo
1133 956 1242 995 quoad
1266 966 1445 987 numerum
1463 958 1630 987 incertum
1656 966 1742 994 esse,

1005 1000 1123 1030 deiude
1141 1001 1181 1030 ab
1204 1000 1357 1040 Augusto
1381 1001 1589 1031 institutum.
1610 1000 1652 1030 cf.
1670 1000 1743 1030 Ma-

1003 1044 1088 1083 gnit.
1113 1044 1210 1074 Rom.
1226 1045 1259 1074 ii.
1274 1047 1305 1075 4.
1338 1045 1424 1084 Ergo
1440 1044 1480 1074 de
1503 1046 1652 1075 vicesima
1673 1053 1743 1074 ma-

1004 1088 1250 1117 numissionum
1266 1092 1403 1118 tantum
1415 1098 1524 1118 sermo
1540 1093 1601 1118 est.
1619 1087 1660 1117 cf.
1677 1087 1743 1117 Cu-

996 1131 1065 1170 jac.
1090 1132 1169 1162 Obs.
1186 1132 1229 1161 ix.
1245 1132 1297 1162 24.
1328 1132 1414 1171 inpr.
1438 1131 1554 1162 Burm.
1573 1131 1613 1161 de
1628 1131 1744 1161 Vecti-

1003 1174 1068 1213 gal.
1088 1185 1116 1205 c.
1137 1178 1188 1205 10.
1214 1175 1232 1193 ⁹¹⁶·
1244 1175 1338 1205 Verr.
1356 1176 1389 1205 ii.
1405 1178 1457 1209 75.
1487 1175 1602 1205 scribit
1617 1182 1669 1205 us.
1686 1182 1742 1205 Lx.

1002 1219 1106 1248 socios
1123 1218 1304 1259 perdidisse
1316 1229 1355 1249 ex
1367 1220 1518 1249 vicesima
1534 1219 1672 1258 portorii
1683 1218 1743 1258 Sy-

1005 1262 1141 1292 racusis.
1159 1262 1318 1292 Vicesima
1330 1262 1469 1302 portorii
1480 1268 1531 1293 est
1546 1263 1654 1302 ipsum
1666 1271 1743 1301 por-

1002 1306 1142 1343 torium,
1158 1307 1252 1345 cujus
1277 1306 1412 1336 nomine
1436 1306 1578 1336 dabatur
1592 1306 1744 1336 vicesima

1004 1359 1078 1389 pars
1095 1360 1220 1386 rerum,
1237 1360 1311 1388 quae
1326 1350 1598 1390 exportabantur.
1646 1349 1743 1379 Cete-

1004 1403 1078 1423 rum
1103 1393 1192 1423 male
1217 1393 1281 1423 hue
1305 1393 1405 1423 refert
1429 1393 1667 1424 Hotomannus
1684 1402 1743 1422 au—

1003 1446 1076 1467 rum
1100 1438 1354 1475 vicesimarium,
1371 1437 1458 1476 quod
1473 1437 1538 1467 fuit
1553 1447 1570 1466 e
1586 1437 1746 1466 vicesimis

1002 1481 1319 1518 manumissionum,
1339 1490 1406 1510 non
1430 1481 1581 1520 portorii,
1597 1486 1637 1510 ut
1660 1479 1743 1510 vidit

1003 1523 1136 1564 Lipsius
1153 1524 1195 1554 ad
1208 1524 1317 1555 Tacit.
1334 1524 1397 1554 loc.
1414 1525 1472 1554 cit.

1049 1567 1250 1599 Vicissitudo.
1300 1567 1472 1608 permistio
1510 1572 1545 1598 et
1580 1567 1743 1597 confusio.

1002 1610 1083 1642 Nat.
1115 1613 1159 1643 D.
1191 1612 1225 1643 ii.
1257 1615 1309 1643 33.
1345 1612 1565 1642 vicissitudine
1600 1615 1744 1650 quatuor

1004 1664 1166 1694 generum
1194 1664 1370 1696 corporum
1398 1655 1517 1686 mundi
1545 1655 1744 1685 continuata

1003 1706 1124 1729 natura
1140 1703 1201 1730 est.

1048 1743 1158 1773 Victor
1173 1742 1262 1773 belli.
1287 1742 1376 1773 Mur.
1395 1745 1444 1772 14.
1463 1751 1494 1773 v.
1511 1743 1654 1773 vincere.

1048 1787 1205 1825 Victoria,
1221 1786 1260 1816 de
1277 1796 1329 1823 eo,
1345 1787 1401 1825 qui
1417 1795 1550 1816 causam
1567 1787 1602 1816 in
1612 1785 1743 1825 judicio

1003 1830 1144 1860 obtinet.
1174 1830 1249 1860 Act.
1273 1830 1294 1860 i.
1310 1830 1402 1860 Verr.
1425 1832 1475 1860 14.
1505 1839 1539 1859 se
1556 1829 1742 1859 avarissimi

1002 1873 1148 1904 hominis
1177 1873 1354 1914 cupiditati
1384 1874 1465 1904 satis
1493 1872 1602 1903 facere
1632 1882 1742 1913 posse,

1005 1918 1251 1948 nocentissimae
1271 1918 1409 1948 victorioe
1423 1926 1491 1947 non
1507 1926 1613 1957 posse.

1050 1961 1259 1992 Victoriolas.
1290 1960 1386 1991 Font.
1415 1963 1445 1991 5.
1477 1970 1599 1990 numus
1629 1959 1743 1990 Victo-

1003 2006 1061 2035 riae
1085 2005 1231 2044 imagine
1255 2005 1420 2043 signatus,
1435 2003 1475 2034 de
1499 2014 1563 2043 quo
1588 2003 1673 2034 Plin.
1699 2003 1742 2034 H.

1003 2049 1046 2079 N.
1063 2049 1177 2079 xxxiii.
1194 2052 1225 2080 3.
1251 2048 1357 2078 valuit
1373 2048 1454 2077 duos
1471 2048 1651 2077 sestertios

1050 2092 1190 2123 Victrix.
1223 2092 1292 2122 Att.
1317 2102 1347 2121 v.
1374 2093 1426 2122 21.
1457 2101 1523 2130 quo
1550 2091 1603 2120 die
1633 2090 1740 2120 literae

1002 2137 1150 2166 victrices
1172 2136 1275 2166 Cassii
1292 2136 1326 2165 in
1343 2140 1463 2165 senatu
1477 2135 1624 2165 recitatae
1641 2138 1720 2164 sunt
1735 2146 1740 2163 z

1001 2179 1035 2210 h.
1052 2190 1081 2210 e.
1099 2180 1230 2210 nunciae
1248 2180 1407 2209 victoriae.

1048 2223 1215 2260 Videlicet,
1237 2223 1348 2253 videre
1375 2222 1466 2258 lieet,
1492 2223 1588 2252 scito.
1619 2220 1691 2251 Att.
1716 2231 1744 2251 ν.

1006 2269 1054 2298 11.
1085 2267 1264 2297 Brundisio
1288 2275 1361 2306 quae
1384 2266 1446 2295 tibi
1470 2265 1619 2306 epistolae
1636 2264 1745 2294 reddi-

1000 2315 1045 2341 tae
1069 2315 1148 2341 sunt
1171 2311 1243 2341 sine
1267 2320 1354 2346 mea,
1371 2312 1445 2339 tum
1468 2309 1613 2339 videlicet
1635 2308 1744 2345 datas,

1001 2364 1079 2384 cum
1103 2364 1165 2394 ego
1190 2363 1243 2383 me
1267 2363 1334 2383 non
1349 2351 1435 2383 belle
1451 2352 1620 2382 haberem.
1666 2351 1744 2393 Seii.

1000 2397 1259 2437 intelligendum
1276 2400 1326 2427 est
1342 2406 1425 2427 esse.
1471 2395 1532 2426 Est
1548 2396 1638 2426 enim
1655 2394 1745 2435 apud

1000 2446 1129 2471 veteres
1153 2440 1323 2471 interdum
1345 2440 1491 2470 videlicet
1511 2450 1588 2469 cum
1603 2439 1745 2469 infiniti-

1000 2494 1052 2515 vo.
1077 2495 1107 2514 v.
1125 2484 1232 2515 Graev.
1248 2484 1290 2514 ad
1305 2483 1339 2514 h.
1357 2484 1379 2514 l.
1395 2483 1534 2514 Plautus
1550 2483 1680 2513 Asinar.
1698 2482 1746 2512 iii.

1000 2532 1032 2559 3.
1062 2529 1206 2558 videlicet
1234 2527 1403 2564 Solonem,
1426 2526 1515 2565 leges
1540 2531 1578 2556 ut
1601 2526 1746 2556 conscri-

999 2572 1077 2610 bat3
1104 2581 1202 2611 quem
1220 2571 1333 2601 locum
1346 2570 1493 2600 vindicat
1508 2570 1652 2600 GronOV.
1666 2569 1746 2599 Obs.

999 2615 1046 2646 iii.
1063 2620 1094 2649 9.
1118 2625 1150 2655 p.
1168 2618 1241 2649 509.
1266 2614 1308 2644 cf.
1330 2614 1470 2644 scilicet.

1046 2658 1177 2696 Videre,
1209 2659 1372 2697 cogitare,
1401 2657 1436 2687 in
1469 2657 1582 2687 animo
1611 2656 1745 2686 habere.

1001 2701 1060 2733 Or.
1091 2703 1114 2732 i.
1150 2702 1203 2733 62.
1248 2703 1356 2740 majus
1392 2700 1550 2740 quiddam
1588 2701 1746 2730 videbam.

1002 2745 1258 2776 *considerare
1306 2743 1441 2775 Cluent.
1472 2747 1524 2776 58.
1566 2753 1644 2774 cum
1674 2743 1746 2773 haec

1000 2792 1082 2819 sunt
1103 2789 1254 2819 videnda.
1286 2787 1494 2828 *explicare
1526 2787 1620 2818 Verr.
1643 2786 1678 2817 ii.
1694 2787 1748 2816 61.

1001 2832 1067 2863 alio
1093 2832 1166 2863 loco
1195 2829 1398 2863 ‹ie-videro.
1434 2831 1607 2863 *consilio
1636 2831 1747 2869 aliquo

1910 2801 1920 2872 .2-.=.
1910 2463 1920 2782 ...Q-d
1911 2304 1920 2447 a.-..„...
1909 2273 1913 2279 ·
1918 2247 1920 2254 .
1918 2211 1920 2218 .
