1985 3206
717 45 866 74 INDEX
887 44 1261 74 GEOGRAPHICUS.

206 140 245 171 in
272 137 371 169 Italia
391 136 525 168 saluber
547 136 649 176 juxta
669 135 855 167 Numicum
878 145 950 166 am-

209 192 303 219 nem,
329 191 349 212 a
376 180 525 211 Juturna
547 180 717 220 Nympha,
743 179 784 209 de
810 189 877 219 qua
899 184 951 210 est

211 236 264 268 ap.
280 224 460 265 Virgilium
476 224 511 255 in
525 223 666 255 AEueide
683 223 816 255 ultima.

562 325 603 357 L.

259 404 388 442 Labici,
402 403 519 443 Agrar.
543 402 578 433 ii.
601 405 653 434 35.
676 402 834 443 oppidum
851 403 955 440 Latii,

215 447 304 489 quod
334 452 370 478 et
398 447 561 478 Labicum
590 446 725 484 dicitur,
757 456 777 476 a
809 456 875 486 qua
904 447 957 476 via

217 493 392 525 ,Labicana
422 500 473 521 xv.
504 499 550 520 m.
584 499 615 529 p.
650 490 691 519 ab
720 490 814 520 urbe.
859 489 956 519 Unde

219 535 439 567 Labicanum.
477 533 637 564 Paradox.
660 534 702 563 vi.
721 536 751 564 3.
775 543 855 574 ager
870 534 958 564 circa

218 579 393 620 oppidum.

264 622 479 659 Laconicum,
496 619 537 650 ad
551 619 622 651 Att.
632 621 673 650 iv.
689 623 738 651 10.
750 619 959 651 sudatorium

219 668 256 698 in
286 666 427 702 balneis,
453 666 488 695 in
517 664 789 704 hemisphaerium
816 664 960 694 aedifica-

221 717 310 747 tum,
333 720 399 749 quo
422 708 606 738 utebantur
629 707 734 738 crudi.
781 707 961 738 Inventum

221 759 273 785 est
297 753 359 783 hoc
384 761 489 792 genus
518 761 539 782 a
566 751 850 782 Lacedaemoniis:
884 752 961 782 iude

223 805 360 828 nomen.
377 806 405 826 v.
423 795 506 825 Intt.
523 795 564 825 ad
580 794 708 826 Vitruv.
724 805 754 825 v.
773 798 823 826 10.

269 841 427 877 Lacoena,
456 838 557 869 Tuse.
587 838 652 878 Qu.
682 839 703 869 i.
733 840 788 869 42.
826 838 965 869 foemina

225 887 415 927 Spartana3
439 887 479 913 ut
494 883 583 913 Laco
599 883 638 912 de
655 883 743 913 viris.

270 928 509 966 Lampsacum,
526 927 561 956 in
576 926 669 956 Verr.
684 927 706 956 i.
723 928 775 957 24.
797 925 875 956 urbs
892 925 966 966 My-

225 973 284 1004 siae
296 982 321 1002 s.
336 970 556 1010 Hellesponti.
580 969 667 999 Nam
686 970 822 1000 Cicero:
841 969 967 1008 Lamp-

226 1014 342 1047 sacum
362 1018 408 1044 est
426 1015 504 1044 urbs
522 1015 558 1043 in
573 1013 792 1052 Hellesponto.
837 1012 967 1043 Helles-

230 1065 353 1101 pontus
376 1062 491 1089 autem
515 1056 751 1097 complectitur
771 1056 875 1086 etiam
894 1056 967 1097 My-

227 1104 324 1134 siam.
341 1112 370 1132 v.
388 1101 628 1140 Hellespontus.

276 1146 483 1182 Lanuvium,
499 1154 559 1184 pro
579 1143 712 1174 Muren.
732 1147 785 1176 41.
808 1143 969 1184 oppidum

231 1189 340 1227 Latii3
365 1187 600 1228 municipium,
616 1188 711 1218 cultu
730 1188 874 1218 Junonis
896 1189 971 1217 Sos-

231 1233 312 1273 pitae
329 1231 469 1262 celebre.
514 1230 612 1262 Unde
630 1232 814 1269 Lanuvini,
830 1231 871 1261 de
890 1231 970 1262 Nat.

233 1277 277 1307 D.
294 1276 315 1305 i.
331 1277 384 1309 29.

279 1319 511 1356 Lanuuinum,
542 1317 582 1348 tle
613 1318 726 1349 Divin.
757 1319 779 1350 i.
810 1319 863 1349 36.
893 1328 973 1358 ager

234 1364 325 1393 circa
339 1362 541 1393 Lanuvium.

282 1406 513 1442 Lanuuinum,
537 1405 578 1435 ad
592 1405 664 1436 Att.
688 1406 732 1436 ix.
754 1410 785 1441 9.
809 1406 973 1447 praedium

235 1449 272 1481 in
288 1459 367 1489 agro
381 1449 568 1480 Lanuvino.

284 1493 461 1530 Laodicea,
478 1493 519 1523 ad
535 1493 606 1523 Att.
621 1503 651 1523 v.
671 1496 721 1524 15.
739 1504 812 1532 quae
830 1501 864 1523 et
881 1494 976 1524 Lau-

236 1537 341 1574 dicea,
362 1543 401 1566 ut
423 1537 600 1567 Laodiceni
623 1541 657 1566 et
682 1537 878 1575 Laudiceni,
896 1538 977 1569 dici-

238 1586 315 1619 tur3
340 1580 417 1610 urbs
441 1580 591 1620 Phrygiae
614 1581 760 1620 majoris,
778 1581 819 1610 ad
838 1582 977 1611 fluvium

238 1625 380 1664 Lycum,
393 1633 460 1654 non
473 1624 589 1664 procul
604 1624 644 1653 ab
660 1625 820 1664 Apamea.
847 1625 899 1655 De
916 1625 978 1655 hac

240 1667 421 1707 capiendus
451 1672 503 1697 est
526 1667 655 1704 Cicero,
679 1670 809 1706 quoties
832 1668 872 1698 de
895 1669 980 1699 Lao-

241 1712 336 1742 dicea
351 1711 528 1750 provinciae
545 1720 613 1741 suae
630 1712 794 1742 attributa
807 1711 966 1751 loquitur.

288 1755 451 1794 Lapithae,
476 1754 511 1784 in
535 1754 644 1784 Pison.
673 1758 721 1786 10.
752 1756 788 1786 iu
809 1755 983 1787 Thessalia

240 1798 369 1841 populi,
385 1798 506 1828 fabulis
521 1798 690 1829 celebrati.
851 1830 857 1834 .

287 1843 469 1879 Larinum,
486 1841 529 1871 ad
543 1842 614 1872 Att.
631 1843 672 1872 iv.
693 1843 741 1873 12.
765 1843 821 1873 vii.
844 1846 892 1874 13.
914 1844 983 1875 viii.

247 1889 297 1918 13.
329 1886 551 1925 municipium
571 1885 613 1915 ad
629 1886 711 1916 fines
728 1886 857 1926 Apuliae
874 1888 909 1917 in
926 1888 985 1917 Fe-

243 1930 412 1966 rentanis,
440 1929 482 1959 ad
509 1929 681 1959 dexteram
707 1929 835 1962 Tiferni
866 1931 985 1970 ripam.

245 1972 329 2004 Inde
354 1973 506 2003 Larinas
528 1978 562 2003 et
591 1973 751 2012 Larinas,
768 1984 827 2014 pro
851 1974 986 2007 Cluent.

292 2060 482 2098 Laterium,
495 2059 537 2090 ad.
552 2059 624 2090 Att.
640 2071 672 2091 x.
692 2063 719 2091 1.
742 2060 866 2091 fundus
879 2061 919 2101 Ω.
934 2062 988 2093 Ci-

251 2104 379 2134 ceronis
396 2105 431 2133 in
448 2103 602 2143 Arpinati
618 2113 708 2143 agro.
725 2104 813 2136 conf.
830 2105 872 2136 iv.
889 2110 920 2140 7.
947 2106 990 2137 ad

282 2157 315 2177 u.
332 2147 384 2177 Fr.
401 2147 446 2176 iii.
468 2150 494 2177 l.

249 2146 280 2187 Ω
296 2190 527 2230 Μίάινίε,Ρ1-ο
539 2189 657 2221 Milon.
669 2193 722 2222 31.
739 2201 925 2231 cognomen
932 2193 990 2224 Jo-

251 2234 313 2271 vis,
327 2234 383 2272 qui
399 2233 496 2264 Latio
511 2235 679 2273 praesidet,
691 2235 724 2264 in
736 2235 834 2266 Latio
851 2236 989 2267 colitur:

250 2287 311 2318 pro
338 2287 403 2317 quo
428 2278 580 2307 scribunt
605 2278 662 2308 alii
690 2279 845 2310 Latialis.
874 2281 932 2310 sed
956 2282 991 2311 in

249 2321 396 2351 Gronov.
412 2320 555 2351 refertur
570 2321 612 2351 ad
628 2326 797 2352 montem:
823 2324 910 2362 quod
923 2334 993 2354 ine-

250 2365 317 2394 rito
333 2364 547 2404 reprehendit
568 2364 728 2396 Graevius.
773 2366 872 2397 Mons
888 2369 993 2408 enim,

253 2408 294 2437 de
311 2418 376 2447 quo
393 2408 437 2437 ibi
453 2418 574 2446 sermo,
591 2413 643 2439 est
660 2409 822 2447 Albanus,
839 2420 907 2441 non
924 2412 994 2442 La-

253 2453 360 2482 tiaris.
398 2451 450 2482 De
472 2453 639 2491 scriptura
661 2462 691 2482 v.
707 2453 792 2485 viros
816 2454 931 2485 doctos
953 2455 995 2486 ad

256 2495 394 2525 Sueton.
419 2495 489 2535 Caj.
513 2497 565 2527 22.
611 2495 741 2527 Duker.
763 2501 800 2528 et
821 2497 995 2530 Drakenb.

256 2537 299 2569 ad
314 2538 385 2568 Liv.
402 2539 469 2569 xxi.
486 2539 539 2570 63.

302 2581 432 2618 Latini,
444 2582 558 2622 populi
574 2581 694 2621 Italiae,
711 2583 829 2615 incolae
850 2585 951 2617 Latii.

303 2625 523 2665 Latinienses,
547 2626 587 2656 de
613 2626 792 2668 Haruspic.
818 2628 918 2669 Resp.
944 2631 997 2662 28.

256 2667 371 2699 iidem.

304 2712 461 2750 Latmus,
476 2712 576 2744 Tusc.
596 2713 618 2744 i.
635 2716 688 2746 38.
712 2724 808 2746 mons
826 2715 946 2755 Cariae,
963 2717 998 2747 in

258 2763 325 2794 quo
341 2755 530 2796 Endymion
547 2757 758 2789 obdormivit.

304 2798 423 2837 Latro,
439 2800 482 2831 ad
496 2800 536 2840 Ω.
553 2800 606 2833 Fr.
621 2801 657 2834 ii.
672 2802 703 2834 6.
733 2802 811 2834 urbs
833 2807 867 2835 et
883 2809 1001 2845 portus

256 2840 415 2875 Etruriae.

1674 34 1732 80 47

1038 134 1258 173 Lavernium,
1281 133 1323 165 ad
1352 133 1425 165 Att.
1453 133 1509 164 vii.
1540 136 1571 165 8.
1609 143 1736 166 nomen

992 177 1057 208 loci
1075 184 1133 208 aut
1149 179 1218 208 faui
1234 188 1253 209 a
1270 178 1429 209 Lauerna
1445 177 1519 208 Dea
1533 177 1627 208 dicti.

1039 222 1243 260 Lam'eanus,
1259 232 1318 262 pro
1342 221 1456 253 Plane.
1479 226 1511 256 9.
1541 222 1582 252 ab
1601 222 1737 255 Lavico.

993 275 1025 296 v.
1046 265 1173 295 Labici.

1040 309 1266 346 Laurentum,
1282 308 1442 348 oppidum
1458 308 1559 339 Latii.

1040 352 1202 390 LebmHa,
1223 352 1262 382 de
1283 353 1395 382 Divin.
1417 353 1439 382 i.
1463 355 1516 384 33.
1541 352 1619 383 urbs
1643 351 1739 384 Boeo-

996 396 1075 434 tiae;
1100 396 1141 426 ad
1165 405 1265 435 quam
1288 396 1405 425 fanum
1432 400 1467 426 et
1494 403 1632 427 antrum
1657 397 1686 427 T
1689 407 1739 428 ro-

999 439 1126 480 plionii.

1043 483 1204 520 Lemnos,
1217 481 1327 512 insula
1338 482 1454 513 Graeca
1465 482 1500 512 in
1513 484 1598 513 mari
1613 483 1740 523 AEgaeo.

1001 525 1099 556 Unde
1122 527 1304 557 Lemnium
1325 536 1461 564 samum,
1483 527 1523 557 de
1548 527 1621 558 Pin.
1644 529 1682 560 B.
1707 529 1742 561 ii.

1001 572 1054 604 529.

1046 613 1205 645 Lemonia
1220 613 1341 651 tribus,
1358 613 1471 644 Plane.
1493 614 1541 645 16.

1047 658 1220 688 Leocorion
1233 656 1272 686 de
1286 656 1365 687 Nat.
1378 657 1420 687 D.
1436 658 1482 687 iii.
1502 661 1551 692 19.
1574 659 1742 699 templum

1004 701 1156 731 Athenis.
1172 711 1201 730 v.
1220 700 1336 730 Suidas
1353 701 1388 730 in
1404 701 1563 743 λεωκόρων,
1576 703 1609 732 111
1626 704 1743 744 primis

1003 745 1127 775 AElian.
1141 743 1181 774 V.
1199 743 1242 774 H.
1259 744 1314 773 xii.
1331 746 1384 775 28.

1048 788 1276 825 Leonaticum,
1292 787 1332 817 de
1349 787 1429 818 Nat.
1445 788 1545 819 Deor.
1562 790 1609 820 iii.
1631 793 1678 825 19.
1698 792 1748 821 vi-

1006 831 1105 862 detur
1121 842 1140 861 a
1156 831 1315 861 Cicerone
1332 831 1460 862 factum
1476 833 1689 873 vocabulum,
1705 840 1747 866 ut

1007 874 1153 917 λεῶκόριον
1175 875 1395 914 exprimeret3
1428 886 1488 916 pro
1511 887 1576 915 quo
1602 878 1748 918 Leopar-

1007 919 1068 949 dus
1096 924 1129 948 et
1154 919 1337 949 Lambinus
1362 919 1428 949 Leo
1454 924 1617 952 natarum
1643 924 1749 964 conji-

1009 962 1155 999 ciebant,
1171 963 1332 1002 probante
1351 972 1458 1002 nuper
1472 963 1638 997 Bohierio.

1054 1006 1217 1044 Leontini,
1235 1006 1268 1035 in
1285 1005 1379 1036 verr.
1396 1007 1429 1037 ii.
1446 1007 1499 1038 66.
1523 1010 1600 1039 urbs
1624 1010 1748 1042 Siciliae

1010 1050 1045 1080 in
1070 1059 1129 1079 ora
1150 1051 1250 1080 maris
1278 1049 1381 1084 Siculi
1410 1051 1499 1080 inter
1524 1052 1689 1084 Catanam
1713 1060 1749 1086 et

1010 1095 1213 1134 Syracusas;
1237 1093 1361 1123 dicitur
1379 1100 1414 1124 et
1434 1095 1622 1136 Leontium,
1642 1108 1662 1129 a
1684 1109 1751 1139 qua

1010 1137 1135 1167 dieitur

1058 1181 1238 1211 Leontinus
1259 1181 1413 1220 Campus,
1425 1181 1546 1223 Philip.
1557 1184 1590 1214 ii.
1607 1185 1655 1219 17.
1667 1187 1750 1226 pub·

1012 1223 1095 1255 licus
1116 1224 1229 1264 populi
1255 1225 1412 1262 Romani,
1435 1227 1518 1256 mire
1538 1227 1670 1267 fertiliS,
1694 1231 1752 1270 qui

1012 1273 1189 1309 propterea
1200 1279 1292 1308 aeque
1306 1279 1344 1298 ac
1356 1268 1547 1310 Campanus
1559 1283 1578 1302 a
1591 1273 1752 1305 Cicerone

1014 1314 1105 1342 inter
1129 1313 1332 1352 patrimonia
1358 1313 1439 1353 reip.
1467 1313 1563 1346 Rom.
1589 1318 1751 1350 refertur:

1015 1358 1071 1396 qui
1087 1360 1122 1386 et
1138 1357 1318 1387 Leontinus
1333 1367 1428 1395 ager,
1446 1358 1486 1388 de
1504 1359 1579 1390 Div.
1596 1362 1617 1391 i.
1634 1365 1687 1393 33.

1060 1400 1208 1440 Lepreon
1240 1405 1274 1429 et
1305 1401 1457 1440 Lepreos,
1481 1403 1523 1432 ad
1547 1404 1620 1435 Att.
1650 1406 1693 1437 vi.
1724 1408 1756 1438 2.

1016 1444 1133 1474 urbem
1150 1445 1355 1474 maritimam
1372 1445 1521 1477 Arcadiae
1538 1458 1608 1478 esse
1624 1452 1758 1481 censuit

1018 1487 1232 1518 Dicaearchus
1264 1489 1298 1518 in
1330 1489 1421 1519 libris
1458 1490 1498 1520 de
1528 1491 1690 1524 descensu
1720 1496 1757 1525 iu

1017 1531 1201 1572 Trophonii
1217 1538 1365 1564 autrum.
1410 1534 1474 1564 Sed
1494 1540 1545 1565 est
1562 1537 1641 1568 urbs
1657 1540 1759 1569 mari-

1018 1576 1104 1605 tima
1115 1575 1259 1607 Achaiae.
1285 1576 1427 1607 Arcadia
1438 1582 1489 1609 est
1501 1580 1759 1618 mediterranea,

1020 1619 1083 1650 Pro
1109 1620 1259 1651 Areadioe
1288 1621 1469 1661 legendum
1498 1625 1685 1666 suspicarer
1714 1630 1760 1660 A.

1021 1666 1134 1702 chaioe,
1158 1665 1223 1694 nisi
1246 1666 1425 1696 Pausanias
1445 1678 1575 1708 quoque
1599 1668 1621 1699 l.
1640 1671 1661 1701 i.
1682 1682 1710 1702 e.
1729 1677 1760 1705 5.

1022 1708 1173 1745 referret,
1200 1709 1379 1740 nonnullos
1411 1711 1560 1752 Lepreon
1589 1715 1632 1745 ad
1661 1716 1763 1747 Arca-

1023 1752 1112 1782 diam
1140 1752 1275 1790 referre,
1297 1764 1375 1784 cum
1402 1756 1446 1785 sit
1475 1757 1592 1788 Elidis.
1637 1759 1764 1791 Achaia

1024 1801 1059 1826 et
1079 1796 1147 1826 Elis
1172 1797 1319 1828 confines
1343 1803 1435 1835 sunt,
1452 1801 1565 1840 itaque
1587 1802 1685 1833 facile
1709 1815 1765 1835 ea-

1025 1840 1102 1870 dem
1118 1841 1195 1871 urbs
1213 1841 1253 1870 ab
1275 1842 1348 1872 aliis
1371 1843 1414 1872 ad
1436 1844 1609 1884 Achaiam,
1626 1847 1667 1877 ab
1691 1848 1765 1879 aliis

1026 1884 1068 1914 ad
1084 1884 1215 1914 Elidem
1236 1886 1350 1916 referri
1374 1889 1506 1927 potuit:
1532 1890 1625 1930 cujus
1649 1892 1768 1922 confu-

1026 1928 1128 1958 sionis
1144 1927 1253 1959 multa
1268 1930 1423 1971 exempla
1438 1937 1567 1964 extant.

1072 1972 1198 2011 Leptis,
1211 1973 1245 2002 in
1268 1973 1361 2004 verr.
1377 1985 1406 2004 v.
1424 1978 1475 2009 59.
1507 1976 1629 2017 duplex
1651 1978 1769 2019 Leptis

1029 2020 1092 2053 est,
1109 2015 1215 2046 altera
1235 2027 1373 2056 magna,
1390 2029 1493 2060 prope
1515 2022 1640 2061 Syrtim
1664 2025 1770 2063 majo-

1029 2069 1114 2097 rem,
1137 2059 1244 2091 altera
1266 2063 1385 2099 minor,
1407 2073 1510 2104 prope
1532 2065 1770 2098 Adrumetum.

1030 2103 1082 2133 De
1100 2113 1166 2142 qua
1180 2103 1201 2135 1.
1219 2115 1247 2135 e.
1263 2115 1372 2135 sermo
1395 2107 1452 2145 sit,
1469 2109 1663 2147 conjectura
1678 2111 1774 2141 colli«

1032 2148 1190 2188 gendum.
1237 2149 1326 2179 Civis
1343 2149 1439 2180 Rom.
1456 2151 1582 2182 dicitur
1594 2154 1692 2194 Lepti
1714 2165 1774 2184 ne-

1033 2193 1180 2232 gotiatus
1206 2202 1287 2223 esse.
1332 2193 1410 2224 Fuit
1431 2204 1510 2234 ergo
1535 2206 1577 2226 ea
1597 2197 1712 2238 Leptis
1737 2199 1772 2228 in

1033 2236 1204 2277 provincia
1223 2237 1321 2267 Rom.
1365 2237 1468 2279 Atqui
1486 2239 1602 2280 Leptis
1619 2245 1669 2271 est
1685 2242 1776 2272 inter

1033 2279 1257 2310 Adrumetum
1281 2285 1317 2311 et
1329 2280 1496 2319 Tisdram,
1513 2284 1569 2322 qui
1592 2290 1672 2315 sunt
1696 2295 1776 2315 con·

1034 2329 1154 2354 ventus
1171 2323 1268 2355 Rom.
1284 2335 1336 2365 ap.
1355 2323 1505 2356 Hirtium
1526 2327 1565 2357 de
1585 2328 1672 2359 bello
1689 2329 1777 2359 Afri-

1036 2377 1132 2398 cano.
1177 2367 1322 2407 Ideoque
1344 2369 1379 2398 in
1396 2369 1482 2399 hanc
1498 2371 1581 2401 mihi
1599 2374 1778 2403 convenire

1036 2411 1178 2442 videtur.
1224 2412 1435 2443 Memoratur
1450 2414 1567 2444 eadem
1583 2416 1698 2456 Leptis
1715 2417 1778 2447 mi-

1037 2464 1099 2485 nor
1121 2465 1174 2495 ap.
1192 2454 1281 2486 Hirt.
1299 2456 1320 2486 l.
1337 2466 1367 2486 e.
1383 2466 1411 2487 c.
1427 2460 1459 2491 7.
1475 2462 1510 2487 et
1533 2458 1638 2489 libera
1663 2460 1780 2491 civitas

1038 2498 1236 2539 appellatur.
1274 2500 1339 2529 Sed
1360 2500 1395 2529 in
1412 2511 1452 2530 ea
1467 2500 1588 2532 licebat
1604 2504 1783 2543 negotiari.

1083 2543 1243 2581 Lesbiaci,
1251 2542 1352 2573 Tusc.
1363 2543 1427 2583 Qu.
1441 2545 1462 2575 i.
1471 2548 1521 2575 31.
1532 2546 1649 2577 incola:
1663 2547 1783 2578 insulae·

1037 2586 1148 2617 Lesbi.
1556 2589 1563 2595 ’

1084 2631 1210 2668 Letini,
1219 2630 1469 2662 inVer1·.iii.4.‘3.
1481 2631 1575 2663 Nulli
1588 2640 1680 2672 sunt,
1694 2634 1786 2674 quod

1041 2678 1186 2710 constet,
1204 2675 1239 2703 in
1259 2675 1373 2705 Sicilia
1392 2676 1513 2706 Letini.
1559 2677 1676 2717 Itaque
1694 2679 1783 2709 docti

1042 2719 1214 2757 conjecere
1236 2717 1418 2757 legendum
1435 2720 1553 2751 detini.
1587 2722 1676 2752 conf.
1699 2722 1786 2752 Har-

1044 2760 1138 2791 duin.
1159 2760 1202 2791 ad
1223 2761 1308 2792 Pliu.
1325 2763 1372 2793 iii.
1394 2766 1424 2794 8.
1445 2764 1529 2802 Legi
1550 2766 1652 2795 etiam
1674 2773 1788 2806 posset

1047 2805 1179 2842 Netini,
1211 2806 1268 2844 qui
1300 2806 1362 2847 ipsi
1396 2807 1547 2838 Ciceroni
1580 2809 1613 2839 iu
1639 2809 1787 2840 Vei-riuis

1046 2854 1291 2882 memorantur.
