1920 3196
239 129 241 131 ·
266 117 349 156 438

274 215 377 255 gitur,
415 211 638 253 stipendiarios
677 220 760 247 esse,
792 211 848 250 qui
881 215 1006 240 certam

275 257 455 297 quotannis
486 255 638 296 pecuniae
668 263 835 284 summam
865 254 1012 292 solvunt,

274 310 484 340 quaecunque
517 299 652 338 frugum
685 298 751 327 sive
784 298 917 328 ubertas
944 299 1010 327 sive

278 345 400 375 caritas
435 344 492 381 sit,
523 352 601 373 cum
630 341 749 380 reliqui
790 345 926 371 tantum
957 342 1013 370 dc-

278 398 394 418 cumas
422 391 479 417 aut
511 386 576 415 alia
611 384 786 422 vectigalia
819 385 913 421 dent,
936 394 1009 423 quae

279 432 408 462 incerta
423 433 514 467 sunt,
529 429 626 459 modo
643 429 780 467 majora,
798 427 896 458 modo
909 428 1015 457 mino-

279 485 329 512 ra,
357 485 414 514 pro
440 473 576 513 frugum
610 472 705 511 copia
727 474 786 501 aut
817 472 930 511 inopia
953 472 1012 500 ἃς.

279 519 407 557 hosque
438 527 508 547 esse
535 515 672 555 aequiori
703 514 793 554 jure,
824 524 923 553 quam
958 516 1015 544 sti-

273 562 470 602 pendiam'ns.
494 560 559 589 vid.
582 559 718 589 Hotom.
745 558 786 588 ad
810 557 902 588 Verr.
918 558 963 587 iii.
981 558 1012 587 G.

279 605 371 645 Lips.
399 604 543 643 Magnit.
566 603 646 633 Urb.
674 602 770 632 Rom.
794 602 827 631 ii.
844 603 875 632 ¹2.
900 602 1014 639 Cujac.

279 648 359 679 Obs.
376 649 430 679 vii.
446 651 477 678 3.
494 650 526 678 4.
549 646 698 685 AEquiori
722 650 835 675 autem
860 644 917 675 illo
937 646 1014 682 jure

279 695 427 722 utuntur
452 691 544 727 socii,
561 689 718 728 iniquior-i
744 689 861 725 altero,
879 688 964 718 bello
982 692 1016 717 et

279 736 312 765 vi
336 735 444 773 victi,
469 734 557 764 unde
575 734 609 763 in
636 732 748 762 Caecil.
773 736 803 762 3.
823 733 1016 771 junguntur

280 779 361 809 socii
377 778 642 819 stipendiariique
653 786 729 816 pop.
746 776 786 806 R.
832 776 895 804 Sed
910 776 1016 805 exori-

281 825 339 852 tur
365 821 544 852 difficultas
570 820 722 859 quaedam
750 830 790 849 ex
806 819 933 849 duobus
950 818 1014 848 illis

279 864 373 900 locis.
407 866 496 896 Nam
523 865 558 895 in
581 863 689 904 primo
713 862 814 893 Siculi
845 872 864 892 a
889 863 1016 902 stipen-

282 909 394 939 diariis
419 909 686 948 distinguuntur,
714 907 748 936 in
775 907 880 936 altero
905 906 942 935 iis
959 906 1016 935 ad-

283 957 516 983 numerantur.
564 951 613 981 Ea
636 950 766 980 videtur
781 950 827 980 sic
843 949 915 979 tolli
943 960 1017 989 pos-

281 1006 329 1027 se.
374 997 452 1027 Non
469 1004 584 1026 omnes
602 993 751 1033 ejusdem
774 994 952 1033 provinciae
970 994 1015 1022 ci-

282 1041 403 1070 vitates
429 1039 545 1069 eodem
562 1038 640 1077 jure
664 1040 777 1067 erant:
802 1037 861 1067 sed
877 1036 949 1066 aliae
966 1046 1017 1066 so-

284 1084 358 1121 ciae,
373 1083 461 1122 quod
477 1093 510 1113 se
527 1085 644 1123 sponte
661 1082 695 1111 in
713 1081 812 1111 fidem
826 1081 922 1111 Rom.
940 1089 1018 1110 con-

282 1127 453 1165 tulissent,
484 1131 543 1156 aut
578 1135 644 1155 non
675 1125 732 1155 diu
761 1128 1017 1164 repugnassent,

283 1171 357 1201 aliae
374 1181 442 1201 non
462 1171 557 1207 item,
574 1178 647 1208 quae
674 1168 840 1199 hostiliter
855 1168 896 1198 ad
912 1171 1018 1197 extre-

285 1224 380 1244 mum
398 1224 431 1244 se
458 1215 649 1253 gessissent.
694 1212 776 1242 Aliae
802 1211 926 1249 liberae,
945 1211 1018 1241 aliae

285 1267 353 1288 non
369 1259 450 1287 item
467 1270 472 1286 z
499 1257 572 1287 aliae
590 1257 771 1293 immunes,
784 1255 856 1285 aliae
872 1255 1019 1293 vectiga-

286 1301 333 1332 les
346 1305 380 1331 et
391 1301 599 1337 decumanae,
610 1299 682 1329 aliae
691 1299 928 1339 stspendiariae.
942 1298 1019 1328 «Iam

285 1355 363 1375 cum
391 1345 425 1374 in
442 1344 556 1374 Sicilia
581 1353 712 1382 quoque
729 1343 826 1372 urbes
852 1348 964 1372 essent
990 1342 1019 1371 vi

281 1389 394 1426 *ictae,
410 1392 450 1418 ut
466 1389 634 1428 Syracusae
649 1398 658 1424 ;
684 1391 733 1416 est
748 1386 901 1423 fortasse,
918 1391 957 1415 ut
970 1385 1022 1415 hae

285 1431 511 1472 stipendiariae
521 1431 658 1461 fuerint.
680 1440 756 1460 nam
781 1432 970 1470 Syracusas,
988 1433 1023 1458 et

284 1485 374 1514 quae,
390 1475 441 1505 his
469 1474 680 1514 expugnatis,
705 1478 798 1503 metu
822 1484 856 1503 se
881 1473 1023 1503 dedidis-

284 1524 375 1556 sent,
392 1519 506 1549 durius
522 1518 651 1548 habitas
667 1527 750 1553 esse,
767 1516 949 1556 locupletes
967 1528 1024 1546 au-

285 1569 393 1593 ctores
417 1562 512 1593 affert
538 1562 649 1600 Sigon.
673 1561 711 1591 A.
735 1561 765 1590 J.
786 1561 935 1590 Provinc.
954 1561 975 1590 i.
992 1564 1024 1592 3.

283 1616 490 1646 quamquam
507 1616 547 1635 ex
562 1606 655 1635 Vei-r.
674 1605 719 1634 iii.
737 1605 767 1634 6.
793 1604 905 1643 colligi
929 1614 1022 1644 posse

281 1650 429 1687 effletur,
447 1650 548 1679 etiam
564 1650 594 1678 vi
611 1649 713 1678 victas
727 1652 860 1677 tautum
879 1649 1023 1686 vectiga-

284 1693 333 1724 les
362 1693 474 1724 fuisse.
499 1694 531 1723 Si
562 1693 693 1722 brevius
718 1695 752 1721 te
779 1691 932 1731 expedire
960 1693 1021 1729 vis,

287 1738 510 1777 stipendiarios
533 1736 692 1766 confundi
710 1745 786 1765 cum
805 1735 1021 1774 vectigalibus

287 1781 413 1811 credas.
460 1781 559 1811 Certe
576 1780 694 1810 Ascon.
713 1779 753 1809 ad
769 1779 844 1810 Div.
860 1779 894 1808 in
911 1779 1023 1808 Caecil.

286 1824 309 1854 l.
329 1835 357 1854 c.
373 1825 596 1864 stipendiarios
620 1824 874 1862 interpretatur,
904 1823 1023 1860 quibus

287 1869 429 1906 vectigal
454 1868 649 1908 impositum
676 1871 738 1896 est.
759 1866 875 1896 Burin.
895 1866 934 1895 de
962 1866 1025 1896 Ve-

288 1911 402 1950 ctigal.
419 1922 450 1951 p.
469 1913 498 1941 ⁶2.
519 1911 633 1941 laudat
650 1910 688 1940 de
706 1910 767 1940 liae
784 1920 818 1939 re
848 1909 1023 1948 Cujacium

286 1954 308 1986 l.
322 1966 349 1985 c.
367 1955 425 1985 sed
438 1955 482 1985 ibi
500 1954 583 1984 nihil
598 1954 637 1983 de
656 1954 716 1984 hac
732 1953 936 1983 confusione.

333 1998 551 2038 Stipendium,
568 2007 639 2027 esse
655 1997 843 2027 mercedem
865 1997 1026 2035 militum,

287 2045 325 2072 et
344 2041 488 2082 vectigal
503 2046 632 2072 certum
648 2041 847 2081 populorum
870 2040 958 2070 bello
980 2042 1027 2070 vi-

289 2090 436 2123 ctorum,
459 2086 539 2116 satis
564 2089 682 2115 notum
700 2089 762 2114 est.
801 2084 830 2113 A
853 2084 952 2124 priori
985 2085 1028 2114 si-

291 2129 507 2167 gnificatione
534 2129 640 2159 oritur
669 2128 829 2164 illa‚cu1n
859 2128 1028 2167 stipendia

289 2173 451 2203 dicuntur
463 2173 541 2202 anni
559 2172 701 2202 militiae.
716 2170 834 2201 Manil.
850 2175 881 2205 9.
899 2172 955 2209 qui
971 2173 1027 2201 sti-

283 2217 414 2256 pendiis
438 2216 598 2246 confectis
623 2220 738 2245 erant:
766 2215 796 2244 h.
825 2224 852 2243 e.
881 2216 1026 2252 emeriti,

289 2261 346 2298 qui
363 2260 529 2299 legitimos
554 2269 657 2289 annos
682 2258 862 2288 militarem
890 2268 1026 2298 operam

288 2303 432 2343 reipubl.
460 2303 699 2344 praestiterant.
739 2301 817 2331 hinc
854 2301 1028 2340 eleganter

291 2346 375 2377 Cato
395 2350 444 2377 14.
468 2347 608 2376 emerita
621 2346 782 2386 stipendia
808 2345 950 2375 libidinis
968 2346 1027 2377 &a

290 2389 330 2420 de
348 2391 481 2420 senibus
504 2390 596 2420 dicit.
622 2399 721 2429 quem
738 2388 875 2418 modum
891 2388 1028 2426 loquen-

290 2433 322 2464 di
340 2434 498 2465 rariorem
516 2443 599 2471 esse,
616 2438 706 2463 recte
722 2432 874 2462 observat
897 2432 1029 2464 Faccio-

288 2477 392 2515 latus,
403 2488 433 2508 v.
451 2487 479 2506 c.
492 2487 568 2508 cum
584 2477 741 2507 emeritos
757 2475 880 2505 milites
896 2477 1028 2516 proprie

290 2521 453 2557 dicamus,
471 2529 537 2550 non
555 2520 697 2550 emerita
718 2519 889 2559 stipendia.
936 2521 1029 2550 Dici-

288 2568 348 2595 tur
372 2568 407 2594 et
433 2564 472 2594 de
490 2565 644 2604 pecunia,
675 2573 748 2602 quae
776 2562 1027 2601 magistratibus

288 2608 439 2648 provinc.
459 2606 664 2644 decernitur,
681 2611 719 2638 ut
734 2606 810 2638 Div.
827 2606 893 2636 viii.
916 2609 947 2636 4.
970 2609 1027 2637 sti-

283 2651 444 2691 pendium
462 2651 622 2691 Pompeii.

335 2695 453 2735 Stipes,
468 2694 567 2724 homo
579 2693 746 2733 strjpiduS,
765 2693 818 2731 qui
835 2703 880 2722 sc.
894 2698 1029 2733 propter

289 2743 460 2778 stuporem
487 2742 602 2768 mutus
618 2742 680 2766 est.
706 2736 786 2769 Har.
814 2736 853 2766 R.
877 2740 908 2767 3.
933 2741 1028 2776 stipes

288 2782 358 2818 ille,
376 2782 431 2821 qui
449 2791 590 2820 quorum
608 2780 783 2810 hominum
805 2784 903 2818 esset,
921 2782 1026 2811 nesci-

291 2835 415 2856 remus.
434 2825 521 2855 conf.
545 2828 621 2854 Seu.
636 2834 666 2863 p.
682 2823 762 2853 Red.
779 2823 809 2852 6.

332 2869 432 2909 Stips,
451 2868 595 2906 numuli,
609 2867 665 2906 qui
678 2877 698 2896 a
712 2866 937 2897 sacerdotibus
955 2877 1026 2898 cor-

288 2917 451 2952 rogantur
476 2912 562 2950 Diis,
596 2917 654 2941 aut
680 2917 770 2941 certe
802 2911 836 2941 in
864 2910 1022 2942 honorem

776 122 921 151 INDEX
951 123 1246 152 LATlNl‘rATls.

1051 212 1198 242 Deorum
1218 211 1350 242 dantur.
1364 210 1445 250 Leg.
1458 212 1491 242 ii.
1507 216 1538 246 9.
1552 211 1674 252 praet'er
1686 211 1783 242 ldaeae

1053 256 1169 284 matris
1187 255 1340 292 famulos,
1351 264 1470 294 cosque
1481 256 1582 295 justis
1597 256 1725 293 diebus,
1742 266 1785 286 ne

1052 299 1125 337 quis
1141 300 1254 337 stipem
1272 299 1393 337 cogito.
1417 299 1494 329 ibid.
1521 300 1570 330 16.
1593 302 1705 340 stipem
1731 309 1787 329 su-

1052 341 1221 379 stulimus,
1254 342 1316 371 nisi
1344 351 1431 378 cam,
1458 353 1556 381 quam
1588 343 1628 373 ad
1661 352 1785 383 paucos

1053 385 1121 414 dics
1139 385 1307 425 propriam
1334 385 1429 415 ldaeae
1447 387 1562 416 matris
1579 387 1800 426 excepimus.¹

1054 427 1177 467 Implet
1188 429 1278 457 enim
1294 429 1527 468 superstitione
1540 431 1667 460 animos
1679 435 1713 459 et
1729 439 1787 459 ex-

1054 471 1165 501 haurit
1181 471 1305 502 domos.
1324 472 1364 502 de
1378 474 1456 512 stipe
1469 474 1582 503 matris
1602 473 1697 503 Idaeae
1719 472 1786 503 vid.

1051 515 1199 544 Turncb.
1218 515 1259 545 ad
1281 516 1314 545 h.
1343 516 1363 546 l.
1394 516 1433 545 de
1456 527 1548 547 more
1574 517 1669 556 stipis
1694 515 1786 545 colli-

1053 558 1170 595 gendze
1186 559 1259 589 Diis
1275 560 1309 589 iu
1321 560 1514 590 universum
1530 566 1643 591 autem
1662 560 1785 600 Cuper-

1053 602 1131 631 obs.
1149 602 1194 631 iii.
1211 605 1242 632 4.

1098 645 1273 684 StIpulari.
1290 650 1341 675 est
1356 646 1559 685 interrogare
1576 647 1718 678 alterum
1735 657 1787 677 so-

1054 688 1158 718 lemni
1185 689 1339 719 formula.
1364 700 1405 719 an
1430 691 1510 720 velit
1540 691 1633 721 nobis
1662 690 1788 729 aliquid

1053 731 1220 771 polliceri,
1234 738 1391 772 praestare
1409 734 1471 763 δίο.
1488 743 1518 763 ν.
1534 744 1563 764 e.
1581 734 1788 774 Spondesne,

1054 781 1088 804 te
1107 776 1166 805 ἃς.
1185 776 1362 816 respondet
1378 786 1455 816 ergo
1473 779 1514 817 τῷ
1535 778 1706 817 spondere.
1731 778 1788 816 qui

1055 818 1251 858 interrogat,
1264 820 1423 859 postulat,
1440 821 1620 859 stipulatur
1632 833 1641 850 .·
1666 822 1720 860 qui
1738 831 1790 851 re-

1053 862 1208 901 spondet,
1224 863 1413 903 pollicetur,
1430 864 1529 902 jubet
1550 865 1609 894 διο.
1636 865 1790 904 spondet.

1055 916 1084 935 ν.
1101 906 1257 946 spondeo.
1273 907 1367 937 Rosc.
1382 907 1474 937 Com.
1488 910 1519 937 4.
1543 908 1709 946 reliquum
1726 911 1789 945 est,

1055 954 1095 979 ut
1111 951 1307 990 stipulatum
1324 961 1357 980 se
1381 960 1451 980 esse
1468 951 1601 981 dicat—
1615 953 1792 992 stipulatus

1057 994 1121 1023 es?
1149 993 1231 1023 ubi?
1259 1004 1324 1033 quo
1355 995 1544 1034 praesente?
1581 995 1623 1025 cf.
1652 995 1787 1036 stipula-

1055 1037 1115 1066 tio.

1102 1080 1288 1120 SMpuIatio,
1305 1085 1355 1111 est
1372 1082 1589 1121 interrogatio
1612 1092 1650 1112 ex
1667 1082 1792 1112 formu-

1057 1124 1090 1154 la
1118 1124 1272 1162 solemni,
1303 1135 1368 1163 qua
1397 1125 1620 1165 postulamus,
1645 1125 1791 1165 aliquem

1058 1168 1233 1208 spondere,
1254 1168 1447 1205 fidejubere,
1460 1169 1621 1209 polliceri,
1639 1170 1715 1199 dare
1732 1170 1792 1200 ἃς.

1058 1221 1155 1250 quam
1185 1212 1240 1241 ubi
1262 1220 1378 1241 secuta
1394 1218 1446 1243 est
1463 1214 1608 1252 sponsio,
1625 1213 1795 1252 fidejussio

1061 1256 1120 1285 ἃς.
1144 1255 1302 1294 obligatio
1328 1256 1445 1286 oritur.
1469 1256 1565 1287 Rosc.
1590 1257 1627 1287 C.
1658 1259 1708 1287 12.
1733 1267 1794 1287 cur

1060 1304 1128 1328 tam
1149 1300 1300 1338 imperite
1318 1299 1411 1336 facit,
1427 1304 1465 1329 ut
1482 1309 1543 1330 nec
1562 1301 1720 1331 Roscium
1737 1302 1794 1331 sti-

1054 1344 1222 1382 pulatione
1238 1342 1353 1381 alliget
1370 1343 1429 1373 ἃς.
1454 1343 1577 1374 Caec‘m.
1594 1347 1642 1375 18.
1657 1345 1795 1383 stipula-

1059 1387 1156 1416 tiones
1172 1386 1340 1416 infirmare
1356 1392 1414 1416 aut
1427 1387 1622 1418 convellere.
1645 1388 1714 1418 Att.
1730 1388 1795 1418 xvi.

1066 1433 1114 1460 11.
1139 1431 1201 1459 etsi
1217 1431 1441 1470 stipulationes
1467 1431 1614 1461 nondum
1636 1431 1794 1470 legeram.

1062 1474 1142 1512 Leg.
1160 1473 1193 1503 ii.
1210 1476 1262 1504 21.
1279 1478 1319 1503 ut
1330 1484 1368 1502 ea
1378 1475 1519 1513 pecunia
1533 1485 1573 1505 ex
1589 1476 1795 1514 stipulatione

1062 1517 1233 1547 debeatur.
1246 1517 1285 1546 de
1296 1518 1566 1557 stipulationibus.
1582 1519 1647 1549 vid.
1656 1518 1796 1549 SalmaS.

1063 1561 1150 1590 mod.
1174 1561 1274 1591 Usur.
1292 1571 1320 1591 c.
1342 1562 1390 1591 16.
1426 1561 1596 1592 Formulas
1617 1564 1797 1601 stipulatio·

1061 1614 1141 1634 num
1158 1604 1257 1634 habes
1274 1614 1326 1644 ap.
1342 1605 1436 1635 Varr.
1451 1605 1490 1636 R.
1507 1607 1545 1637 R.
1562 1607 1596 1636 ii.
1608 1608 1640 1643 2,
1657 1606 1687 1636 6.
1705 1609 1736 1637 5.
1763 1609 1796 1644 5,

1106 1691 1397 1731 Stipulatiuncula.
1420 1692 1477 1722 Or.
1506 1693 1526 1722 i.
1558 1695 1610 1724 38.
1632 1693 1797 1733 stipulati-

1064 1738 1188 1766 uncula
1204 1735 1322 1775 decipi.

1109 1779 1305 1818 Stipulatus,
1333 1779 1452 1817 adject.
1482 1780 1619 1820 passive.
1643 1780 1740 1811 Rosc.
1758 1780 1797 1811 C.

1064 1825 1094 1853 5.
1120 1823 1262 1862 pecunia
1276 1824 1444 1863 stipulata.

1111 1866 1232 1906 Stirps,
1243 1867 1444 1906 principium
1458 1866 1799 1907 rei,funda1nentum.

1067 1909 1148 1940 Coel.
1178 1913 1231 1941 32.
1267 1910 1401 1939 firmata
1423 1911 1494 1950 jam
1526 1912 1627 1950 stirpe
1654 1911 1800 1942 virtutis.

1066 1953 1147 1992 Leg.
1165 1954 1185 1984 i.
1203 1955 1232 1984 6.
1258 1960 1404 1993 repetam
1421 1955 1553 1993 stirpem
1564 1954 1649 1993 juris
1666 1965 1685 1984 a
1700 1959 1800 1986 natu-v

1066 2007 1111 2026 ra.
1140 1998 1207 2027 Fin.
1226 1997 1266 2027 iv.
1293 2001 1323 2028 ΕΞ.
1346 1997 1459 2028 differo
1475 2007 1547 2027 eam
1565 2002 1708 2037 partem,
1724 2008 1800 2037 quae

1064 2048 1115 2070 est
1134 2041 1226 2080 quasi
1243 2042 1340 2080 stirps
1365 2041 1463 2081 hujus
1494 2042 1694 2080 quaestionis.
1718 2041 1737 2059 ²*
1751 2041 1802 2072 fa-

1067 2084 1172 2121 milia,
1189 2085 1405 2124 distinguitur
1428 2094 1447 2114 a
1468 2090 1580 2123 gente.
1609 2085 1665 2115 Or.
1697 2085 1718 2114 i.
1745 2088 1802 2119 39.

1067 2127 1231 2165 Marcelli,
1249 2128 1289 2158 ab
1314 2128 1425 2159 liberti
1450 2128 1531 2165 filio,
1547 2130 1645 2168 stirpe
1669 2127 1799 2159 Claudii

1068 2171 1217 2209 ejusdem
1248 2172 1405 2210 nominis,
1436 2171 1657 2202 hereditatem
1698 2178 1800 2211 gente

1068 2215 1110 2244 ad
1125 2225 1159 2245 se
1177 2215 1324 2252 rediisse,
1341 2216 1506 2246 dicebant.
1522 2225 1551 2245 v.
1569 2216 1668 2246 Gens.

1111 2259 1213 2289 Stolo.
1237 2259 1320 2289 Phil.
1333 2260 1366 2289 ii.
1388 2262 1434 2289 18.
1458 2260 1607 2289 sumsisti
1626 2264 1739 2298 togam
1753 2259 1801 2289 vi-

1067 2301 1177 2339 rilem,
1194 2313 1294 2341 quam
1320 2303 1436 2333 statim
1460 2302 1657 2333 muliebrem
1683 2304 1800 2333 stolam

1068 2345 1251 2376 reddidisti.
1275 2356 1478 2386 quamquam
1502 2346 1546 2376 ibi
1571 2347 1718 2376 Graevius
1742 2345 1802 2375 ha-

1067 2389 1125 2419 bet
1140 2404 1146 2420 :
1171 2394 1296 2428 togam.
1327 2390 1390 2420 Sed
1424 2390 1457 2419 in
1491 2392 1571 2419 stola
1601 2390 1719 2420 melior
1749 2394 1802 2420 est

1068 2434 1244 2472 oppositio,
1274 2433 1351 2463 ibid.
1382 2435 1496 2464 stolam
1520 2433 1598 2463 dare
1629 2433 1669 2463 de
1699 2442 1800 2473 spon<

1069 2485 1115 2507 so.

1114 2520 1269 2556 Stolidus,
1285 2520 1386 2556 iners,
1404 2519 1487 2550 nihil
1512 2529 1625 2559 agens,
1643 2523 1681 2550 ut
1696 2524 1799 2557 terra,

1066 2563 1207 2602 lignum.
1231 2563 1314 2603 Top.
1346 2566 1394 2593 15.
1419 2563 1502 2594 nihil
1525 2573 1639 2603 agens,
1662 2567 1697 2593 et
1722 2573 1803 2602 quo-

1064 2606 1242 2639 dammodo
1257 2607 1419 2637 stolidum.

1114 2650 1318 2687 Stomachus,
1346 2660 1380 2680 os
1407 2655 1442 2680 et
1471 2650 1581 2680 aditus
1610 2649 1799 2680 ventriculi.

1068 2694 1148 2724 Nat.
1173 2695 1217 2724 D.
1235 2694 1268 2724 ii.
1294 2697 1346 2725 54.
1370 2693 1518 2733 linguam
1532 2700 1644 2724 autem
1659 2694 1701 2723 ad
1717 2694 1803 2723 radi-

1067 2747 1120 2767 ces
1143 2737 1214 2775 ejus
1237 2738 1366 2767 haerens
1383 2738 1506 2777 excipit
1527 2738 1720 2774 stomachus,
1736 2747 1804 2776 quo

1066 2781 1211 2820 primum
1251 2780 1436 2813 illabuntur
1476 2791 1526 2818 ea,
1560 2790 1633 2820 quae
1665 2785 1805 2819 accepta

1066 2828 1148 2854 sunt
1163 2834 1218 2854 ore
1234 2825 1292 2855 διο.
1314 2824 1333 2843 ³*
1345 2825 1519 2862 ingenium
1531 2824 1674 2854 huminis
1691 2824 1803 2861 cujus-

1067 2877 1143 2905 que,
1167 2873 1226 2897 aut
1243 2868 1373 2898 animus
1388 2867 1422 2897 in
1439 2869 1536 2899 rebus
1550 2872 1610 2898 aut
1624 2866 1803 2908 probandis

1063 2916 1123 2942 aut
1152 2910 1367 2943 fastidiendis.
1392 2910 1433 2942 ad
1461 2910 1537 2943 Div.
1568 2912 1602 2944 ii.
1637 2911 1686 2943 16.
1710 2910 1804 2942 nosti
