1920 3196
228 92 312 130 430

230 189 397 221 sodalitas.
445 187 526 218 Coel.
557 190 590 221 7.
635 187 761 217 crimen
799 187 978 217 sodalium:

230 233 319 263 unde
349 232 485 261 verbum
518 230 736 261 criminosum
763 235 825 261 est.
866 231 978 261 Plane.

235 280 284 311 19.

276 319 450 355 sodalitas,
468 317 648 357 collegium
674 317 850 348 sodalium.
881 328 910 347 ν.
927 328 980 347 so-

232 363 325 394 dalis.
369 362 453 392 Cato
484 364 533 392 13.
569 362 755 391 sodalitates
780 365 893 391 autem
926 372 978 391 me

232 411 396 447 quaestore
428 406 621 435 constitutae
660 409 752 435 sunt.
799 405 893 434 Brut.
925 408 978 435 45.

231 452 332 481 homo
348 459 481 479 summa
501 449 688 486 nobilitate,
705 449 916 488 cognatione,
932 459 979 478 so-

231 495 381 529 dalitate,
413 493 563 531 collegio.
603 492 741 522 *coitio
782 491 895 521 Planc.
932 495 979 521 15.

232 548 292 579 per
320 538 406 567 hane
436 536 706 572 consensionem,
737 546 810 574 quae
842 535 980 565 honeste

233 581 338 621 magis
367 590 467 619 quam
495 590 583 616 vere,
610 581 763 610 sodalitas
792 580 982 609 nominare-

230 630 299 657 tur.
353 625 484 664 Nempe
516 623 574 652 illa
605 623 792 659 consensio,
820 626 858 652 ut
889 628 978 652 recte

233 668 397 704 Graevius,
421 667 522 697 coitio
548 671 620 696 erat
643 666 750 707 epulis
775 672 809 696 et
833 666 981 704 largitio-

232 713 330 742 nibus
368 715 620 742 contractorum
660 710 797 747 civium,
833 710 979 740 ambitus

232 766 345 791 causa,
370 760 408 785 ut
431 764 491 794 per
513 764 567 784 cos
590 754 697 784 tribus
726 763 979 793 corrumperen-

231 804 298 830 tur.
330 799 392 828 hoc
417 808 523 838 genus
547 798 774 827 consensionis
796 801 893 837 turpe
918 801 981 834 est,

232 842 389 873 sodalitas
406 847 520 882 autem
539 841 691 871 honesta.
737 841 855 880 ltaque
879 841 981 870 hone-

231 892 321 917 stum
349 896 471 916 nomen
496 886 541 915 rei
564 886 656 925 turpi
681 885 851 914 tribuitur.
879 883 922 913 cf.
940 884 979 914 ad

232 931 296 971 Qu.
323 931 373 961 Fr.
392 930 426 960 ii.
450 933 481 960 3.
514 932 532 950 2¹*
547 928 757 958 necessitudo
780 929 869 958 inter
891 938 982 966 quae-

230 981 356 1005 storem
373 978 408 1003 et
423 973 583 1011 legatum.
609 973 740 1002 Verrin.
758 973 779 1002 i.
797 975 850 1006 37.
873 972 930 1002 abs
947 978 981 1002 te

231 1019 341 1049 officia
354 1018 535 1047 sodalitatis
552 1016 693 1054 flagitet.

277 1062 488 1097 sodalitium,
515 1060 686 1097 sodalitas,
713 1060 825 1090 coitio.
866 1058 980 1089 Plane.

237 1109 286 1136 15.
318 1106 387 1136 Lex
412 1104 556 1139 Licinia,
571 1113 645 1142 quae
670 1108 721 1134 est
747 1103 787 1133 de
813 1103 979 1133 sodalitiis.

232 1159 263 1179 v.
290 1148 364 1178 Ind.
381 1148 462 1186 Leg.
487 1151 521 1177 et
544 1147 706 1178 Budaeum
732 1147 752 1177 l.
778 1157 808 1176 c.
837 1147 981 1176 *convi-

232 1194 323 1223 vium
344 1193 520 1222 sodalium.
554 1191 678 1222 Heren.
695 1191 736 1221 iv.
755 1193 807 1221 51.
839 1190 931 1220 venit
947 1191 979 1220 in

232 1237 320 1267 aedes
337 1236 510 1275 quasdam,
524 1235 559 1265 in
576 1235 695 1274 quibus
711 1235 897 1265 sodalitium
910 1239 983 1264 erat

232 1280 349 1310 eodem
367 1279 419 1309 die
436 1279 602 1309 futurum.

277 1324 341 1354 Sol.
373 1324 467 1354 Brut.
485 1327 517 1357 9.
547 1326 756 1362 processerat
778 1321 813 1351 in
829 1323 923 1351 solem
948 1324 983 1351 et

233 1368 417 1408 pulverem,
443 1376 510 1396 non
543 1370 582 1395 ut
609 1376 626 1394 e
657 1365 795 1395 militari
826 1365 983 1395 taberna-

232 1412 322 1449 culo,
339 1411 397 1441 sed
422 1415 461 1440 ut
484 1420 502 1439 e
525 1408 749 1449 Theophrasti
766 1408 982 1438 umbraculis.

232 1456 272 1486 de
295 1455 416 1485 umbra
439 1458 474 1484 et
496 1453 701 1484 umbraculis
726 1463 785 1482 suo
811 1453 894 1482 loco.
925 1454 983 1490 sol,

232 1509 310 1529 cum
328 1498 457 1529 umbrae
481 1497 678 1538 opponitur,
696 1497 880 1536 significat,
897 1497 931 1526 in
949 1507 982 1527 re

232 1542 384 1579 militari,
409 1551 553 1582 pugnas,
578 1540 692 1580 praelia
713 1550 804 1577 vera,
828 1550 901 1579 quae
925 1550 984 1580 op-

231 1589 406 1628 ponuntur
433 1584 732 1615 exercitationibus
761 1584 982 1614 militaribus:

232 1632 266 1661 in
300 1630 446 1660 oratoria
477 1632 604 1666 autem,
632 1628 800 1658 orationes
832 1627 867 1657 in
899 1627 984 1665 foro,

233 1678 293 1704 aut
321 1673 550 1709 concionibus,
578 1681 652 1710 quae
681 1675 901 1712 opponuntur
928 1671 985 1701 de—

232 1717 504 1754 clamationibus,
522 1716 554 1746 h.
570 1726 599 1746 e.
616 1715 835 1753 orationibus,
853 1725 926 1753 quae
944 1715 984 1745 de

230 1762 331 1792 rebus
349 1762 437 1791 fictis
461 1760 712 1790 exercitationis
736 1769 837 1789 causa
860 1759 985 1789 haben-

232 1810 291 1836 tur
314 1806 349 1835 in
373 1805 497 1835 schola.
528 1804 646 1834 *Mun
669 1806 717 1833 14.
745 1803 842 1832 cedat
867 1803 986 1833 umbra

233 1851 310 1880 soli.-
334 1849 367 1879 h.
385 1847 695 1888 e.jurisprudentia
711 1847 758 1876 rei
775 1846 926 1876 militari.

279 1893 462 1930 Solarium,
487 1890 710 1930 horologium,
733 1890 879 1930 proprie,
897 1889 985 1929 quod

234 1936 312 1967 solis
329 1937 429 1967 radiis
451 1940 586 1975 tempus
611 1935 766 1971 metitur,
784 1934 841 1964 sed
866 1934 985 1964 deinde

233 1981 351 2017 etiam,
369 1979 458 2019 quod
480 1989 568 2018 aqua
590 1978 677 2008 idem
706 1978 798 2007 facit.
844 1978 986 2009 Utrum,-

234 2034 299 2064 que
331 2033 438 2063 genus
465 2023 665 2062 exprimitur
691 2021 771 2051 Nat.
799 2021 842 2052 D.
871 2022 904 2051 ii.
932 2024 986 2052 34.

233 2070 393 2099 solarium
416 2067 468 2097 vel
491 2066 698 2106 descriptum
727 2068 788 2105 (sc.
804 2064 914 2101 lineis)
935 2065 986 2095 vel

234 2123 274 2142 ex
299 2122 398 2151 aqua,
415 2121 481 2149 quo
506 2110 595 2140 horae
621 2109 846 2139 declarantur.
893 2109 986 2139 Sola-

233 2158 324 2186 rium
353 2156 470 2186 Romae
494 2154 560 2184 fuit
585 2154 619 2183 in
646 2153 728 2183 foro.
776 2152 879 2189 Hinc,
904 2163 985 2192 quo-

234 2201 327 2230 niam
351 2200 386 2229 in
401 2198 473 2228 soro
497 2198 651 2228 homines
670 2197 786 2227 urbani
805 2197 893 2226 circa
918 2207 987 2226 me-

232 2243 353 2274 ridiem
385 2242 643 2278 conveniebant,
674 2240 797 2280 partim
836 2241 988 2279 negotio-

235 2297 323 2324 rum,
354 2286 508 2326 inprimis
545 2284 830 2325 pecuniariorum,
861 2285 985 2324 partim

231 2331 293 2361 otii
325 2329 463 2360 fallendi
500 2339 613 2366 causa,
644 2333 683 2358 ut
719 2334 922 2357 mercatores
951 2328 986 2357 in

234 2374 406 2414 emporiis,
429 2374 463 2402 iu
489 2372 562 2403 fora
585 2382 659 2408 sua,
683 2381 764 2410 quas
791 2372 905 2401 bursas
930 2381 986 2400 vo-

235 2422 325 2455 cant,
359 2421 393 2447 et
424 2416 546 2456 Lipsiae
579 2415 705 2445 nobiles
736 2414 871 2454 aliique,
898 2422 988 2444 tem-

234 2471 314 2503 pore
338 2465 521 2497 mercatus,
540 2461 573 2489 in
599 2459 836 2499 Compluvium
862 2459 985 2488 aedium

234 2505 545 2542 Aurobacensium3
582 2503 660 2533 hinc
687 2512 767 2541 ergo
798 2503 888 2531 inter
917 2512 987 2532 mo-

234 2550 293 2580 dos
319 2550 398 2578 vitae
423 2548 570 2577 suaviter
595 2547 833 2586 eleganterque
864 2546 986 2575 transi-

235 2591 354 2633 gendae
394 2591 539 2621 refertur
576 2590 618 2620 ad
658 2591 816 2621 solarium
862 2590 986 2619 venire.

234 2637 354 2677 Quint.
383 2638 432 2666 18.
465 2635 549 2665 vixit
575 2644 709 2674 semper
734 2633 860 2664 inculte
885 2638 986 2672 atque

235 2679 392 2718 horride;
416 2683 540 2709 natura
553 2679 643 2708 tristi
662 2688 699 2707 ac
717 2677 890 2707 recondita
902 2677 987 2707 fuit:

237 2734 305 2754 non
323 2723 365 2754 ad
379 2724 550 2759 solarium,
568 2731 633 2752 non
659 2722 694 2751 in
719 2731 851 2760 camp0‚
869 2730 935 2750 non
954 2721 988 2750 in

236 2767 395 2798 conviviis
420 2770 569 2796 versatus
597 2770 660 2795 est.
699 2765 739 2794 ad
767 2764 918 2794 Herenn.
946 2765 988 2794 iv.

239 2815 288 2844 10.
328 2811 376 2840 ita
405 2809 564 2850 petulans
588 2819 622 2839 es
647 2812 747 2847 atque
771 2818 860 2845 acer,
884 2811 923 2838 ut
946 2818 988 2838 ne

235 2855 278 2886 ad
305 2856 465 2885 solarium
492 2852 628 2892 quidem
655 2852 808 2889 idoneus,
836 2856 875 2881 ut
905 2851 988 2882 mihi

236 2899 382 2935 videtur,
409 2897 467 2928 sed
489 2907 575 2937 pone
606 2905 742 2927 scenam
772 2900 806 2925 et
839 2896 873 2926 iu
902 2895 990 2935 ejus-

771 99 917 127 INDEX
948 100 1083 128 LA'rrN
1090 99 1246 128 ITATIS.

1025 188 1113 218 modi
1130 187 1210 218 locis
1226 187 1427 217 exercitatus
1440 186 1495 216 sis.
1524 185 1717 226 Respicitur
1728 185 1772 216 ad

1023 242 1078 261 eos
1096 232 1259 268 homines,
1278 231 1333 269 qui
1351 229 1473 260 assidui
1490 230 1525 260 in
1544 229 1616 260 foro
1631 229 1672 259 ad
1687 228 1773 259 sola-

1024 276 1109 305 rium
1135 284 1194 314 pro
1220 274 1333 304 rostris
1360 279 1469 311 erant,
1493 274 1549 312 qui
1581 273 1650 303 sere
1673 276 1772 302 erant

1024 319 1174 349 homines
1196 318 1327 353 urbani,
1346 317 1378 347 h.
1398 327 1427 347 e.
1451 317 1574 347 salibus
1599 315 1773 346 abundan-

1023 368 1074 392 tes
1092 366 1125 391 et.
1140 361 1284 391 dicteriis
1302 360 1381 391 alios
1398 361 1616 397 incessentes,
1633 368 1770 397 scurrae,

1024 415 1053 435 v.
1071 405 1214 435 Gronov.
1232 405 1271 434 dc
1289 406 1373 435 Sest.
1391 404 1432 434 iv.
1449 409 1480 438 9.
1497 415 1529 444 p.
1545 408 1619 435 313.
1636 413 1682 442 sq.
1717 403 1770 433 Ne

1026 449 1066 478 ad
1094 448 1252 478 solarium
1280 448 1415 487 quidem
1444 448 1582 477 idoneus
1606 457 1684 486 ergo
1708 450 1773 483 est,

1026 493 1125 522 nimis
1142 491 1288 522 scurrilis
1305 495 1339 521 et
1360 492 1528 529 mimicus,
1547 492 1594 520 ita
1617 491 1650 520 in
1668 490 1771 519 dicte-

1027 537 1080 565 riis
1109 536 1286 575 impudcns
1311 540 1345 565 et
1369 545 1457 571 acer,
1484 539 1520 564 ut
1546 534 1639 564 mimi
1664 540 1698 563 et
1723 532 1773 563 hi-

1025 580 1167 609 striones
1196 580 1230 609 iu
1258 589 1368 609 scena.
1415 578 1479 608 Sed
1505 577 1587 608 illud
1617 577 1773 608 solarium

1027 623 1061 652 in
1088 623 1158 652 foro
1186 623 1226 652 ad
1252 633 1331 652 usus
1359 631 1555 652 communes
1582 621 1648 651 fuit
1673 630 1775 660 aqua·

1027 667 1126 696 rium.
1172 667 1258 697 Nam
1288 666 1416 696 Plinius
1442 666 1503 695 sub
1526 670 1618 695 tecto
1642 666 1774 695 stetisse

1026 710 1074 740 ait
1090 710 1144 739 vii.
1162 716 1245 740 extr.
1273 716 1308 739 et
1324 719 1410 748 aqua
1433 709 1580 739 divisisse
1599 709 1706 738 noctis
1725 713 1774 737 at-

1027 764 1091 792 que
1108 754 1172 783 diei
1196 753 1306 791 horas,
1324 753 1582 791 dedicatumque
1607 753 1707 782 fuisse
1732 751 1773 780 ab

1027 797 1180 836 Scipione
1197 797 1319 827 Nasica
1336 807 1364 826 a.
1382 797 1423 826 U.
1441 804 1545 826 Dxcv.
1563 796 1618 826 cui
1634 804 1774 825 consen-

1025 842 1068 871 tit
1088 841 1290 876 Censorinus
1308 851 1336 870 e.
1354 842 1406 870 ¹23.

1072 885 1183 921 Soleoe,
1208 892 1289 914 sunt
1312 884 1415 913 calcei
1440 883 1633 920 mulierum,
1658 886 1692 912 et
1715 881 1774 911 ho-

1028 929 1158 958 minum
1176 927 1380 965 molliorum,
1394 926 1483 957 unde
1502 927 1616 957 Clodio
1632 930 1666 956 et
1680 925 1774 956 Verri

1026 972 1243 1010 objiciuntur.
1276 971 1357 1001 Har.
1381 971 1479 1010 Resp.
1504 973 1557 1001 ⁶21.
1591 972 1680 1000 soleoe
1702 979 1776 999 mu·

1027 1015 1157 1046 liebres.
1173 1015 1216 1045 cf.
1229 1015 1385 1045 soleatus.
1402 1014 1486 1044 Gell.
1500 1014 1567 1044 xiii.
1580 1016 1633 1044 ΞΟ.
1656 1014 1776 1043 *com-

1027 1060 1140 1100 pedes,
1159 1059 1308 1089 Herenn.
1327 1060 1348 1089 i.
1370 1062 1419 1090 13.
1450 1057 1626 1089 Malleolus
1644 1056 1779 1095 judica-

1026 1107 1080 1134 tus
1097 1107 1150 1133 est
1171 1108 1313 1133 matrem
1339 1112 1485 1132 necasse.
1517 1102 1547 1131 ei
1571 1101 1776 1131 damnato—

1025 1149 1115 1178 soleoe
1144 1147 1262 1185 ligueae
1290 1146 1429 1186 pedibus
1453 1145 1601 1175 indnctae
1625 1149 1718 1181 sunt,
1742 1148 1778 1175 et

1027 1192 1062 1221 in
1080 1201 1245 1220 carcerem
1265 1190 1386 1220 ductus
1403 1194 1466 1219 est.
1491 1189 1533 1219 cf.
1552 1188 1624 1219 InV.
1641 1189 1674 1218 ii.
1695 1191 1748 1219 50.

1071 1234 1230 1265 Solemus.
1259 1234 1353 1264 Verr.
1377 1243 1409 1263 v.
1434 1236 1486 1264 33.
1509 1233 1613 1263 'stetit
1638 1234 1775 1262 soleatus

1028 1284 1151 1318 praetor
1173 1277 1288 1318 populi
1313 1277 1457 1307 Romani
1481 1286 1557 1306 cum
1581 1275 1681 1316 pallio
1696 1284 1776 1315 pur-

1028 1332 1131 1362 pureo
1152 1322 1212 1352 &e.
1245 1322 1354 1351 Pison.
1372 1322 1402 1351 6.
1434 1320 1544 1350 nescio
1568 1330 1634 1359 quo
1657 1330 1674 1349 e
1698 1328 1777 1358 gur-

1028 1367 1139 1405 gustio
1165 1369 1198 1396 te
1226 1365 1370 1406 prodire,
1398 1363 1551 1395 involuto
1577 1364 1699 1404 capite,
1729 1372 1777 1393 so-

1028 1412 1172 1442 leatum:
1208 1418 1350 1448 quorum
1381 1413 1563 1446 utrumque
1593 1411 1666 1437 erat
1692 1406 1778 1437 indi-

1029 1454 1093 1491 cio,
1119 1454 1275 1483 Pisonem
1300 1456 1443 1492 potasse.
1487 1451 1576 1481 Nam
1604 1451 1639 1480 in
1664 1451 1776 1480 convi-

1029 1498 1089 1527 viis
1106 1496 1223 1527 soleati
1241 1501 1350 1533 erant,
1368 1501 1402 1526 et
1425 1501 1526 1536 caput
1550 1495 1722 1534 tegebant.
1747 1504 1779 1525 v.

1027 1540 1163 1571 Abram.
1181 1540 1221 1570 ad
1238 1540 1270 1570 h.
1286 1540 1307 1570 1.

1075 1584 1217 1621 Solidus,
1244 1585 1388 1622 integer,
1421 1583 1473 1612 cui
1507 1581 1554 1611 nil
1586 1581 1778 1612 detractum

1029 1632 1089 1658 est.
1122 1628 1233 1658 Rabir.
1250 1628 1338 1658 Post.
1359 1630 1408 1661 17.
1436 1626 1575 1656 solidum
1592 1635 1690 1656 suum
1709 1626 1782 1656 cui-

1030 1682 1093 1712 que
1107 1672 1243 1702 solvere.
1261 1672 1331 1702 Att.
1345 1671 1387 1700 vi.
1401 1673 1428 1701 l.
1446 1679 1548 1699 usura
1557 1670 1670 1699 solida.
1693 1669 1782 1709 *op-

1030 1717 1169 1756 ponitur
1191 1716 1293 1745 etiam
1311 1715 1414 1744 inani.
1446 1713 1557 1743 Pison.
1575 1715 1628 1743 ⁶25.
1658 1713 1779 1752 quibus

1030 1771 1070 1790 ex
1088 1760 1185 1790 rebus
1203 1759 1286 1789 nihil
1313 1765 1377 1795 est,
1392 1757 1480 1797 quod
1502 1758 1638 1787 solidum
1663 1761 1780 1787 tenere

1034 1804 1148 1844 possis.
1178 1803 1305 1842 *porro
1330 1801 1540 1837 adumbrato,
1555 1801 1662 1840 petita
1679 1811 1699 1831 a
1715 1804 1782 1831 sta-

1030 1848 1100 1877 tuis
1127 1846 1337 1887 metaphora,
1363 1855 1422 1886 pro
1450 1845 1634 1884 perfectus,
1657 1845 1784 1885 perspi-

1032 1901 1124 1921 cuus.
1156 1890 1256 1921 Tusc.
1275 1891 1321 1920 iii.
1338 1891 1369 1919 2.
1398 1888 1501 1919 solida
1524 1898 1575 1918 res
1599 1894 1633 1918 et
1649 1898 1782 1928 expres-

1032 1945 1082 1971 sa,
1111 1944 1178 1964 non
1206 1934 1416 1964 adumbrata.
1456 1931 1570 1962 Plane.
1600 1934 1650 1963 1⁶2.
1680 1933 1780 1962 solida

1033 1979 1158 2008 indicia
1184 1984 1219 2008 et
1247 1987 1414 2018 expressa.
1444 1976 1502 2006 Or.
1526 1976 1572 2005 iii.
1596 1976 1649 2006 ⁶26.
1680 1977 1782 2006 solida

1034 2022 1195 2059 suavitas,
1219 2027 1269 2051 est
1297 2031 1350 2057 ea,
1374 2029 1448 2059 quae
1472 2029 1510 2049 ex
1535 2020 1652 2049 assatis
1675 2020 1783 2050 carni-

1030 2067 1092 2096 bus
1109 2066 1246 2104 aliisque
1265 2065 1345 2095 cibis
1362 2063 1573 2094 solidioribus
1585 2063 1780 2103 percipitur.

1032 2111 1050 2129 ⁵*
1061 2120 1169 2140 verus.
1187 2109 1258 2139 Fin.
1269 2110 1290 2140 i.
1302 2111 1353 2139 21.
1369 2107 1470 2137 sol-ida
1483 2106 1625 2137 utilitas.
1641 2106 1781 2137 *Plano

1033 2158 1063 2185 8.
1089 2153 1227 2183 solidam
1242 2152 1469 2191 frequentiam
1486 2151 1721 2191 praebuerunt:
1747 2150 1781 2181 h.

1031 2208 1060 2228 e.
1079 2206 1191 2227 veram
1209 2201 1243 2226 et
1261 2205 1432 2235 magnam.

1078 2241 1270 2271 Solistimus.
1304 2239 1381 2270 Div.
1405 2239 1427 2268 i.
1450 2240 1500 2268 15.
1532 2237 1574 2268 ad
1596 2238 1674 2268 Div.
1690 2239 1733 2268 vi.
1751 2239 1782 2270 6.

1030 2285 1220 2324 tripudium
1244 2284 1448 2319 solistimum,
1469 2281 1594 2312 dicitur
1619 2282 1652 2311 in
1677 2292 1783 2321 augu-

1033 2328 1093 2359 rali
1110 2327 1298 2367 disciplina,
1317 2336 1394 2356 cum
1419 2324 1503 2366 pulli
1521 2336 1538 2355 e
1554 2335 1654 2365 cavea
1668 2326 1782 2356 emissi

1032 2373 1081 2402 ita
1108 2371 1200 2402 avide
1229 2373 1426 2411 pascuntur,
1451 2372 1490 2399 ut
1514 2369 1579 2399 offa
1601 2379 1642 2399 ex
1665 2379 1722 2400 ore
1746 2370 1781 2400 in

1029 2421 1154 2446 terram
1173 2415 1283 2445 cadat.

1077 2460 1265 2496 &ditat-lus,
1290 2458 1421 2488 unicus.
1452 2455 1524 2486 Inv.
1550 2457 1571 2486 i.
1588 2459 1642 2487 44.
1671 2458 1783 2488 solita·

1030 2505 1120 2533 rium
1137 2513 1175 2533 ac
1192 2512 1303 2533 rarum
1315 2501 1521 2539 judicatum.

1077 2547 1235 2584 Solantia,
1259 2545 1383 2575 dicitur
1404 2545 1445 2575 de
1469 2544 1521 2581 iis,
1545 2543 1602 2583 qui
1626 2547 1781 2584 potentes

1032 2591 1156 2620 amicos
1183 2599 1250 2620 non
1277 2589 1417 2619 habent.
1454 2588 1574 2627 Quint.
1602 2590 1630 2618 l.
1669 2588 1708 2618 de
1735 2588 1783 2617 vi-

1032 2634 1116 2664 duis.
1149 2633 1272 2664 Caecin.
1294 2636 1325 2664 5.
1357 2632 1397 2662 de
1421 2632 1532 2671 pueris
1556 2635 1650 2672 patre
1673 2631 1782 2671 priva-

1029 2678 1084 2708 tis.
1125 2678 1226 2708 Dom.
1253 2677 1305 2708 36.
1344 2676 1383 2705 de
1412 2676 1464 2712 iis,
1491 2685 1635 2714 quorum
1661 2675 1781 2705 domus

1032 2731 1098 2751 non
1127 2721 1327 2751 celebratur.
1365 2720 1423 2750 Or.
1446 2719 1467 2748 i.
1492 2721 1546 2749 45.
1576 2718 1616 2749 de
1644 2718 1780 2749 homine

1031 2764 1142 2801 nihili,
1158 2763 1284 2795 inutili.
1308 2763 1380 2794 Att.
1397 2763 1452 2793 xii.
1472 2764 1522 2792 18.

1077 2807 1264 2846 solivagus,
1293 2806 1510 2837 solitudinem
1542 2814 1698 2844 sequens,
1726 2815 1783 2836 ex—

1029 2856 1083 2882 tra
1105 2853 1302 2882 societatem
1324 2852 1450 2880 vivens.
1478 2849 1578 2880 Tusc.
1596 2859 1627 2879 ν.
1648 2851 1698 2880 13.
1724 2849 1782 2879 be-

1029 2897 1103 2927 stiae
1132 2897 1295 2935 solivagae,
1323 2898 1545 2935 congregatae.
1584 2892 1649 2923 Off.
1675 2893 1697 2923 i.
1723 2895 1778 2924 44.
