1985 3206
697 137 845 165 nzmzx
878 135 1160 164 nisi-omens.
1625 126 1701 162 133

181 225 275 258 BIur.
295 228 344 257 14.
361 225 400 256 de
418 226 515 257 Perse
537 226 741 268 triumphus.
763 226 863 256 Tusc.
884 236 915 256 v.

183 272 238 300 40.
256 269 336 308 quid
353 270 459 300 Persa:
478 271 700 310 responderit,
714 280 791 301 cum
809 271 843 300 in
856 270 916 300 tri·

183 313 312 353 umpho
329 313 404 343 duci
421 313 538 344 nollet.

230 356 272 388 L.
292 356 450 394 Paullus,
473 356 520 386 M.
544 356 578 387 F.
605 357 720 388 Vatin.
751 361 798 389 10.
826 366 915 396 quae-

182 405 256 431 fitur
272 400 493 438 Macedoniae,
512 400 680 431 laudatur.
705 401 778 432 Mil.
794 405 825 435 9.
839 400 915 430 cal-

182 444 261 473 11111)
278 448 312 474 et
329 444 473 474 Messala
498 444 589 474 Coss.
619 449 755 485 praetor,
781 454 915 484 compe-

183 488 322 517 titorem
341 488 375 518 P.
393 487 547 518 Clodium
565 487 694 518 habuit.
712 490 771 518 &c.
787 488 913 518 adDiv.

183 532 251 560 xiii.
276 534 306 561 4.
326 531 450 561 Consul
475 541 550 561 cum
571 532 607 560 C.
634 531 807 561 Marcello.
836 531 913 561 ibid.

186 577 237 607 10.
253 575 429 613 provinciae
456 575 554 604 nimis
584 574 736 615 cupidus.
754 575 833 605 ibid.
865 578 913 605 ll.

185 619 224 648 C.
241 618 421 648 Curionem
438 618 632 648 habiturum
650 619 788 648 comitia
807 619 913 659 impe-

184 662 247 699 dit,
277 662 438 692 servando
465 662 505 692 de
535 661 628 692 coelo.
660 661 743 692 Phil.
775 663 843 692 xiii.
882 663 912 693 6.

186 706 395 745 Pompeium,
423 706 483 735 Cn.
516 705 637 741 filium,
664 705 833 743 hortatur,
873 710 913 735 ut

184 760 262 779 cum
279 750 346 779 suis
369 750 471 789 copiis
496 749 537 779 ad
565 749 733 779 Mutinam
751 756 815 780 cat.
843 747 913 789 ejus

184 794 302 824 mentio
315 793 364 833 fit
375 803 498 833 qaoque
517 793 558 823 ad
574 793 650 822 Div.
667 793 734 822 xiii.
752 797 781 824 8.
800 794 842 823 xi.
863 797 910 826 19.

184 836 226 866 ad
243 836 314 866 An.
331 838 371 866 iv.
394 840 441 867 13.
457 836 538 867 Ibid.
555 840 603 870 17.
617 836 794 866 Basilicam
807 837 912 867 [131111-

184 880 265 910 liam
292 887 438 910 veterem
465 881 586 917 rsficit,
610 890 729 910 novam
753 880 852 910 locat.
874 881 913 910 de

184 935 245 964 qtm
261 925 336 955 add.
355 926 447 964 Lips.
471 925 516 954 ad
540 903 643 955 Tcirit.
661 924 700 954 A.
726 924 773 954 iii.
799 926 852 958 7⁶2.
881 929 912 954 et

186 969 280 999 Ptin.
305 968 353 1000 H.
382 969 430 999 Ν.
460 969 567 998 xxxxi.
597 971 644 998 15.
681 968 737 997 ubi
761 978 790 998 υ.
816 967 912 998 Ηαν-

186 1012 280 1042 daia..

231 1056 377 1094 Paulus,
402 1056 444 1086 ad
460 1056 531 1086 Att.
555 1056 619 1085 xiv.
650 1057 679 1086 8.
706 1054 824 1095 Lepidi
847 1055 912 1085 fra-

184 1103 247 1130 ter.

232 1144 390 1180 Paullus,
408 1143 473 1172 Pis.
493 1146 541 1176 17.
564 1152 626 1182 per
651 1143 830 1173 ludibrium
854 1154 912 1183 ap-

181 1189 332 1228 pellatur
348 1185 390 1216 L.
408 1187 498 1223 Pisa,
521 1185 719 1216 Macedoniae
739 1189 914 1226 proconsul

185 1232 226 1262 ab
242 1231 384 1262 Ajmilio
402 1232 455 1260 illo
471 1231 594 1261 Paullo
609 1230 824 1260 Macedonico.

230 1274 433 1311 Pausanias,
459 1273 735 1304 Laeedoemom'us.
758 1274 786 1304 Τ
788 1284 842 1314 op.
860 1277 912 1306 90.

183 1319 248 1349 Off.
265 1319 286 1348 i.
303 1320 355 1348 22.
369 1319 464 1348 rebus
487 1318 588 1357 gestis
615 1318 793 1357 imperium
809 1318 913 1348 Lace-

184 1362 428 1392 daemoniorum
446 1371 643 1401 propagasse
661 1366 812 1400 putatur.

230 1406 433 1443 Pausanias,
477 1406 726 1436 Alabandensis.
762 1405 804 1436 ad
835 1406 911 1437 Div.

182 1450 252 1480 xiii.
269 1449 321 1480 6-1.
346 1481 348 1483 .

231 1494 436 1530 Pausanias,
454 1493 495 1522 ad
521 1493 598 1523 Div.
627 1492 695 1522 viii.
717 1495 747 1523 8.
773 1492 913 1524 libertus

184 1537 286 1567 fuisse
303 1537 445 1566 videtur.
461 1536 539 1566 ibid.
557 1537 602 1566 iii.
617 1535 801 1567 .Leutuli
815 1537 914 1578 Spin-

184 1581 288 1611 theris
304 1580 454 1610 libertus.

229 1624 272 1665 Q.
291 1623 512 1662 I’edius‚Att.
530 1624 574 1654 ix.
594 1626 644 1654 14.
669 1623 808 1654 Caesaris
824 1624 914 1664 lega-

180 1672 250 1699 tus.
261 1668 407 1697 Plana*
414 1667 634 1698 .aedilitatem
645 1678 722 1697 cum
736 1669 797 1698 Cn.
816 1668 912 1698 Plan-

180 1713 236 1742 cio
263 1712 373 1751 petiit.
435 1711 499 1742 Hic
522 1716 567 1741 est
591 1712 658 1741 sine
680 1712 787 1748 dubio,
810 1714 867 1752 qai
893 1723 914 1743 a

189 1755 315 1786 Caesare
337 1757 460 1786 coheres
487 1754 664 1785 Octaviano
690 1757 844 1795 scriptus,
870 1758 913 1787 le-

180 1810 260 1839 gem
285 1799 430 1830 Pediam
453 1805 566 1829 contra
592 1799 728 1829 (as-aris
748 1810 914 1840 pereusso-

183 1854 236 1873 ’1ἐέ
262 1844 402 1883 scripsit,
427 1844 466 1873 de
490 1853 551 1883 quo
578 1843 709 1873 Saecon.
746 1844 821 1874 (Κατ.
860 1846 912 1874 83.

185 1887 271 1918 iser.
291 1890 322 1917 53.
337 1886 394 1925 «ξ’-,ι’
673 1908 678 1911 »

234 1931 266 1961 C.
286 1930 478 1967 Palmam,
496 1930 536 1960 ad
562 1931 639 1961 Div.
665 1941 694 1960 Χ.
713 1933 766 1961 33.
784 1930 914 1960 interiit

186 1975 221 2004 in
245 1974 360 2014 praelio
385 1975 586 2011 Mutinensi,
606 1974 690 2004 duce
717 1974 825 2004 Pansa
848 1974 914 2004 fuit

182 2018 315 2058 legatus
331 2018 457 2048 Pansae.

231 2062 273 2092 L.
289 2061 484 2099 Peducaeus,
508 2061 615 2091 Flacc.
641 2063 692 2093 28.
722 2071 822 2100 eques
849 2062 914 2092 Ro-

184 2115 315 2136 manus.

234 2148 269 2179 S.
287 2149 480 2185 Pedacoeus,
496 2148 567 2178 Att.
584 2149 605 2178 i.
622 2151 653 2178 4.
671 2149 762 2178 Sexti
784 2153 891 2189 pater.

234 2192 324 2222 Sext.
342 2193 536 2229 Pedzcczrus,
559 2192 647 2222 Sext.
666 2192 700 2223 F.
721 2193 813 2222 verr.
832 2194 853 2222 i.
879 2197 911 2227 7.

188 2236 339 2266 Senator.
357 2236 397 2265 ad
414 2237 484 2266 Att.
501 2236 556 2265 vii.
575 2239 622 2266 13.
645 2239 692 2266 14.
717 2242 751 2266 et
771 2240 819 2270 17.
836 2236 913 2266 Sex-

186 2285 255 2316 tus,
271 2280 357 2309 mule
372 2280 504 2309 dieitur.
518 2279 559 2309 ad
571 2281 646 2310 Div.
658 2280 723 2309 viii.
745 2283 794 2310 14.
807 2280 913 2309 absol-

188 2324 287 2353 vitur.
312 2323 406 2353 verr.
423 2324 457 2353 ii.
474 2324 525 2353 56.
549 2329 684 2363 praetor,
702 2330 816 2354 censet
833 2324 915 2354 Sici-

187 2365 280 2397 113111.
305 2367 376 2397 Fin.
401 2367 435 2397 ii.
458 2370 505 2397 18.
529 2372 653 2408 praetor
670 2367 804 2405 Siciliae,
822 2377 914 2406 egre—

187 2411 280 2450 gium
297 2411 367 2450 ejus
384 2411 525 2441 facinus,

202 2452 205 2454 ’
232 2454 366 2491 Peleus,
394 2454 488 2484 Orat.
512 2454 558 2484 iii.
580 2457 630 2485 15.
653 2459 750 2494 pater
765 2454 914 2484 Achillis.

231 2498 346 2529 Pelias
361 2499 444 2536 Rex,
458 2497 499 2527 ad
517 2497 665 2528 Herenn.
684 2498 716 2528 ii.
734 2500 787 2529 22.
800 2498 915 2528 Jason.

234 2541 361 2578 Pelias,
379 2542 473 2572 Orat.
492 2542 538 2571 iii.
564 2545 615 2573 53.
640 2541 793 2582 Neptuni
811 2541 914 2579 filius,

185 2585 367 2616 Thessalia!
380 2596 450 2621 rex,
466 2596 486 2615 a
502 2585 632 2616 filiabus
649 2585 777 2616 Mcdeae
792 2585 917 2615 fraudi-

187 2630 248 2659 bus
266 2629 474 2659 interfectus.

233 2672 406 2712 Pelopiam,
424 2673 464 2703 ad
477 2673 553 2703 Div.
564 2673 619 2703 vii.
633 2675 684 2704 ⁶23.
699 2672 759 2702 filii
771 2672 916 2713 Pelopis,

187 2718 219 2746 7..
234 2718 255 2746 l.
277 2716 466 2754 casm-iuni,
484 2717 565 2747 mali
579 2718 669 2747 cives.

231 2760 363 2800 Pelops,
379 2760 479 2791 Tusc.
495 2761 528 2791 ii.
547 2763 599 2794 237.
623 2770 724 2799 equos
742 2770 762 2790 a
784 2760 916 2800 Neptu-

189 2813 232 2833 no
243 2803 384 2834 obtinet.

233 2847 364 2887 Pelops,
409 2847 617 2887 Byzantinus
663 2848 790 2878 Romae.
844 2847 916 2878 Att.

188 2891 252 2921 xiv.
268 2894 298 2921 8.
314 2891 445 2923 videtur
460 2893 625 2931 negotium
651 2891 917 2930 Byzantium-um

187 2944 328 2965 curasse.

1007 225 1186 265 I’enelerpa,
1203 226 1246 256 N.
1263 225 1306 256 D.
1325 224 1370 255 iii.
1388 224 1441 255 22.
1459 233 1544 254 uxor
1559 223 1696 255 Mercu-

961 269 1014 305 rii,
1034 270 1133 300 Panis
1151 274 1269 299 mater.

1001 313 1052 343 M.
1072 314 1222 348 Pennus,
1241 312 1288 343 M.
1307 311 1340 342 F.
1356 311 1455 342 Brut.
1477 312 1529 341 ⁶28.
1542 311 1576 340 in
1590 312 1699 341 tribu-

961 361 1044 386 natu
1062 357 1201 396 agitaxit
1227 356 1264 386 C.
1289 354 1492 391 Gracchum,
1518 359 1614 394 pater
1630 355 1696 386 fuit

959 400 1085 430 Consul
1102 410 1179 430 cum
1196 400 1236 440 Q.
1253 398 1350 429 AElio.
1375 398 1438 428 off.
1466 398 1512 428 iii.
1533 401 1581 428 11.
1600 408 1693 438 pere-

957 444 1069 483 grinos
1085 443 1323 474 exterminavit
1339 452 1479 482 eamque
1492 442 1533 471 ob
1554 452 1689 473 causam

957 487 1224 527 reprehenditur.

1000 530 1192 567 Perdiccas,
1210 531 1310 561 Tusc.
1326 540 1356 560 ν.
1378 532 1425 560 1⁶2.
1450 528 1525 559 Rex
1540 528 1691 561 Macedo-

955 575 1029 611 nioe,
1046 575 1199 605 Archelai
1215 579 1321 614 pater.

1000 618 1162 656 Pericles,
1180 619 1274 649 Brut.
1296 620 1344 647 11.
1368 616 1554 656 Xanthippi
1582 615 1686 654 filius,

954 661 1162 701 Anaxagorae.
1188 660 1384 701 discipulus,
1402 660 1588 690 doctrinam
1607 670 1685 690 cum

956 705 1149 744 eloquentia
1178 705 1300 735 forensi
1335 705 1463 744 primus
1499 704 1686 741 conjunxit.

955 749 1049 779 Orat.
1074 750 1107 779 ii.
1135 752 1187 781 QQ.
1207 749 1374 779 orationes
1400 748 1470 786 ejus
1496 748 1685 778 extiterunt

957 793 1125 822 Ciceronis
1141 793 1359 832 temporibus.
1382 791 1445 822 Off.
1464 792 1484 821 i.
1501 795 1553 822 40.
1583 790 1684 820 colle-

955 845 1032 874 gam
1050 836 1247 876 Sophoclem
1276 837 1309 865 in
1331 841 1478 875 praetura
1505 834 1685 874 reprehen-

955 880 1015 909 dit.
1038 881 1132 910 Orat.
1149 883 1179 911 4.
1192 891 1252 910 cur
1268 880 1386 909 ceteris
1401 879 1587 908 oratoribus
1600 887 1686 918 prae-

954 924 1092 954 stiterit.
1117 924 1180 954 Off.
1198 924 1235 954 ii.
1252 927 1300 957 17.
1314 923 1569 963 reprehenditur
1586 932 1604 951 a
1616 922 1684 951 De-

956 969 1076 997 metrio
1093 967 1265 1004 Phalereo,
1292 967 1379 1006 quod
1395 974 1528 996 tantam
1547 965 1685 1005 pecuni-

955 1021 1008 1040 am
1028 1011 1059 1040 in
1078 1011 1238 1050 prreclara
1261 1010 1318 1040 illa
1340 1010 1506 1050 propylaea
1531 1009 1685 1047 conjece-

956 1055 1009 1084 rit.
1034 1055 1098 1084 Off.
1122 1056 1142 1084 i.
1169 1059 1222 1086 30.
1251 1054 1490 1084 auctoritatem
1514 1062 1683 1082 suminam

955 1103 1155 1128 consecutus
1171 1103 1222 1128 est
1237 1099 1308 1128 sine
1325 1097 1394 1128 ulla
1415 1097 1596 1127 hilaritate.

1000 1142 1158 1179 Pericles,
1176 1143 1270 1172 Verr.
1287 1142 1308 1171 i.
1333 1145 1386 1172 33.
1403 1141 1567 1181 Ephesius
1591 1139 1686 1170 nobi·

958 1184 1012 1222 lis,
1030 1186 1170 1216 Romam
1188 1192 1356 1215 evocatur.

1003 1229 1227 1269 Peripatetici,
1252 1229 1350 1259 Tusc.
1368 1230 1410 1258 iv.
1432 1232 1479 1262 17.
1496 1235 1531 1257 et
1555 1231 1604 1262 19.
1623 1227 1684 1257 ἃς.

955 1283 1071 1303 eorum
1101 1274 1139 1303 de
1167 1273 1339 1303 affectibus
1364 1272 1534 1302 sententia
1563 1270 1684 1301 refelli-

954 1322 1022 1347 tur.
1046 1317 1109 1347 Off.
1128 1319 1148 1347 i.
1164 1319 1216 1348 25.
1235 1317 1373 1347 laudant
1390 1315 1612 1352 iracundiam,
1631 1314 1686 1344 Ci-

956 1371 1075 1390 cerone
1092 1362 1313 1401 improbante.
1330 1361 1373 1391 N.
1390 1361 1433 1390 D.
1452 1360 1472 1388 i.
1490 1362 1521 1392 7.
1548 1359 1619 1388 Fin.
1637 1358 1684 1387 iii.

956 1406 987 1436 52.
1004 1407 1051 1435 12.
1069 1410 1102 1435 et
1123 1409 1170 1436 13.
1189 1415 1236 1443 rc,
1253 1414 1295 1434 an
1312 1404 1417 1434 verbis
1444 1414 1463 1433 a
1484 1403 1603 1432 Stoicis
1620 1402 1686 1432 dis-

957 1455 1106 1488 crepent.

1001 1492 1124 1530 Persa,
1141 1493 1218 1523 Div.
1237 1492 1270 1521 ii.
1288 1495 1341 1526 37.
1357 1501 1388 1520 V.
1409 1489 1536 1520 Perses.

1000 1536 1121 1573 Persa,
1155 1536 1195 1565 de
1240 1536 1316 1566 Div.
1340 1535 1361 1564 i.
1389 1534 1443 1564 46.
1476 1531 1614 1563 catellus
1645 1530 1686 1562 L.

956 1579 1076 1617 Paulli,
1093 1591 1133 1610 ex
1151 1590 1215 1619 quo
1231 1589 1330 1609 omen
1348 1578 1471 1617 accipit
1484 1577 1521 1607 L.
1539 1575 1688 1606 Paullus.

1000 1623 1222 1660 Persoe1‹.e‚s.
1251 1623 1402 1659 Persem,
1440 1621 1484 1652 N.
1514 1620 1557 1650 D.
1582 1620 1603 1650 i.
1635 1622 1685 1650 15.

957 1667 1101 1698 Zenonis
1124 1647 1267 1697 aiiditoi.

1000 1711 1143 1748 Petseis,
1161 1711 1261 1741 deN.
1279 1711 1322 1741 D.
1339 1710 1384 1739 iii.
1406 1711 1454 1743 19.
1476 1707 1546 1737 filia
1561 1707 1692 1738 Persei.

956 1762 1066 1786 mater
1083 1754 1272 1804 Pasiphaes.

999 1798 1128 1835 Perses,
1152 1799 1245 1829 Verr.
1263 1798 1283 1827 i.
1301 1799 1353 1828 21.
1380 1806 1436 1826 rex
1463 1767 1685 1831 hlacedoniae,

957 1843 1108 1883 Philippi
1125 1843 1174 1873 Il.
1186 1842 1244 1882 fil.
1261 1852 1282 1872 a
1304 1850 1364 1880 quo
1378 1840 1550 1871 Perszcam
1568 1839 1688 1868 bellam

955 1887 1088 1923 dicitur,
1119 1887 1204 1926 qaod
1228 1889 1274 1915 est
1300 1884 1546 1915 illaeetlonicam
1575 1891 1690 1911 secun-

955 1931 1046 1960 dam.
1070 1930 1170 1960 Tusc.
1195 1940 1226 1958 v.
1253 1932 1306 1960 40.
1334 1926 1488 1957 Paullum
1518 1930 1688 1966 precatur,

957 1984 998 2004 ne
1016 1975 1049 2004 in
1066 1973 1238 2013 triumpho
1256 1973 1369 2002 ducat.
1386 1971 1429 2001 N.
1453 1971 1496 2001 D.
1514 1970 1548 2000 ii.
1566 1971 1585 2000 <2
1617 1969 1688 2008 ejus

956 2019 1096 2048 victoria
1113 2017 1293 2047 nunciatur
1307 2026 1327 2045 a
1343 2014 1555 2055 Tyndaridis.

1001 2062 1157 2099 Perseus,
1182 2062 1225 2091 N.
1252 2061 1295 2091 D.
1312 2060 1345 2089 ii.
1361 2061 1414 2089 44.
1440 2057 1542 2089 sidus.
1568 2057 1615 2086 iii.
1636 2059 1687 2090 19.

955 2106 1026 2145 ejus
1043 2106 1122 2135 filia.

1004 2149 1036 2179 C.
1054 2149 1205 2185 Persius,
1221 2148 1315 2177 Orat.
1333 2147 1367 2176 ii.
1389 2146 1419 2176 6.
1437 2148 1549 2175 orator
1565 2144 1690 2173 doctis-

955 2193 1072 2229 simus,
1090 2193 1145 2232 qui
1169 2191 1376 2231 temporibus
1399 2189 1602 2218 Gracchanis
1629 2187 1688 2216 fio-

956 2237 1036 2273 ruit,
1052 2238 1117 2266 vid.
1144 2236 1241 2265 Brut.
1258 2236 1310 2265 ⁶26.
1328 2235 1359 2263 ei
1386 2233 1518 2263 tributa
1540 2237 1592 2261 est
1615 2240 1688 2260 ora-

954 2281 1016 2317 tio,
1034 2290 1107 2319 quoe
1119 2280 1180 2309 sub
1194 2280 1230 2309 t'.
1245 2278 1362 2308 Fannii
1372 2277 1507 2307 nomine
1520 2279 1604 2305 erat.
1618 2274 1691 2305 Pin.

955 2325 976 2354 i.
995 2327 1025 2354 3.

1001 2368 1049 2398 ΙΙΙ.
1078 2365 1271 2406 Perpenna,
1292 2367 1357 2396 sive
1373 2365 1484 2403 pocius
1500 2362 1689 2402 Perperna,

958 2416 995 2441 ut
1013 2411 1130 2441 habent
1152 2410 1342 2445 ,Manutiuffi
1369 2409 1527 2439 sz‘zzas.
1550 2415 1627 2435 nam
1645 2406 1691 2434 sic

957 2457 992 2485 in
1009 2456 1129 2491 amnis,
1147 2459 1178 2484 et
1191 2454 1298 2493 Jitslis
1327 2453 1459 2491 Capitol.
1486 2450 1549 2480 aid.
1582 2449 1690 2479 Gvcev.

959 2499 1001 2529 ad
1027 2499 1123 2529 Rose.
1142 2499 1236 2528 Com.
1259 2501 1285 2527 1.
1303 2502 1338 2526 et
1361 2494 1534 2526 Drakenb.
1553 2492 1594 2522 ad
1619 2491 1692 2521 Liv.

959 2543 1035 2572 xliv.
1050 2544 1101 2575 27.
1119 2541 1175 2571 Or.
1190 2536 1588 2578 ii.G5.1ude>.1nJud1c10
1603 2535 1692 2565 Acu-

959 2586 1063 2616 leonis
1081 2596 1101 2614 a
1117 2585 1313 2615 Gratidiano
1341 2582 1501 2613 accusati.
1524 2581 1641 2611 Consul
1655 2588 1689 2608 α.

960 2638 1074 2660 0171111.
1098 2628 1190 2658 Verr.
1208 2629 1229 2658 i.
1258 2631 1309 2658 55.
1329 2628 1465 2657 Censor.
1488 2625 1529 2665 Ω.
1545 2624 1643 2654 Rosc.
1662 2625 1691 2652 1.

959 2674 1048 2703 inter
1064 2672 1197 2711 judices
1213 2671 1308 2702 sedet
1330 2672 1364 2701 iu
1392 2678 1493 2700 causa
1513 2668 1554 2708 Q.
1582 2665 1694 2697 Roscii

959 2717 1112 2747 comoedi.

1003 2760 1218 2796 Pescennius,
1241 2758 1282 2788 ad
1301 2758 1376 2788 Div.
1394 2757 1459 2786 xiv.
1475 2758 1506 2787 4.
1536 2752 1693 2785 Ciceroni

959 2804 994 2834 in
1011 2804 1111 2834 exilio
1127 2804 1212 2833 bene
1229 2801 1321 2832 facit.

1002 2848 1052 2878 M.
1071 2847 1226 2883 Petinus,
1248 2846 1342 2875 verr.
1373 2845 1407 2874 ii.
1431 2846 1484 2878 29.
1504 2851 1604 2881 eques
1628 2840 1695 2870 Ro-

961 2900 1093 2927 manus,
1121 2889 1312 2930 negotiator
1333 2890 1368 2919 in
1401 2891 1570 2917 conventu
1599 2885 1698 2924 Syra-

962 2944 1098 2965 cusano.

1007 2985 1026 3009 K
1053 2981 1070 3009 3
