1920 3196
220 108 306 147 402

276 202 444 238 Pulsatz'o,
458 197 658 230 verberatio.
682 198 765 230 Her.
782 199 817 229 ii.
834 198 888 230 26.

277 247 414 278 Pulsus.
431 243 472 274 de
496 243 585 274 visis.
608 243 686 274 Div.
712 243 748 273 ii.
778 243 832 273 61.
848 243 968 282 pulsus

240 290 455 322 adventitius.
467 286 509 317 cf.
525 297 554 317 c.
573 287 626 320 67.

281 333 462 365 Pulvinar.
480 331 587 361 lectus
604 330 665 360 deo
689 329 723 360 in
738 329 868 369 templo
883 329 970 368 posi-

238 383 309 415 tus,
326 379 361 407 et
381 377 490 416 ipsum
517 374 696 414 templum.
720 373 864 413 Harusp.
881 372 922 403 R.
938 376 968 403 5.

236 421 467 464 pulvinaribus
478 423 638 458 ,stuprum
653 416 782 447 intulit.
799 417 898 447 Dom.
917 419 969 447 53.

236 475 330 496 aram
347 471 382 494 et
405 461 583 493 aediculam
600 464 635 491 et
643 463 806 502 pulvinar
822 460 971 490 dedicas-

243 516 306 540 set.
323 507 366 538 cf.
385 506 484 537 Catil.
501 506 548 535 iii.
576 507 624 535 10.
648 508 667 526 *θ
685 504 823 545 epulum
841 504 875 534 in
895 505 972 545 pul-

243 550 548 584 vinaribus.·Tusc.
566 548 608 578 iv.
624 550 654 579 2.
905 557 909 561 ·

293 595 419 626 Pulvis.
443 592 675 623 exercitationi
699 591 892 632 opponitur.
916 592 973 621 Or.

245 640 334 669 i.34.
359 637 456 668 Brut.
472 641 503 671 9.
528 636 628 666 Tusc.
656 636 689 665 ii.
718 638 767 666 15.
792 634 926 665 *Tusa
942 645 972 665 v.

245 685 299 714 23.
324 683 424 712 homo
441 682 600 720 apulvere
616 683 649 708 et
661 679 765 716 radio,
780 682 831 708 est
846 678 976 708 mathe-

251 727 409 761 maticus,
424 725 480 763 qui
490 725 613 763 figuras
624 724 657 753 in
666 724 799 762 pulvere
808 722 976 752 describit.

298 769 484 800 Punctum.
513 766 724 805 suffragium,
753 766 831 805 quia
854 775 899 795 sc.
942 765 976 795 in

252 813 397 844 comitiis
429 811 588 850 suffragia
609 810 819 850 singulorum
845 809 977 849 punctis

252 858 287 888 in
305 856 427 887 tabulis
442 855 656 885 notabantur.
680 853 794 884 Plane.
817 855 869 884 252.
895 862 979 882 non-

250 901 358 932 nullas
375 900 482 930 tribus
500 899 631 938 punctis
656 907 751 937 paene
767 897 909 927 totidem
926 903 979 926 tu-

252 945 375 976 lerunt.
393 943 434 973 cf.
461 943 550 973 Mur.
569 944 621 972 34.
643 941 744 971 Tusc.
762 941 795 971 ii.
824 941 876 971 26.
902 940 980 970 hinc

254 989 310 1019 Or.
327 988 361 1017 ii.
377 991 430 1017 41.
449 991 577 1026 panesa
593 990 882 1023 argumentorum.

297 1031 438 1062 Punire.
463 1030 609 1069 Harusp.
628 1029 666 1059 R.
684 1032 713 1059 8.
737 1029 875 1058 domum
893 1028 980 1067 aju-

255 1076 383 1106 dicibus
392 1075 596 1115 puniendam
619 1076 764 1113 putaret.
788 1072 895 1102 Graev.
909 1075 984 1112 post

257 1120 400 1150 Fabrum
415 1131 422 1149 z
460 1117 690 1147 muniendam.
717 1116 775 1146 sed
812 1120 904 1146 recta
932 1120 983 1145 est

259 1163 408 1202 vulgata.
442 1161 576 1192 Punire
606 1160 743 1190 domum
771 1165 822 1189 est
851 1169 983 1200 poenam

255 1211 406 1247 repetere
424 1205 465 1235 ob
482 1206 639 1235 violatam
658 1204 807 1234 domum.
824 1213 854 1233 v.
873 1204 985 1233 Poena.

257 1252 314 1281 Or.
331 1251 353 1281 i.
371 1253 423 1281 51.
441 1251 565 1289 punire
587 1248 734 1278 dolorem
751 1257 861 1278 suum.
890 1249 985 1288 *pu-

259 1295 329 1325 niri
342 1295 460 1324 active.
484 1293 557 1323 Mil.
582 1295 630 1328 13.
656 1292 750 1330 cujus
765 1296 804 1321 tu
825 1291 987 1321 inimicis-

258 1340 382 1369 simum
405 1338 541 1376 punitus
559 1345 604 1366 es.
630 1336 715 1366 Phil.
733 1336 801 1365 viii.
819 1337 851 1366 9..
869 1341 909 1366 ut
919 1345 987 1375 pu·-

261 1384 391 1413 nz'retur
408 1391 536 1410 necem.
552 1391 582 1409 v.
597 1384 631 1409 et
647 1380 784 1419 poenire.

305 1425 445 1466 Puppis.
463 1425 504 1454 ad
530 1424 606 1454 Div.
638 1424 680 1453 ix.
712 1426 760 1453 15.
784 1423 988 1453 Sedebamus

266 1470 300 1500 in
315 1470 427 1508 puppi.
445 1468 477 1498 h.
488 1477 516 1498 e.
527 1468 723 1507 regebamus
734 1467 988 1506 rempublicam.

306 1513 456 1552 pupula,
473 1521 532 1552 pro
542 1512 684 1551 pupilla.
707 1510 787 1541 Nat.
804 1511 846 1541 D.
863 1512 897 1540 ii.
915 1514 967 1544 57.

307 1556 481 1596 Purpura.
507 1556 594 1585 Sext,
614 1559 643 1585 8.
663 1565 818 1594 purpura
835 1554 987 1594 plebeia:

263 1610 338 1640 quae
352 1604 387 1630 et
401 1600 496 1630 fusca
511 1600 634 1629 dicitur
651 1611 656 1628 :
676 1599 923 1639 opponiturque
941 1608 993 1628 ar-

262 1644 369 1681 denti,
383 1649 417 1674 et
441 1653 540 1682 quam
560 1643 686 1672 Plinius
702 1643 824 1673 xxxvii.
845 1645 894 1675 19.
917 1641 995 1671 feli-

263 1698 336 1718 cem
365 1688 524 1727 appellat,
552 1689 646 1726 cujus
673 1686 764 1717 color
794 1686 912 1716 similis
941 1690 992 1716 est

265 1731 453 1771 amethysto
470 1731 604 1761 Indicae.

309 1775 437 1805 Parus.
445 1775 538 1805 Verr.
549 1776 590 1804 iv.
601 1776 784 1814 Qssqturum
795 1779 991 1813 argentum:

265 1818 299 1850 h.
311 1829 340 1848 e.
352 1828 406 1848 vas
420 1823 632 1857 argenteum,
649 1818 738 1857 quod
754 1822 804 1848 est
820 1819 892 1848 sine
902 1816 995 1856 sigil-

268 1863 320 1893 lis.
339 1861 359 1880 ²*
376 1862 418 1892 ib.
431 1863 546 1899 iii.‚36.
571 1862 649 1901 quid
665 1862 713 1891 his
726 1862 822 1892 rebus
836 1862 994 1891 detractis

267 1907 375 1947 possit
391 1905 432 1935 ad
444 1906 596 1936 dominos
606 1907 689 1946 puri
702 1916 739 1935 ac
750 1906 867 1944 reliqui
883 1915 997 1945 perve-

269 1951 365 1988 nire;
390 1950 493 1979 nostri
512 1962 521 1979 2
541 1950 649 1979 reines
667 1949 766 1986 Geld,
787 1949 897 1979 klares
914 1946 997 1979 Ver-

269 1997 402 2032 miigen.
418 1993 608 2032 *judicium
617 2004 756 2033 purum.
774 2003 804 2022 v.
815 1993 997 2032 judicium.

313 2037 457 2067 Patare.
479 2037 550 2067 Att.
570 2038 610 2067 iv.
634 2041 681 2068 11.
700 2041 739 2066 ut
757 2038 901 2067 rationes
919 2047 996 2067 cum

270 2081 459 2121 publicanis
477 2080 663 2121 Putarem:
688 2081 708 2111 i.
737 2091 766 2111 e.
793 2081 997 2118 conferrent,

272 2125 509 2155 subducerent.

315 2168 452 2206 Puteal,
488 2168 619 2208 proprie
656 2168 851 2207 operculum
896 2169 1000 2209 putei.

273 2212 349 2244 Div,
367 2213 388 2242 i.
410 2215 458 2244 17.
481 2222 583 2252 supra
597 2218 705 2241 cutem
731 2213 1001 2253 impositumpu-

273 2257 347 2286 teal.
361 2256 430 2286 Att.
449 2256 469 2285 i.
489 2259 536 2285 10.
547 2257 696 2296 putealia
709 2256 864 2294 sigillata.
877 2257 895 2274 ²*
911 2256 1001 2287 Sext.

274 2302 303 2330 Β.
320 2301 440 2339 puteal
453 2305 504 2329 est
522 2309 590 2336 ara,
606 2299 647 2329 ad
671 2310 770 2338 quam
786 2300 1002 2332 foeneratores

275 2344 470 2379 consistere,
487 2347 521 2372 et
536 2348 682 2373 tractare
698 2344 825 2374 foenora
839 2344 1002 2374 solebant.

275 2397 306 2416 v.
332 2386 471 2417 Salmas.
491 2387 531 2416 ad
554 2386 656 2417 Solin.
675 2397 705 2426 p.
725 2390 797 2418 8022.
823 2397 870 2427 sq.
899 2389 1003 2428 Span-

278 2430 366 2460 hem.
392 2430 431 2460 de
459 2431 518 2460 Us.
535 2437 568 2460 et
587 2431 638 2460 Pr.
656 2430 699 2460 N.
724 2431 812 2461 Diss.
831 2443 862 2463 x.
880 2442 911 2472 p.
934 2435 1004 2467 189.

277 2474 391 2505 Burm.
409 2474 450 2503 ad
463 2474 558 2504 Ovid.
574 2474 669 2504 Rem.
686 2475 760 2505 Am.
780 2478 831 2505 50.

320 2517 456 2548 Paciae.
483 2519 583 2547 nimis
608 2524 775 2549 accurate.
801 2519 858 2549 Or.
876 2519 922 2549 iii.
955 2523 1004 2551 11.

272 2562 389 2602 putide
410 2561 523 2591 literas
540 2562 735 2600 exprimere.
760 2562 854 2593 Brut.
872 2566 922 2594 82.
943 2574 1006 2604 pu-

277 2606 342 2636 tide
358 2605 478 2635 dicere.
494 2606 542 2635 sic
558 2606 658 2634 etiam

322 2648 466 2679 Putidus
492 2650 526 2679 in
553 2658 718 2679 sermone.
749 2649 812 2680 Off.
840 2650 862 2680 i.
890 2653 943 2685 37.
973 2655 1008 2684 et

276 2691 355 2724 Div.
370 2693 424 2723 vii.
442 2696 473 2723 5.
497 2694 602 2723 simus
612 2693 841 2733 putidiuseuli.

625 2779 667 2820 Ω.

321 2866 592 2906 Quadrantaria.
628 2866 709 2897 Coel.
740 2867 793 2898 26.
833 2868 897 2898 nisi
923 2867 1009 2902 forte

275 2910 402 2942 niuher
430 2915 548 2952 potens
578 2911 823 2951 quadrantaria
849 2911 908 2944 illa
935 2922 1011 2953 per-

728 109 875 139 INDEX
905 108 1202 140 LATINITATIS·

1008 198 1198 230 mutatione
1222 196 1395 229 familiaris
1411 196 1501 229 facta
1515 202 1588 230 erat
1601 196 1738 229 balnea-

1007 244 1085 273 tori.
1107 242 1215 273 Lusus
1240 246 1292 274 est
1318 243 1353 273 in
1377 251 1457 272 voce
1480 243 1734 282 quadrantaria.

1008 287 1098 318 Nam
1114 286 1255 317 lavaturi
1271 285 1398 316 dabant
1420 286 1643 326 quadrantem
1666 284 1738 315 bal-

1011 330 1155 367 neatori,
1172 332 1207 360 et
1232 329 1350 360 Clodia
1379 329 1570 369 aliquando,
1592 330 1632 359 ab
1660 328 1738 358 ado-

1011 373 1158 404 lescente
1175 372 1327 413 decepta,
1344 383 1446 404 aereos
1468 373 1669 413 quadrantes
1684 381 1739 402 ac-

1013 422 1147 457 ceperat
1161 427 1220 457 pro
1235 422 1364 457 stupro,
1377 417 1465 447 unde
1479 416 1740 458 Quadrantaria

1014 460 1256 501 appellabatur.
1279 471 1310 492 v.
1328 461 1460 491 Manut.
1479 461 1520 490 ad
1536 461 1569 491 h.
1588 461 1610 490 l.
1641 460 1740 491 Cete-

1015 515 1090 535 rum
1115 504 1254 535 fortasse
1271 506 1515 545 quadrantaria
1531 504 1676 534 refertur
1698 501 1740 532 ad

1017 548 1276 589 permutatione.

1059 592 1252 632 Quadrare,
1271 592 1305 622 in
1319 592 1501 623 rationibus
1517 596 1581 629 est,
1596 600 1673 620 cum
1690 599 1744 619 ac-

1017 642 1191 676 ceptorum
1208 641 1243 665 et
1266 646 1487 676 expensorum
1510 644 1651 665 summae
1668 632 1746 663 soli·

1018 679 1068 709 dae
1096 685 1188 716 sunt,
1204 684 1244 709 ut
1266 689 1373 718 neque
1395 680 1469 720 plus
1496 688 1603 718 neque
1632 678 1743 708 minus

1019 723 1194 753 efficiatur.
1228 723 1322 754 Verr.
1352 724 1374 753 i.
1404 724 1458 754 36.
1492 721 1657 761 quomodo
1687 728 1746 750 DC.

1020 766 1149 797 eodem·
1176 766 1274 796 modo
1313 768 1522 807 quadrarint.
1564 766 1748 795 *commo-
1793 789 1797 792 .

1021 810 1115 847 dum,
1133 810 1290 841 idoneum
1308 820 1390 841 esse.
1405 811 1501 841 Brut.
1523 812 1571 839 ll.
1587 809 1746 847 quoniam

1021 855 1081 884 tibi
1099 854 1147 884 ita
1162 855 1315 894 quadrat.
1339 854 1409 884 Att.
1427 854 1469 883 iv.
1495 856 1544 884 18.
1579 852 1620 882 ad
1638 851 1748 885 multa

1021 898 1176 938 quadrat.
1195 898 1239 928 ib.
1266 898 1335 928 xiii.
1361 901 1414 928 33.
1436 897 1463 927 si
1481 901 1641 927 neutrum
1667 905 1750 936 qua-

1022 942 1106 972 dret.
1125 942 1148 960 ⁸*
1164 942 1350 971 orationem
1368 950 1581 972 numerosam
1604 941 1748 977 efficere,

1024 989 1074 1015 cst
1087 986 1254 1025 quadrare
1269 985 1466 1016 orationem.
1482 985 1540 1015 Or.
1555 987 1607 1015 58.
1630 985 1687 1014 Or.
1705 983 1753 1016 iii.

1024 1032 1077 1060 44.
1095 1040 1124 1059 v.
1141 1029 1243 1059 etiam
1259 1029 1435 1068 quadrum.

1068 1073 1263 1114 Quadriga.
1286 1074 1383 1103 Brut.
1400 1077 1453 1107 97.
1472 1071 1565 1111 quasi
1581 1071 1753 1112 quadrzgie

1026 1117 1148 1147 vehens
1166 1127 1225 1157 per
1242 1116 1366 1146 medias
1379 1116 1504 1146 laudes.
1516 1116 1687 1157 quadriga?
1698 1125 1754 1145 ce-

1026 1161 1194 1191 leritatem
1222 1161 1425 1199 significant.
1448 1160 1513 1190 vid.
1539 1160 1617 1190 Div.
1641 1159 1676 1189 ii.
1699 1162 1753 1193 70.

1027 1204 1115 1235 conf.
1131 1205 1222 1244 Lips.
1238 1205 1332 1234 Lect.
1356 1204 1434 1234 Ant.
1458 1204 1490 1234 ii.
1517 1207 1548 1238 7.
1583 1203 1603 1222 *Ψ
1619 1202 1754 1233 Muren.

1028 1251 1080 1283 27.
1104 1248 1185 1278 mihi
1203 1247 1337 1288 videtur
1359 1248 1532 1288 praetorius
1549 1246 1756 1277 Candidatus

1029 1294 1064 1322 in
1097 1291 1320 1330 consularem,
1351 1291 1445 1330 quasi
1463 1319 1466 1323 ,
1484 1290 1688 1322 desultorius
1718 1291 1754 1320 in

1028 1337 1276 1376 quadrigarum
1315 1334 1534 1372 curriculum,
1572 1335 1755 1365 incurrere.

1029 1381 1087 1411 Or.
1103 1383 1158 1414 47.
1175 1379 1348 1420 quadrigae
1360 1379 1610 1420 pomeridianae.
1626 1385 1757 1418 v.post·

1031 1423 1248 1455 meridianus.

1075 1467 1337 1509 Quadrigarius.
1353 1465 1485 1506 Fragm.
1502 1468 1538 1496 in
1552 1465 1637 1505 Tog.
1651 1464 1757 1495 Cand.

1033 1516 1071 1542 ut
1087 1513 1190 1542 istum
1212 1511 1381 1547 omittam,
1398 1510 1432 1540 in
1457 1510 1605 1540 exercitu
1622 1508 1760 1539 Sullano

1033 1555 1238 1596 praedonem‚
1256 1555 1290 1584 in
1312 1554 1453 1584 introitu
1477 1553 1708 1594 gladiatorem,
1725 1553 1760 1583 in

1033 1600 1173 1629 victoria
1197 1599 1462 1638 quadrigarium.
1507 1597 1761 1638 ‚Quadrigarius

1033 1650 1085 1673 cst
1102 1643 1230 1681 auriga,
1241 1642 1345 1681 quiin
1363 1641 1574 1671 Circensibus
1590 1641 1764 1681 quadrigis

1035 1686 1201 1726 agitandis
1229 1690 1348 1716 certat.
1371 1685 1533 1716 Asconius
1560 1685 1692 1725 proprie
1708 1694 1764 1714 ac-

1035 1731 1119 1770 cipit
1135 1730 1174 1760 de
1191 1730 1352 1766 Antonio,
1369 1730 1425 1768 qui
1441 1730 1475 1759 in
1503 1728 1728 1765 Circensibus,
1744 1737 1766 1758 a

1036 1773 1130 1804 Sulla
1146 1779 1221 1814 post
1235 1773 1410 1804 victoriam
1426 1773 1538 1810 editis,
1562 1773 1624 1810 ita,
1639 1776 1680 1802 ut
1702 1771 1764 1801 ho-

1038 1819 1125 1850 nesti
1155 1817 1306 1848 homines
1322 1817 1503 1857 quadrigas
1520 1820 1671 1855 agerent,
1693 1815 1764 1856 ipse

1038 1872 1170 1901 quoque
1187 1862 1369 1902 quadrigas
1394 1861 1512 1900 egerit.
1535 1859 1621 1891 Mihi
1638 1858 1765 1898 aliquid

1039 1905 1181 1946 amplius
1200 1905 1254 1935 hic
1278 1905 1380 1936 latere
1396 1904 1538 1935 videtur.
1561 1904 1659 1934 Esset
1673 1903 1766 1933 enim

1039 1950 1101 1981 hoc
1126 1949 1292 1980 mediocre
1321 1949 1532 1987 convicium3
1557 1957 1635 1978 eum
1665 1956 1768 1987 appa-

1040 1998 1124 2032 reat,
1151 1996 1287 2034 propter
1311 1993 1558 2032 gradationem,
1585 1991 1767 2032 quadriga-

1040 2039 1128 2069 rium
1155 2037 1262 2076 majus
1288 2037 1367 2076 quid
1393 2039 1463 2066 esse
1481 2039 1649 2076 oportere,
1665 2044 1767 2074 quam

1041 2081 1233 2125 praedonem
1257 2085 1292 2112 et
1318 2076 1549 2120 gladiatorem.
1582 2078 1770 2110 Videbatut

1042 2125 1125 2155 mihi
1151 2124 1330 2164 aliquando
1346 2134 1414 2154 non
1433 2124 1532 2154 modo
1548 2123 1693 2163 proprie,
1711 2121 1769 2160 sed

1043 2168 1144 2201 simul
1160 2169 1263 2199 etiam
1281 2168 1321 2198 de
1338 2168 1462 2208 rapinis
1486 2167 1769 2207 proscriptionum

1044 2212 1246 2253 capiendum
1262 2222 1344 2243 esse.
1391 2211 1430 2242 In
1442 2221 1543 2250 quam
1565 2209 1769 2247 sententiam

1045 2267 1098 2287 me
1115 2256 1306 2296 impellebat
1323 2255 1413 2286 locus
1437 2256 1471 2285 in
1486 2256 1623 2286 Sueton.
1644 2254 1773 2284 Neron.

1049 2301 1097 2331 16.
1113 2300 1219 2331 vetiti
1228 2300 1520 2340 quadrigariorum
1532 2298 1638 2336 lusus,
1650 2297 1771 2337 quibus

1047 2345 1232 2375 inveterata
1261 2343 1398 2374 licentia
1413 2343 1534 2383 passim
1557 2340 1770 2381 vagantibus,

1046 2388 1162 2418 fallere
1186 2398 1224 2417 ac
1250 2387 1353 2418 furari
1381 2396 1439 2427 per
1462 2387 1579 2425 jocum
1602 2385 1661 2424 jus
1687 2388 1772 2421 erat.

1047 2442 1147 2472 quem
1179 2431 1304 2470 locum,
1336 2432 1370 2462 in
1398 2441 1463 2470 quo
1493 2428 1689 2470 explicando
1716 2431 1776 2458 aut

1047 2474 1258 2505 emendando
1279 2475 1405 2511 frustra
1420 2474 1628 2504 desudarunt
1643 2472 1704 2503 viri
1716 2472 1775 2502 do«

1049 2520 1108 2557 cti,
1126 2521 1172 2549 sic
1189 2519 1346 2559 explicari
1368 2519 1528 2559 putabam
1549 2526 1644 2557 posse
1660 2528 1667 2546 z
1693 2525 1775 2556 qua?

1049 2564 1219 2601 (frig-ariis,
1230 2566 1304 2603 post
1313 2568 1482 2592 certamen
1494 2565 1527 2591 et
1539 2560 1711 2593 victoriam
1724 2559 1777 2590 in-

1048 2606 1204 2644 valuisse,
1226 2612 1265 2637 ut
1280 2606 1408 2643 liceret,
1421 2615 1480 2645 per
1507 2605 1624 2635 urbem
1649 2603 1776 2643 vagari,

1051 2650 1224 2691 praemiola
1250 2655 1377 2691 petere,
1394 2654 1495 2688 atque
1511 2658 1571 2689 per
1589 2649 1720 2687 jocum,
1748 2647 1776 2681 si

1051 2694 1131 2734 quid
1157 2698 1307 2734 possent,
1339 2693 1481 2731 auferre,
1507 2702 1611 2732 eaque
1641 2690 1781 2722 lieentia

1051 2748 1106 2768 eos
1122 2737 1243 2767 deinde
1256 2747 1327 2768 esse
1343 2737 1473 2768 abusos.

1096 2781 1420 2822 „Quafflingenarffla
1433 2780 1503 2811 Att.
1518 2780 1559 2810 vi.
1577 2781 1606 2809 l.
1622 2777 1781 2818 quadrin-

1050 2827 1198 2865 genarioe
1223 2825 1389 2862 cohortes,
1407 2824 1580 2861 dicuntur,
1603 2831 1677 2862 quae
1698 2830 1779 2862 qua-

1052 2870 1238 2908 dringentos
1254 2869 1376 2899 milites
1387 2868 1524 2898 habent.

1098 2912 1291 2955 Quadratus.
1306 2913 1364 2945 Or.
1375 2913 1428 2943 61.
1451 2910 1635 2946 sententias
1651 2909 1782 2949 redige·
