1920 3196
297 84 381 121 434

349 180 593 221 Spectaculum,
621 181 712 212 locus
738 182 827 213 unde
849 187 1030 223 spectatur.

303 223 393 254 Mur.
421 226 473 255 34.
506 230 540 255 at
565 227 751 265 spectacula
772 231 853 257 sunt
874 227 1028 258 tributim

302 267 392 297 data.
420 267 507 298 conf.
532 269 621 299 Sext.
645 271 696 299 58.
719 269 792 299 Liv.
818 270 840 300 i.
867 273 920 301 35.
954 271 973 290 *
989 272 1030 301 ad

304 310 377 341 Att.
401 321 432 341 x.
457 313 487 343 Ξ.
523 311 652 342 homini
678 318 792 343 nostra
819 314 1032 344 incommoda

302 357 482 396 spectaculo
497 365 568 385 esse
586 355 721 386 nollem.

351 398 516 438 Spectare,
535 399 698 438 judicare.
723 400 818 430 Rosc.
842 400 880 430 C.
900 403 950 431 10.
975 411 1029 431 ne-

305 450 360 471 mo
378 442 473 472 illum
491 452 531 472 ex
547 446 667 472 trunco
688 444 832 484 corporis
858 445 1032 484 spectabat.

307 484 380 516 Att.
397 486 453 516 xii.
471 489 524 520 39.
548 497 586 516 ex
605 496 679 516 meo
703 486 772 517 otio
798 491 895 517 tuum
919 493 1030 528 specto.

303 528 322 547 Ψ
339 529 431 568 sequi
457 529 594 568 aliquid,
621 540 752 570 cupere.
774 531 887 561 Vatin.
917 535 964 562 10.
989 532 1029 562 ad

302 573 534 612 imperatorias
550 573 664 603 laudes
687 585 707 603 a
733 584 834 614 puero
856 580 1030 615 spectmus.

303 615 322 634 *
339 626 474 655 operam
502 616 590 647 dare.
614 617 656 646 ad
679 617 755 648 Div.
781 628 810 648 v.
836 621 866 648 8.
901 622 939 649 ut
967 619 1031 659 pri-

304 669 400 689 mum
426 660 533 690 forum
552 661 663 700 attigi,
678 663 819 700 spectavi
834 672 977 702 semper,
994 667 1033 692 ut

303 703 364 733 tibi
393 713 492 742 quain
519 705 662 734 maxime
690 715 821 744 possem
851 716 920 735 esse
952 716 1030 735 con-

298 748 452 786 junctus.
492 747 584 777 *On
616 748 650 779 ii.
680 751 733 778 40.
763 749 791 778 si
817 749 1030 779 barbarorum

305 795 370 827 est,
401 791 435 820 in
473 790 561 820 diem
598 792 731 829 vivere3
775 796 887 822 nostra
927 794 1034 823 consi-

306 833 353 864 lia
377 835 622 875 sempiternum
648 840 782 875 tempus
808 841 952 876 spectare
978 837 1034 866 de-

306 878 399 908 bent.

351 921 525 962 Spei-tatio,
552 921 737 962 exploratio
763 932 956 961 mimorum,
988 933 1031 954 an

307 966 446 1005 genuini
470 966 539 996 sint
555 971 588 996 et
606 967 712 1006 probi,
730 977 846 997 necne.
876 968 969 998 Verr.
986 969 1033 998 iii.

305 1013 358 1043 78.
394 1009 611 1040 deductiones
636 1011 734 1040 certis
758 1011 949 1041 nominibus
976 1012 1034 1042 fie-

304 1053 388 1083 bant
404 1063 462 1093 pro
478 1055 670 1092 spectatione
687 1059 721 1084 et
747 1054 886 1095 collybo.
913 1065 943 1084 v.
963 1055 1032 1085 Ho-

304 1101 391 1127 tom.
406 1096 448 1127 ad
478 1097 511 1127 h.
535 1097 556 1127 l.
581 1097 744 1128 Budaeum
769 1098 810 1128 ad
828 1098 985 1128 Pandect.
1001 1109 1034 1139 p.

309 1143 379 1174 187.
404 1140 571 1170 Graevium
590 1141 631 1171 ad
658 1141 741 1171 Flor.
760 1142 793 1172 ii.
812 1145 843 1176 7.
868 1141 957 1172 unde
974 1153 1032 1182 pro

304 1184 420 1224 quovis
445 1185 675 1224 experimento
691 1186 839 1225 ponitur.
856 1186 943 1216 conf.
959 1196 1032 1226 spe-

305 1232 430 1258 ctatus.

350 1271 535 1311 Spectatus,
553 1273 592 1303 de
611 1272 858 1313 rnetallis‚-qi1ae
875 1278 934 1303 aut
950 1274 1032 1313 igni,

305 1318 365 1346 aut
394 1315 504 1356 lapide
537 1316 641 1356 Lydio
669 1317 910 1356 explorantur:
950 1318 1031 1347 item

305 1359 346 1389 de
363 1360 488 1397 numia,
505 1361 561 1399 qui
583 1361 726 1400 spectari
753 1361 925 1398 dicuntur,
952 1371 1031 1391 eum

304 1402 535 1443 explorantur,
553 1404 645 1443 probi
670 1404 751 1442 sint,
769 1414 884 1435 necne.
916 1404 980 1435 Off.
999 1405 1032 1435 ii.

308 1450 357 1477 11.
371 1446 460 1477 hunc
477 1447 546 1486 igni
563 1452 743 1487 spectatum
759 1449 976 1479 arbitrantur.
987 1448 1029 1478 cf.

304 1490 481 1530 spectatio.
500 1490 576 1521 hine
591 1495 773 1531 spectatum
790 1492 925 1529 dicitur,
942 1492 1034 1531 quie-

305 1533 387 1574 quid
410 1534 509 1565 certis
526 1536 776 1575 experimentis,
794 1535 891 1574 quale
906 1536 962 1572 sit,
979 1545 1033 1566 co-

306 1578 438 1616 gnitum
456 1583 518 1608 est.
536 1579 571 1609 in
589 1578 700 1609 Caecil.
716 1582 748 1610 4.
781 1584 924 1619 spectata
941 1579 1033 1609 fides.

305 1623 363 1652 Or.
387 1621 408 1651 i.
433 1623 486 1655 97.
510 1626 698 1653 ceterarum
728 1622 880 1654 homines
908 1623 1032 1654 artium

304 1666 439 1706 spectati
455 1669 489 1695 et
506 1666 647 1706 probati.

351 1708 487 1749 Spectz‘o,
505 1709 629 1740 dicitur
644 1710 683 1740 de
701 1710 754 1748 iis,
770 1710 827 1750 qui
844 1717 977 1741 servant
992 1711 1032 1741 de

306 1752 399 1783 coelo.
424 1752 509 1782 Phil.
528 1754 560 1783 ii.
577 1756 630 1784 32.
656 1764 714 1784 nos
735 1764 876 1793 augures
893 1755 1033 1784 nuncia-

303 1797 432 1826 tionem
454 1796 560 1826 solum
576 1797 751 1836 habemus,
769 1799 921 1829 consules
934 1804 968 1829 et
983 1808 1034 1828 re-

304 1840 387 1879 liqui
405 1841 621 1879 magistratus
638 1842 740 1871 etiam
755 1843 955 1881 spectionem.

351 1883 536 1924 Spectrum,
568 1882 682 1922 εἴδωλον
711 1885 966 1926 Epicureorum.
993 1885 1035 1915 ad

304 1927 382 1959 Div.
399 1937 452 1957 xV.
477 1928 528 1958 16.
550 1931 597 1962 19.
622 1928 679 1958 sed
709 1939 748 1959 ex
765 1930 865 1969 priori
890 1929 961 1960 loco
984 1930 1036 1959 in-

310 1970 419 2010 telligi
436 1975 560 2010 potest,
575 1971 662 2002 hanc
679 1972 853 2003 Catianam
871 1974 1034 2013 interpre-

304 2015 473 2045 tationem
501 2016 591 2046 verbi
615 2015 722 2046 Graeci
740 2016 937 2047 Ciceronem
967 2027 1035 2047 non

305 2058 473 2100 probasse.

353 2102 502 2141 Specula.
526 2102 601 2132 Aet.
630 2104 651 2133 i.
684 2103 778 2134 Verr.
811 2105 858 2135 16.
882 2104 1034 2134 homines

306 2146 342 2176 in
358 2148 494 2185 speculis·
515 2151 606 2176 sunt.
630 2147 742 2177 Deiot.
760 2151 790 2178 8.
814 2157 927 2187 regem
949 2158 1038 2178 sem-

305 2200 365 2230 per
376 2190 409 2219 in
426 2191 563 2230 speculis
576 2190 676 2220 fuisse
691 2202 698 2220 ι
724 2190 757 2222 h.
772 2202 800 2222 e.
819 2201 935 2222 omnes
953 2193 1035 2222 acti-

307 2243 387 2264 ones
402 2238 479 2263 tuas
496 2234 696 2265 observasse.

353 2276 540 2316 Speculum.
560 2277 630 2308 Fin.
649 2278 682 2307 ii.
704 2281 752 2309 lo.
777 2278 938 2315 infantes,
955 2289 1038 2318 pue-

305 2320 347 2357 ri,
366 2328 399 2351 et
417 2321 543 2359 bestiae,
561 2331 633 2359 quae
659 2322 824 2362 Epicurus
851 2328 950 2362 putat
966 2332 1036 2353 esse

306 2366 437 2404 specula
453 2370 594 2395 naturae.

353 2408 485 2448 Specus,
503 2408 733 2447 aquaeductus.
752 2409 884 2440 Att.xv.
902 2410 953 2440 26,
970 2419 1038 2449 spe-

307 2461 365 2481 cus
391 2452 599 2482 subterranei
627 2452 662 2482 in
684 2459 834 2483 extremo
864 2453 980 2484 fundo.
1006 2463 1036 2484 ν.

307 2494 494 2525 Victoriuui
513 2496 553 2525 ad
568 2495 600 2526 h.
617 2495 639 2526 l.

354 2539 467 2579 Spero,
485 2539 524 2568 de
542 2549 575 2569 re
596 2539 692 2569 mala.
722 2539 779 2569 Or.
804 2540 851 2570 iii.
878 2543 927 2571 1‘3.
951 2545 1036 2570 extr.

308 2583 465 2621 quoniam
483 2582 554 2612 haec
570 2583 649 2613 satis
672 2593 762 2623 spero
783 2584 873 2614 vobis
898 2584 1038 2614 molesta

307 2631 342 2655 et
359 2625 479 2665 putida
496 2626 610 2656 videri.

353 2670 442 2708 Spes.
482 2669 575 2699 Verr.
608 2670 655 2700 iii.
690 2673 739 2701 18.
765 2669 843 2708 Agri
874 2669 1034 2701 Leontini

310 2718 407 2742 *ntea
427 2723 495 2753 spes
510 2712 582 2743 haec
610 2717 693 2750 erat,
719 2721 758 2743 ut
784 2724 862 2743 cum
889 2715 1035 2745 obsitum

303 2756 455 2793 vidisses,
473 2766 616 2786 annonae
634 2757 810 2787 caritatem
828 2767 894 2787 nou
911 2769 1038 2788 verere-

307 2810 352 2829 re.
376 2801 474 2830 Rosc.
500 2799 537 2830 A.
562 2804 613 2831 50.
638 2801 745 2839 major
765 2812 834 2840 spes
861 2802 1032 2841 emtionis,

306 2843 345 2873 de
363 2844 543 2874 securitate
560 2845 728 2874 retinendi
743 2845 826 2882 ejus,
837 2845 925 2884 quod
941 2856 1031 2875 eme-

305 2887 360 2918 rit.
391 2886 522 2920 Verrin.
539 2888 560 2920 i.
578 2889 631 2920 92.
660 2897 725 2929 quo
742 2888 877 2928 quidem
897 2895 1029 2930 tempo-

822 95 967 125 INDEX
999 96 1295 125 LATlNITA'rIs.

1069 196 1103 215 rc
1118 195 1204 225 spem
1222 184 1400 215 maximam
1419 184 1620 224 reliquorum
1638 190 1793 226 peccato-

1070 239 1143 259 rum
1158 232 1274 258 nactus
1290 231 1361 258 est:
1377 228 1408 258 h.
1424 239 1452 258 e.
1464 229 1673 269 impunitatis
1686 238 1791 270 spem.

1070 271 1088 290 ¹*
1100 272 1171 302 Att.
1188 272 1234 302 iii.
1250 274 1303 302 23.
1327 272 1353 301 si
1370 276 1421 303 est
1436 271 1561 311 aliquid
1577 273 1610 303 in
1626 282 1689 313 spe.

1114 314 1261 355 Spicum,
1278 315 1380 355 spica.
1414 315 1496 346 Cato
1517 319 1565 346 15.
1595 315 1704 346 fundit
1723 315 1793 346 fru-

1070 367 1145 397 gem
1172 360 1260 397 spici.
1284 358 1364 388 Nat.
1381 358 1422 389 D.
1439 360 1472 389 ii.
1488 361 1541 391 42.
1563 361 1688 399 spicum
1716 359 1793 389 illu-

1070 407 1136 432 stre
1153 407 1271 431 tenens
1288 401 1476 441 splendenti
1494 413 1628 443 corpore
1646 404 1748 441 virgo.

1116 444 1232 483 Spina,
1259 445 1292 474 in
1315 446 1487 476 scribendo
1511 447 1669 476 dicuntur
1688 447 1792 486 spinae

1071 488 1110 518 de
1129 488 1228 517 nimis
1249 489 1362 519 subtili
1391 494 1424 520 et
1452 489 1713 520 Dialecticorum
1739 490 1792 526 je-

1063 532 1149 571 juno
1182 532 1362 562 disserendi
1394 543 1525 572 genere.
1560 533 1631 563 Fin.
1665 534 1707 563 iv,
1739 535 1794 563 ⁶28.

1068 576 1167 614 spinae
1191 575 1385 606 disserendi.
1418 576 1555 607 Tuscul.
1578 578 1620 607 iv.
1644 580 1674 608 5.
1697 578 1796 616 spinoe

1070 619 1235 658 partiendi
1253 625 1286 649 et
1299 619 1490 650 definiendi.

1116 662 1279 701 Spinnsus‚
1295 663 1437 694 subtilis.
1462 664 1531 694 Fiu.
1555 664 1601 693 iii.
1620 666 1648 694 1.
1671 663 1795 693 subtile

1071 715 1108 734 ac
1124 707 1285 744 spinosum
1308 707 1486 737 disserendi
1515 717 1631 746 genus.
1653 705 1794 737 Tuscul.

1071 749 1093 778 i.
1113 752 1143 780 8.
1169 749 1239 779 haec
1262 750 1351 779 enim
1369 753 1542 790 spinosiora
1562 752 1653 790 prius
1671 760 1738 788 me,
1755 754 1796 781 ut

1072 792 1247 830 confitear,
1263 801 1402 832 cogunt,
1415 804 1513 832 quam
1533 801 1570 824 ut
1587 795 1761 824 assentiar.

1117 835 1273 874 Spiritus,
1311 841 1377 867 aer.
1410 838 1509 867 Catil.
1538 839 1559 868 i.
1590 838 1620 867 6.
1660 838 1795 877 spiritus

1073 879 1156 909 coeli.
1180 880 1198 897 *ἓ
1214 881 1401 918 contentio,
1427 881 1632 911 animositas.
1654 881 1748 911 Verr.
1774 881 1797 911 i.

1073 927 1126 954 30.
1139 924 1218 962 quid
1233 933 1295 963 ego
1312 934 1401 954 nunc
1418 924 1453 954 in
1470 925 1608 955 alteram
1627 924 1793 954 actionem

1074 967 1135 996 Cn.
1164 967 1346 998 Dolabellae
1361 969 1506 1007 spiritus,
1530 968 1610 1008 quid
1626 967 1725 1006 hujus
1749 967 1798 998 la.-

1073 1020 1201 1050 crymas
1214 1014 1248 1041 et
1262 1012 1494 1042 concursiones
1508 1012 1695 1052 proferam?
1714 1012 1797 1041 *su-

1073 1054 1199 1094 perbia‚
1227 1055 1416 1085 insolentia.
1455 1056 1547 1086 Verr.
1580 1055 1626 1085 iii.
1657 1059 1688 1089 9.
1722 1055 1796 1085 illos

1072 1098 1142 1136 ejus
1158 1099 1295 1138 spiritus
1312 1099 1498 1129 Sicilienses
1524 1109 1605 1138 quos
1621 1098 1721 1129 fuisse
1738 1109 1800 1139 pu-

1074 1142 1180 1172 tetis?
1206 1141 1288 1172 Sull.
1314 1147 1348 1177 9.
1370 1144 1507 1182 spiritus
1530 1142 1719 1173 attuleruut
1744 1152 1796 1173 res

1074 1190 1188 1224 gestae.
1228 1185 1333 1216 Flacc.
1362 1188 1414 1216 2-2.
1449 1187 1621 1216 remittere
1651 1187 1797 1226 spiritus.

1073 1229 1181 1259 Simili
1198 1239 1297 1260 sensu
1314 1229 1437 1260 dicitur
1454 1231 1603 1260 flatus.v.
1621 1229 1738 1261 Heius.
1755 1229 1798 1260 ad

1072 1273 1169 1303 Ovid.
1185 1272 1257 1303 Art.
1271 1273 1346 1303 Ani.
1365 1274 1385 1304 i.
1399 1277 1474 1308 715.

1118 1316 1234 1356 Spisse,
1251 1317 1358 1354 tarde,
1375 1327 1452 1348 cum
1474 1316 1680 1347 difficultate.
1704 1315 1800 1347 Brut.

1072 1361 1125 1391 36.
1140 1361 1236 1400 spisse
1251 1368 1352 1400 atque
1369 1362 1421 1391 vix
1438 1361 1480 1391 ad
1495 1361 1680 1391 Antonium
1701 1360 1799 1390 Cras-

1071 1414 1213 1443 sumque
1229 1405 1451 1444 pervenimus.

1119 1447 1260 1487 Spissus,
1278 1448 1406 1485 tardus,
1424 1447 1576 1478 diffieiliS.
1598 1447 1669 1478 Att.
1696 1457 1726 1478 x.
1747 1450 1796 1478 13.

1073 1492 1189 1521 omnia
1211 1492 1319 1522 adhuc
1343 1492 1438 1522 tarda
1465 1499 1499 1522 et
1521 1493 1631 1531 spissa.
1654 1492 1719 1531 Qu.
1745 1491 1797 1521 Fr.

1074 1535 1109 1565 ii.
1134 1537 1182 1565 14.
1205 1536 1342 1575 spissum
1357 1545 1435 1566 sane
1460 1546 1542 1575 opus
1560 1541 1593 1565 et
1610 1544 1799 1575 operosum.

1072 1579 1129 1609 Or.
1147 1579 1256 1610 iii.36.
1280 1579 1306 1609 si
1323 1586 1373 1609 est
1387 1581 1528 1619 spissius.
1546 1579 1623 1609 ibid.
1640 1579 1674 1609 ii.
1693 1582 1744 1609 53.
1762 1579 1798 1608 in

1073 1627 1216 1662 utroque
1232 1632 1353 1662 genere
1370 1624 1534 1663 principia
1548 1622 1655 1660 tarda,
1673 1627 1708 1652 et
1730 1622 1800 1652 exi-

1074 1670 1129 1696 tus
1145 1667 1235 1705 spissi
1251 1671 1285 1696 et
1302 1667 1453 1707 producti
1469 1676 1539 1696 esse
1556 1666 1690 1696 debent.

1118 1709 1354 1749 splendescere.
1389 1710 1472 1740 Cato
1503 1715 1534 1744 9.
1574 1719 1733 1740 canorum
1764 1709 1800 1739 in

1074 1763 1153 1783 voce
1170 1755 1357 1794 splendescit
1368 1755 1470 1784 etiam
1487 1755 1521 1784 in
1534 1757 1720 1783 senectute.

1119 1797 1305 1838 Splendide,
1335 1798 1436 1834 clare,
1467 1797 1651 1838 perspicue.
1675 1798 1733 1828 Or.
1763 1796 1800 1828 ii.

1077 1841 1127 1871 16.
1152 1842 1208 1880 qui
1225 1840 1327 1880 leges,
1348 1842 1403 1881 qui
1415 1841 1802 1881 jura—constituerunt,

1075 1884 1179 1915 locuti
1196 1890 1277 1915 sunt
1292 1885 1490 1925 simpliciter
1506 1889 1539 1914 et
1553 1884 1727 1924 splendide.

1120 1928 1327 1968 splendidus,
1343 1929 1384 1958 de
1401 1928 1589 1959 hominibus
1619 1928 1654 1958 in
1678 1935 1803 1967 magna

1076 1972 1241 2012 dignitate
1264 1973 1394 2012 positis,
1411 1972 1530 2012 gratia,
1546 1971 1683 2009 divitiis,
1700 1980 1802 2010 gene-

1076 2026 1110 2046 re
1144 2016 1347 2047 florentibus.
1385 2015 1466 2046 Lael.
1497 2016 1528 2046 6.
1561 2015 1722 2045 secundas
1750 2023 1802 2044 res

1075 2060 1301 2099 splendidiores
1310 2060 1391 2090 facit
1406 2058 1648 2089 amicitia.Coel.
1664 2060 1694 2088 2.
1706 2063 1803 2098 pater

1077 2113 1195 2143 parum
1211 2104 1404 2144 splendidus.
1427 2103 1519 2134 Verr.
1536 2103 1570 2133 ii.
1587 2105 1639 2133 28.
1663 2102 1801 2142 splendi-

1078 2147 1139 2177 dus
1161 2157 1272 2186 eques.
1315 2148 1333 2165 *
1348 2146 1526 2184 excellens,
1560 2148 1653 2185 cujus
1689 2146 1737 2176 vis
1767 2148 1803 2176 et

1077 2192 1273 2230 praestantia
1298 2190 1376 2221 ferit
1406 2190 1518 2220 oculos
1549 2191 1712 2219 omnium.
1737 2188 1802 2219 Off.

1077 2235 1124 2264 iii.
1141 2238 1171 2265 5.
1194 2234 1486 2275 splendidissimum
1503 2233 1688 2273 ingenium.
1713 2232 1732 2251 ²*
1750 2241 1804 2262 or-

1079 2283 1190 2308 natus.
1206 2278 1303 2309 Brut.
1320 2277 1578 2318 20.splenclidior
1594 2275 1802 2307 consuetudo

1078 2321 1247 2360 loquendi.
1286 2321 1381 2353 Brut.
1421 2325 1472 2353 55.
1519 2321 1650 2351 dicendi
1695 2327 1801 2359 genus

1077 2365 1277 2404 splendidius
1299 2371 1334 2396 et
1361 2365 1644 2404 magnificentius.
1665 2363 1684 2381 ᾗ
1701 2363 1805 2393 hone·

1078 2414 1160 2439 stus.
1194 2409 1263 2439 Fin.
1281 2410 1315 2439 ii.
1333 2412 1384 2441 ⁶21.
1414 2409 1596 2449 disputatio
1620 2407 1802 2448 splendida,

1078 2456 1111 2482 et
1128 2458 1299 2483 certamen
1315 2453 1506 2483 honesturn.
1529 2451 1625 2482 Rosc.
1648 2451 1722 2481 Am.
1751 2453 1803 2485 49.

1076 2497 1273 2536 splendidior
1288 2506 1388 2527 causa
1403 2496 1567 2526 nobilium
1576 2495 1652 2525 fuit.
1675 2494 1694 2512 *²
1705 2495 1805 2531 bene,

1078 2540 1165 2569 clare
1191 2550 1326 2578 sonans,
1343 2539 1494 2580 amplum
1524 2545 1559 2569 et
1584 2538 1728 2568 eundem
1754 2542 1805 2567 ta-

1079 2593 1157 2614 men
1182 2584 1373 2623 jucundum
1404 2593 1528 2613 sonumv
1548 2582 1684 2612 habens.
1707 2582 1804 2612 Brut.

1079 2631 1131 2658 55.
1157 2637 1217 2657 vox
1249 2638 1326 2657 cum
1361 2637 1496 2666 magna,
1526 2629 1600 2656 tum
1635 2626 1742 2656 suavis
1771 2629 1806 2654 et

1076 2672 1258 2710 splendida,
1291 2672 1473 2710 opponitur
1502 2669 1615 2700 fuscae.
1653 2670 1711 2700 Or.
1750 2671 1805 2702 49.

1076 2715 1248 2754 splendidis
1281 2715 1471 2744 nominibus
1509 2713 1721 2743 illuminatus
1753 2715 1805 2741 est

1078 2768 1204 2795 versuS,
1220 2758 1278 2788 sed
1289 2759 1458 2798 proximus
1473 2757 1681 2796 inquinatus,
1691 2756 1808 2786 insua-

1080 2802 1214 2832 vissima
1236 2801 1334 2832 litera
1346 2802 1474 2831 linitus.
1491 2801 1530 2830 de
1548 2800 1689 2839 singulis
1703 2807 1804 2839 gene-

1077 2846 1167 2876 ribus
1185 2845 1226 2874 cf.
1243 2845 1410 2885 splendor.

1118 2887 1288 2929 Splendor,
1305 2888 1437 2921 claritas
1457 2898 1535 2920 cum
1551 2887 1717 2919 suavitate
1734 2884 1807 2916 effi—
