<?xml version="1.0" encoding="UTF-8"?>
<!DOCTYPE html PUBLIC "-//W3C//DTD XHTML 1.0 Transitional//EN"
    "http://www.w3.org/TR/xhtml1/DTD/xhtml1-transitional.dtd">
<html xmlns="http://www.w3.org/1999/xhtml" xml:lang="en" lang="en">
 <head>
  <title>
</title>
<meta http-equiv="Content-Type" content="text/html;charset=utf-8" />
  <meta name='ocr-system' content='tesseract 3.04.00' />
  <meta name='ocr-capabilities' content='ocr_page ocr_carea ocr_par ocr_line ocrx_word'/>
</head>
<body>
  <div class='ocr_page' id='page_1' title='image "./clavisciceronian00erneuoft/clavisciceronian00erneuoft_0227.png"; bbox 0 0 1985 3206; ppageno 0'>
   <div class='ocr_carea' id='block_1_1' title="bbox 0 515 36 2389">
    <p class='ocr_par' dir='ltr' id='par_1_1' title="bbox 0 515 36 2389">
     <span class='ocr_line' id='line_1_1' title="bbox 0 515 36 2389; baseline 0 0"><span class='ocrx_word' id='word_1_1' title='bbox 0 515 36 2389; x_wconf 95' lang='lat' dir='ltr'> </span> 
     </span>
    </p>
   </div>
   <div class='ocr_carea' id='block_1_2' title="bbox 1 515 36 2389">
    <p class='ocr_par' dir='ltr' id='par_1_2' title="bbox 1 515 36 2389">
     <span class='ocr_line' id='line_1_2' title="bbox 1 515 36 2389; baseline 0 0"><span class='ocrx_word' id='word_1_2' title='bbox 1 515 36 2389; x_wconf 95' lang='lat' dir='ltr'> </span> 
     </span>
    </p>
   </div>
   <div class='ocr_carea' id='block_1_3' title="bbox 0 772 65 3206">
    <p class='ocr_par' dir='ltr' id='par_1_3' title="bbox 0 772 65 3206">
     <span class='ocr_line' id='line_1_3' title="bbox 0 772 65 3206; baseline 0 0"><span class='ocrx_word' id='word_1_3' title='bbox 0 772 65 3206; x_wconf 95' lang='lat' dir='ltr'> </span> 
     </span>
    </p>
   </div>
   <div class='ocr_carea' id='block_1_4' title="bbox 707 101 1180 134">
    <p class='ocr_par' dir='ltr' id='par_1_4' title="bbox 707 101 1180 134">
     <span class='ocr_line' id='line_1_4' title="bbox 707 101 1180 134; baseline -0.002 0"><span class='ocrx_word' id='word_1_4' title='bbox 707 104 852 134; x_wconf 74' lang='lat' dir='ltr'>mDEX</span> <span class='ocrx_word' id='word_1_5' title='bbox 881 101 1180 133; x_wconf 54' lang='lat' dir='ltr'><strong>LAT1N1TATISA</strong></span> 
     </span>
    </p>
   </div>
   <div class='ocr_carea' id='block_1_5' title="bbox 187 194 936 2938">
    <p class='ocr_par' dir='ltr' id='par_1_5' title="bbox 187 194 930 2239">
     <span class='ocr_line' id='line_1_5' title="bbox 191 194 917 234; baseline -0.006 -7"><span class='ocrx_word' id='word_1_6' title='bbox 191 197 237 227; x_wconf 82' lang='lat' dir='ltr'>iii.</span> <span class='ocrx_word' id='word_1_7' title='bbox 257 198 306 229; x_wconf 85' lang='lat'>16.</span> <span class='ocrx_word' id='word_1_8' title='bbox 324 206 401 227; x_wconf 88' lang='lat' dir='ltr'>cum</span> <span class='ocrx_word' id='word_1_9' title='bbox 418 206 438 227; x_wconf 85' lang='lat' dir='ltr'>a</span> <span class='ocrx_word' id='word_1_10' title='bbox 453 205 487 227; x_wconf 85' lang='lat' dir='ltr'>re</span> <span class='ocrx_word' id='word_1_11' title='bbox 500 197 586 226; x_wconf 74' lang='lat' dir='ltr'>civili</span> <span class='ocrx_word' id='word_1_12' title='bbox 602 199 637 226; x_wconf 82' lang='lat' dir='ltr'>et</span> <span class='ocrx_word' id='word_1_13' title='bbox 649 205 669 225; x_wconf 89' lang='lat' dir='ltr'>a</span> <span class='ocrx_word' id='word_1_14' title='bbox 685 195 827 234; x_wconf 81' lang='lat' dir='ltr'>negotiis</span> <span class='ocrx_word' id='word_1_15' title='bbox 845 194 917 224; x_wconf 86' lang='lat' dir='ltr'>ani-</span> 
     </span>
     <span class='ocr_line' id='line_1_6' title="bbox 191 238 918 280; baseline -0.004 -10"><span class='ocrx_word' id='word_1_16' title='bbox 191 242 238 270; x_wconf 86' lang='lat' dir='ltr'>mi</span> <span class='ocrx_word' id='word_1_17' title='bbox 269 241 412 280; x_wconf 85' lang='lat' dir='ltr'>quodam</span> <span class='ocrx_word' id='word_1_18' title='bbox 436 241 565 279; x_wconf 84' lang='lat' dir='ltr'>judicio</span> <span class='ocrx_word' id='word_1_19' title='bbox 582 239 812 275; x_wconf 85' lang='lat' dir='ltr'>abhorrerent,</span> <span class='ocrx_word' id='word_1_20' title='bbox 830 238 862 268; x_wconf 87' lang='lat' dir='ltr'>h.</span> <span class='ocrx_word' id='word_1_21' title='bbox 887 247 918 267; x_wconf 90' lang='lat' dir='ltr'>e.</span> 
     </span>
     <span class='ocr_line' id='line_1_7' title="bbox 191 283 918 323; baseline -0.004 -10"><span class='ocrx_word' id='word_1_22' title='bbox 191 293 269 314; x_wconf 83' lang='lat' dir='ltr'>cum</span> <span class='ocrx_word' id='word_1_23' title='bbox 311 294 418 323; x_wconf 83' lang='lat' dir='ltr'>neque</span> <span class='ocrx_word' id='word_1_24' title='bbox 464 283 707 322; x_wconf 76' lang='lat' dir='ltr'><strong>rempublicam</strong></span> <span class='ocrx_word' id='word_1_25' title='bbox 747 290 918 321; x_wconf 77' lang='lat' dir='ltr'>capessere</span> 
     </span>
     <span class='ocr_line' id='line_1_8' title="bbox 192 325 919 366; baseline -0.003 -9"><span class='ocrx_word' id='word_1_26' title='bbox 192 336 301 366; x_wconf 79' lang='lat' dir='ltr'>neque</span> <span class='ocrx_word' id='word_1_27' title='bbox 319 328 352 357; x_wconf 92' lang='lat' dir='ltr'>in</span> <span class='ocrx_word' id='word_1_28' title='bbox 374 328 445 357; x_wconf 77' lang='lat' dir='ltr'>foro</span> <span class='ocrx_word' id='word_1_29' title='bbox 461 327 581 356; x_wconf 71' lang='lat' dir='ltr'>versari</span> <span class='ocrx_word' id='word_1_30' title='bbox 599 326 735 356; x_wconf 73' lang='lat' dir='ltr'>vellent.</span> <span class='ocrx_word' id='word_1_31' title='bbox 762 325 840 355; x_wconf 83' lang='lat' dir='ltr'>ibid.</span> <span class='ocrx_word' id='word_1_32' title='bbox 867 327 919 355; x_wconf 86' lang='grc'>31.</span> 
     </span>
     <span class='ocr_line' id='line_1_9' title="bbox 191 369 919 401; baseline -0.004 -1"><span class='ocrx_word' id='word_1_33' title='bbox 191 372 295 400; x_wconf 71' lang='lat' dir='ltr'>cic-ilis</span> <span class='ocrx_word' id='word_1_34' title='bbox 313 371 462 401; x_wconf 82' lang='lat' dir='ltr'>scientia.</span> <span class='ocrx_word' id='word_1_35' title='bbox 480 370 559 399; x_wconf 86' lang='lat' dir='ltr'>ibid.</span> <span class='ocrx_word' id='word_1_36' title='bbox 586 370 606 399; x_wconf 94' lang='lat' dir='ltr'>i.</span> <span class='ocrx_word' id='word_1_37' title='bbox 637 373 684 400; x_wconf 71' lang='lat'>14.</span> <span class='ocrx_word' id='word_1_38' title='bbox 709 379 820 399; x_wconf 85' lang='lat' dir='ltr'>rerum</span> <span class='ocrx_word' id='word_1_39' title='bbox 844 369 919 397; x_wconf 73' lang='lat' dir='ltr'>civi-</span> 
     </span>
     <span class='ocr_line' id='line_1_10' title="bbox 192 413 920 453; baseline -0.005 -9"><span class='ocrx_word' id='word_1_40' title='bbox 192 415 275 444; x_wconf 76' lang='lat' dir='ltr'>lium</span> <span class='ocrx_word' id='word_1_41' title='bbox 293 415 453 453; x_wconf 75' lang='lat' dir='ltr'>cognitio,</span> <span class='ocrx_word' id='word_1_42' title='bbox 465 420 516 443; x_wconf 80' lang='lat' dir='ltr'>est</span> <span class='ocrx_word' id='word_1_43' title='bbox 532 423 571 442; x_wconf 80' lang='lat' dir='ltr'>ea</span> <span class='ocrx_word' id='word_1_44' title='bbox 586 413 739 449; x_wconf 81' lang='lat' dir='ltr'>scicntia,</span> <span class='ocrx_word' id='word_1_45' title='bbox 757 421 822 452; x_wconf 84' lang='lat' dir='ltr'>qua</span> <span class='ocrx_word' id='word_1_46' title='bbox 837 421 920 451; x_wconf 85' lang='lat' dir='ltr'>opus</span> 
     </span>
     <span class='ocr_line' id='line_1_11' title="bbox 191 456 921 497; baseline -0.003 -11"><span class='ocrx_word' id='word_1_47' title='bbox 191 463 243 487; x_wconf 83' lang='lat' dir='ltr'>est</span> <span class='ocrx_word' id='word_1_48' title='bbox 260 458 303 495; x_wconf 86' lang='lat' dir='ltr'>ei,</span> <span class='ocrx_word' id='word_1_49' title='bbox 318 459 373 496; x_wconf 86' lang='lat' dir='ltr'>qui</span> <span class='ocrx_word' id='word_1_50' title='bbox 391 457 631 497; x_wconf 71' lang='lat' dir='ltr'>rempublicam</span> <span class='ocrx_word' id='word_1_51' title='bbox 649 466 818 495; x_wconf 76' lang='lat' dir='ltr'>capessere</span> <span class='ocrx_word' id='word_1_52' title='bbox 836 460 870 485; x_wconf 84' lang='lat' dir='ltr'>et</span> <span class='ocrx_word' id='word_1_53' title='bbox 888 456 921 484; x_wconf 92' lang='lat' dir='ltr'>in</span> 
     </span>
     <span class='ocr_line' id='line_1_12' title="bbox 187 499 922 539; baseline -0.003 -9"><span class='ocrx_word' id='word_1_54' title='bbox 187 501 323 539; x_wconf 81' lang='lat' dir='ltr'>judiciis</span> <span class='ocrx_word' id='word_1_55' title='bbox 348 503 469 531; x_wconf 82' lang='lat' dir='ltr'>versari</span> <span class='ocrx_word' id='word_1_56' title='bbox 487 501 591 539; x_wconf 83' lang='lat' dir='ltr'>cupit.</span> <span class='ocrx_word' id='word_1_57' title='bbox 638 499 735 530; x_wconf 83' lang='lat' dir='ltr'>Unde</span> <span class='ocrx_word' id='word_1_58' title='bbox 754 499 884 529; x_wconf 79' lang='lat' dir='ltr'>Iuvent.</span> <span class='ocrx_word' id='word_1_59' title='bbox 900 499 922 528; x_wconf 93' lang='lat' dir='ltr'>i.</span> 
     </span>
     <span class='ocr_line' id='line_1_13' title="bbox 197 543 923 581; baseline -0.004 -7"><span class='ocrx_word' id='word_1_60' title='bbox 197 548 227 575; x_wconf 85' lang='lat'>5.</span> <span class='ocrx_word' id='word_1_61' title='bbox 243 546 346 575; x_wconf 65' lang='lat' dir='ltr'>civilis</span> <span class='ocrx_word' id='word_1_62' title='bbox 369 546 466 581; x_wconf 77' lang='lat' dir='ltr'>ratio,</span> <span class='ocrx_word' id='word_1_63' title='bbox 485 550 535 574; x_wconf 82' lang='lat' dir='ltr'>est</span> <span class='ocrx_word' id='word_1_64' title='bbox 555 553 620 581; x_wconf 81' lang='lat' dir='ltr'>ars,</span> <span class='ocrx_word' id='word_1_65' title='bbox 637 543 730 581; x_wconf 79' lang='lat' dir='ltr'>eujus</span> <span class='ocrx_word' id='word_1_66' title='bbox 749 543 782 572; x_wconf 87' lang='lat' dir='ltr'>in</span> <span class='ocrx_word' id='word_1_67' title='bbox 807 543 923 572; x_wconf 75' lang='lat' dir='ltr'>civita-</span> 
     </span>
     <span class='ocr_line' id='line_1_14' title="bbox 196 586 922 626; baseline -0.003 -9"><span class='ocrx_word' id='word_1_68' title='bbox 196 594 228 617; x_wconf 85' lang='lat' dir='ltr'>te</span> <span class='ocrx_word' id='word_1_69' title='bbox 264 598 405 626; x_wconf 61' lang='lat' dir='ltr'>magnus</span> <span class='ocrx_word' id='word_1_70' title='bbox 437 594 487 618; x_wconf 86' lang='lat' dir='ltr'>est</span> <span class='ocrx_word' id='word_1_71' title='bbox 520 597 610 617; x_wconf 67' lang='lat' dir='ltr'>usus.</span> <span class='ocrx_word' id='word_1_72' title='bbox 643 588 724 617; x_wconf 77' lang='lat' dir='ltr'>item</span> <span class='ocrx_word' id='word_1_73' title='bbox 765 586 857 616; x_wconf 79' lang='lat' dir='ltr'>Orat.</span> <span class='ocrx_word' id='word_1_74' title='bbox 890 590 922 619; x_wconf 89' lang='lat'>9.</span> 
     </span>
     <span class='ocr_line' id='line_1_15' title="bbox 194 631 924 670; baseline -0.004 -9"><span class='ocrx_word' id='word_1_75' title='bbox 194 632 311 661; x_wconf 79' lang='lat' dir='ltr'>Oratio</span> <span class='ocrx_word' id='word_1_76' title='bbox 328 633 444 668; x_wconf 63' lang='lat' dir='ltr'>virilis,</span> <span class='ocrx_word' id='word_1_77' title='bbox 470 641 542 670; x_wconf 74' lang='lat' dir='ltr'>qua‘.</span> <span class='ocrx_word' id='word_1_78' title='bbox 574 635 633 660; x_wconf 89' lang='lat' dir='ltr'>aut</span> <span class='ocrx_word' id='word_1_79' title='bbox 656 631 689 660; x_wconf 90' lang='lat' dir='ltr'>in</span> <span class='ocrx_word' id='word_1_80' title='bbox 714 634 847 666; x_wconf 82' lang='lat' dir='ltr'>senatu,</span> <span class='ocrx_word' id='word_1_81' title='bbox 867 634 924 659; x_wconf 88' lang='lat' dir='ltr'>aut</span> 
     </span>
     <span class='ocr_line' id='line_1_16' title="bbox 195 673 926 713; baseline -0.003 -9"><span class='ocrx_word' id='word_1_82' title='bbox 195 675 229 704; x_wconf 91' lang='lat' dir='ltr'>in</span> <span class='ocrx_word' id='word_1_83' title='bbox 254 676 427 712; x_wconf 76' lang='lat' dir='ltr'>concione,</span> <span class='ocrx_word' id='word_1_84' title='bbox 451 680 510 704; x_wconf 79' lang='lat' dir='ltr'>aut</span> <span class='ocrx_word' id='word_1_85' title='bbox 542 675 576 703; x_wconf 93' lang='lat' dir='ltr'>in</span> <span class='ocrx_word' id='word_1_86' title='bbox 608 673 742 713; x_wconf 77' lang='lat' dir='ltr'>judiciis</span> <span class='ocrx_word' id='word_1_87' title='bbox 785 673 926 702; x_wconf 80' lang='lat' dir='ltr'>liabetur</span> 
     </span>
     <span class='ocr_line' id='line_1_17' title="bbox 195 717 925 755; baseline -0.004 -7"><span class='ocrx_word' id='word_1_88' title='bbox 195 719 237 748; x_wconf 88' lang='lat' dir='ltr'>ad</span> <span class='ocrx_word' id='word_1_89' title='bbox 260 720 356 755; x_wconf 74' lang='lat' dir='ltr'>cives,</span> <span class='ocrx_word' id='word_1_90' title='bbox 377 724 411 748; x_wconf 86' lang='lat' dir='ltr'>ct</span> <span class='ocrx_word' id='word_1_91' title='bbox 435 718 474 748; x_wconf 84' lang='lat' dir='ltr'>de</span> <span class='ocrx_word' id='word_1_92' title='bbox 500 718 596 748; x_wconf 84' lang='lat' dir='ltr'>rebus</span> <span class='ocrx_word' id='word_1_93' title='bbox 620 718 776 753; x_wconf 68' lang='lat' dir='ltr'>civilibus,</span> <span class='ocrx_word' id='word_1_94' title='bbox 800 717 834 746; x_wconf 91' lang='lat' dir='ltr'>in</span> <span class='ocrx_word' id='word_1_95' title='bbox 860 726 925 755; x_wconf 88' lang='lat' dir='ltr'>qua</span> 
     </span>
     <span class='ocr_line' id='line_1_18' title="bbox 199 761 923 801; baseline -0.003 -10"><span class='ocrx_word' id='word_1_96' title='bbox 199 768 301 801; x_wconf 79' lang='lat' dir='ltr'>negat</span> <span class='ocrx_word' id='word_1_97' title='bbox 324 763 480 792; x_wconf 79' lang='lat' dir='ltr'>obscuras</span> <span class='ocrx_word' id='word_1_98' title='bbox 507 762 701 800; x_wconf 73' lang='lat' dir='ltr'>abditasque</span> <span class='ocrx_word' id='word_1_99' title='bbox 739 761 923 790; x_wconf 85' lang='lat' dir='ltr'>sententias</span> 
     </span>
     <span class='ocr_line' id='line_1_19' title="bbox 195 803 924 845; baseline -0.003 -10"><span class='ocrx_word' id='word_1_100' title='bbox 195 804 308 835; x_wconf 87' lang='lat' dir='ltr'>locum</span> <span class='ocrx_word' id='word_1_101' title='bbox 332 806 466 842; x_wconf 87' lang='lat' dir='ltr'>habere,</span> <span class='ocrx_word' id='word_1_102' title='bbox 484 804 767 845; x_wconf 73' lang='lat' dir='ltr'>reprehenditque</span> <span class='ocrx_word' id='word_1_103' title='bbox 790 803 924 843; x_wconf 74' lang='lat' dir='ltr'>Thucy-</span> 
     </span>
     <span class='ocr_line' id='line_1_20' title="bbox 196 847 924 889; baseline -0.004 -10"><span class='ocrx_word' id='word_1_104' title='bbox 196 849 320 887; x_wconf 86' lang='lat' dir='ltr'>didem,</span> <span class='ocrx_word' id='word_1_105' title='bbox 360 850 415 889; x_wconf 87' lang='lat' dir='ltr'>qui</span> <span class='ocrx_word' id='word_1_106' title='bbox 453 850 492 879; x_wconf 86' lang='lat' dir='ltr'>iis</span> <span class='ocrx_word' id='word_1_107' title='bbox 532 849 707 878; x_wconf 79' lang='lat' dir='ltr'>conciones</span> <span class='ocrx_word' id='word_1_108' title='bbox 746 847 924 877; x_wconf 74' lang='lat' dir='ltr'>referserit.</span> 
     </span>
     <span class='ocr_line' id='line_1_21' title="bbox 198 890 925 932; baseline -0.003 -10"><span class='ocrx_word' id='word_1_109' title='bbox 198 893 217 910; x_wconf 60' lang='lat'>⁴*</span> <span class='ocrx_word' id='word_1_110' title='bbox 241 892 360 923; x_wconf 87' lang='lat' dir='ltr'>Milon.</span> <span class='ocrx_word' id='word_1_111' title='bbox 381 896 430 924; x_wconf 87' lang='lat'>13.</span> <span class='ocrx_word' id='word_1_112' title='bbox 456 893 534 932; x_wconf 90' lang='lat' dir='ltr'>quid</span> <span class='ocrx_word' id='word_1_113' title='bbox 558 893 649 921; x_wconf 88' lang='lat' dir='ltr'>enim</span> <span class='ocrx_word' id='word_1_114' title='bbox 673 892 796 922; x_wconf 83' lang='lat' dir='ltr'>odisset</span> <span class='ocrx_word' id='word_1_115' title='bbox 815 890 925 921; x_wconf 87' lang='lat' dir='ltr'>Clodi-</span> 
     </span>
     <span class='ocr_line' id='line_1_22' title="bbox 198 936 924 976; baseline -0.003 -10"><span class='ocrx_word' id='word_1_116' title='bbox 198 946 256 966; x_wconf 88' lang='lat' dir='ltr'>um</span> <span class='ocrx_word' id='word_1_117' title='bbox 275 937 368 973; x_wconf 86' lang='lat' dir='ltr'>Milo,</span> <span class='ocrx_word' id='word_1_118' title='bbox 391 942 512 976; x_wconf 77' lang='lat' dir='ltr'>praeter</span> <span class='ocrx_word' id='word_1_119' title='bbox 528 936 590 965; x_wconf 82' lang='lat' dir='ltr'>hoc</span> <span class='ocrx_word' id='word_1_120' title='bbox 606 936 720 966; x_wconf 87' lang='lat' dir='ltr'>odium</span> <span class='ocrx_word' id='word_1_121' title='bbox 736 936 841 971; x_wconf 79' lang='lat' dir='ltr'>civile,</span> <span class='ocrx_word' id='word_1_122' title='bbox 859 944 924 973; x_wconf 90' lang='lat' dir='ltr'>quo</span> 
     </span>
     <span class='ocr_line' id='line_1_23' title="bbox 198 979 924 1019; baseline -0.003 -10"><span class='ocrx_word' id='word_1_123' title='bbox 198 990 314 1010; x_wconf 86' lang='lat' dir='ltr'>omnes</span> <span class='ocrx_word' id='word_1_124' title='bbox 332 981 497 1019; x_wconf 83' lang='lat' dir='ltr'>improbos</span> <span class='ocrx_word' id='word_1_125' title='bbox 513 980 654 1009; x_wconf 86' lang='lat' dir='ltr'>odimus.</span> <span class='ocrx_word' id='word_1_126' title='bbox 705 979 830 1010; x_wconf 83' lang='lat' dir='ltr'>Odium</span> <span class='ocrx_word' id='word_1_127' title='bbox 847 979 924 1008; x_wconf 73' lang='lat' dir='ltr'>civi-</span> 
     </span>
     <span class='ocr_line' id='line_1_24' title="bbox 201 1022 927 1063; baseline -0.004 -10"><span class='ocrx_word' id='word_1_128' title='bbox 201 1025 229 1053; x_wconf 84' lang='lat' dir='ltr'>le</span> <span class='ocrx_word' id='word_1_129' title='bbox 256 1030 319 1060; x_wconf 81' lang='lat' dir='ltr'>est,</span> <span class='ocrx_word' id='word_1_130' title='bbox 336 1022 433 1062; x_wconf 81' lang='lat' dir='ltr'>quale</span> <span class='ocrx_word' id='word_1_131' title='bbox 458 1024 597 1063; x_wconf 86' lang='lat' dir='ltr'>impune</span> <span class='ocrx_word' id='word_1_132' title='bbox 621 1032 700 1061; x_wconf 69' lang='lat' dir='ltr'>erga</span> <span class='ocrx_word' id='word_1_133' title='bbox 722 1024 803 1053; x_wconf 69' lang='lat' dir='ltr'>cives</span> <span class='ocrx_word' id='word_1_134' title='bbox 834 1032 927 1051; x_wconf 84' lang='lat' dir='ltr'>exer-</span> 
     </span>
     <span class='ocr_line' id='line_1_25' title="bbox 199 1065 924 1105; baseline -0.003 -9"><span class='ocrx_word' id='word_1_135' title='bbox 199 1076 272 1096; x_wconf 83' lang='lat' dir='ltr'>cere</span> <span class='ocrx_word' id='word_1_136' title='bbox 291 1067 382 1105; x_wconf 82' lang='lat' dir='ltr'>licet,</span> <span class='ocrx_word' id='word_1_137' title='bbox 399 1072 565 1097; x_wconf 85' lang='lat' dir='ltr'>remotum</span> <span class='ocrx_word' id='word_1_138' title='bbox 584 1077 604 1096; x_wconf 87' lang='lat' dir='ltr'>a</span> <span class='ocrx_word' id='word_1_139' title='bbox 617 1067 647 1096; x_wconf 85' lang='lat' dir='ltr'>vi</span> <span class='ocrx_word' id='word_1_140' title='bbox 663 1073 697 1096; x_wconf 90' lang='lat' dir='ltr'>et</span> <span class='ocrx_word' id='word_1_141' title='bbox 713 1067 824 1096; x_wconf 90' lang='lat' dir='ltr'>armis.</span> <span class='ocrx_word' id='word_1_142' title='bbox 871 1065 924 1095; x_wconf 84' lang='lat' dir='ltr'>Sic</span> 
     </span>
     <span class='ocr_line' id='line_1_26' title="bbox 198 1110 925 1150; baseline -0.001 -11"><span class='ocrx_word' id='word_1_143' title='bbox 198 1111 245 1139; x_wconf 69' lang='lat' dir='ltr'>vis</span> <span class='ocrx_word' id='word_1_144' title='bbox 263 1112 364 1140; x_wconf 65' lang='lat' dir='ltr'>viz-ilis</span> <span class='ocrx_word' id='word_1_145' title='bbox 389 1118 453 1148; x_wconf 80' lang='lat' dir='ltr'>est,</span> <span class='ocrx_word' id='word_1_146' title='bbox 470 1120 535 1149; x_wconf 71' lang='lat' dir='ltr'>qua</span> <span class='ocrx_word' id='word_1_147' title='bbox 560 1111 608 1139; x_wconf 80' lang='lat' dir='ltr'>uti</span> <span class='ocrx_word' id='word_1_148' title='bbox 630 1115 769 1150; x_wconf 77' lang='lat' dir='ltr'>possunt</span> <span class='ocrx_word' id='word_1_149' title='bbox 793 1111 875 1139; x_wconf 57' lang='lat' dir='ltr'>cives</span> <span class='ocrx_word' id='word_1_150' title='bbox 892 1110 925 1138; x_wconf 89' lang='lat' dir='ltr'>in</span> 
     </span>
     <span class='ocr_line' id='line_1_27' title="bbox 199 1153 925 1194; baseline -0.001 -11"><span class='ocrx_word' id='word_1_151' title='bbox 199 1155 472 1193; x_wconf 68' lang='lat' dir='ltr'>possessionibus,</span> <span class='ocrx_word' id='word_1_152' title='bbox 495 1154 547 1183; x_wconf 84' lang='lat' dir='ltr'>eui</span> <span class='ocrx_word' id='word_1_153' title='bbox 573 1155 755 1194; x_wconf 78' lang='lat' dir='ltr'>opponitur</span> <span class='ocrx_word' id='word_1_154' title='bbox 773 1153 820 1183; x_wconf 75' lang='lat' dir='ltr'>vis</span> <span class='ocrx_word' id='word_1_155' title='bbox 837 1162 925 1182; x_wconf 62' lang='lat' dir='ltr'>iera.</span> 
     </span>
     <span class='ocr_line' id='line_1_28' title="bbox 198 1196 925 1237; baseline -0.003 -10"><span class='ocrx_word' id='word_1_156' title='bbox 198 1206 227 1226; x_wconf 81' lang='lat' dir='ltr'>v.</span> <span class='ocrx_word' id='word_1_157' title='bbox 253 1198 489 1237; x_wconf 78' lang='lat' dir='ltr'>argumentum</span> <span class='ocrx_word' id='word_1_158' title='bbox 513 1198 569 1227; x_wconf 84' lang='lat' dir='ltr'>Or.</span> <span class='ocrx_word' id='word_1_159' title='bbox 596 1208 654 1237; x_wconf 84' lang='lat' dir='ltr'>pro</span> <span class='ocrx_word' id='word_1_160' title='bbox 679 1197 813 1227; x_wconf 78' lang='lat' dir='ltr'>Caecina</span> <span class='ocrx_word' id='word_1_161' title='bbox 834 1201 868 1226; x_wconf 79' lang='lat' dir='ltr'>et</span> <span class='ocrx_word' id='word_1_162' title='bbox 891 1196 925 1226; x_wconf 88' lang='lat' dir='ltr'>in</span> 
     </span>
     <span class='ocr_line' id='line_1_29' title="bbox 199 1240 926 1271; baseline -0.001 -1"><span class='ocrx_word' id='word_1_163' title='bbox 199 1240 266 1271; x_wconf 83' lang='lat' dir='ltr'>Vis.</span> <span class='ocrx_word' id='word_1_164' title='bbox 312 1241 330 1258; x_wconf 61' lang='lat'>²*</span> <span class='ocrx_word' id='word_1_165' title='bbox 347 1241 460 1270; x_wconf 85' lang='lat' dir='ltr'>Plane.</span> <span class='ocrx_word' id='word_1_166' title='bbox 491 1244 538 1270; x_wconf 92' lang='lat' dir='ltr'>lO.</span> <span class='ocrx_word' id='word_1_167' title='bbox 562 1241 813 1271; x_wconf 76' lang='lat' dir='ltr'>Minturnenses</span> <span class='ocrx_word' id='word_1_168' title='bbox 838 1240 926 1270; x_wconf 83' lang='lat' dir='ltr'>colo-</span> 
     </span>
     <span class='ocr_line' id='line_1_30' title="bbox 200 1284 926 1323; baseline -0.001 -9"><span class='ocrx_word' id='word_1_169' title='bbox 200 1285 248 1321; x_wconf 89' lang='lat' dir='ltr'>ni,</span> <span class='ocrx_word' id='word_1_170' title='bbox 262 1284 351 1323; x_wconf 87' lang='lat' dir='ltr'>quod</span> <span class='ocrx_word' id='word_1_171' title='bbox 366 1284 403 1314; x_wconf 87' lang='lat' dir='ltr'>C.</span> <span class='ocrx_word' id='word_1_172' title='bbox 420 1285 566 1314; x_wconf 83' lang='lat' dir='ltr'>Marium</span> <span class='ocrx_word' id='word_1_173' title='bbox 584 1295 622 1314; x_wconf 80' lang='lat' dir='ltr'>ex</span> <span class='ocrx_word' id='word_1_174' title='bbox 639 1286 725 1314; x_wconf 72' lang='lat' dir='ltr'>cirili</span> <span class='ocrx_word' id='word_1_175' title='bbox 737 1294 859 1321; x_wconf 86' lang='lat' dir='ltr'>errore,</span> <span class='ocrx_word' id='word_1_176' title='bbox 875 1288 926 1313; x_wconf 89' lang='lat' dir='ltr'>at-</span> 
     </span>
     <span class='ocr_line' id='line_1_31' title="bbox 200 1328 925 1368; baseline -0.001 -11"><span class='ocrx_word' id='word_1_177' title='bbox 200 1338 264 1366; x_wconf 86' lang='lat' dir='ltr'>que</span> <span class='ocrx_word' id='word_1_178' title='bbox 282 1338 321 1358; x_wconf 78' lang='lat' dir='ltr'>ex</span> <span class='ocrx_word' id='word_1_179' title='bbox 338 1329 447 1368; x_wconf 80' lang='lat' dir='ltr'>impiis</span> <span class='ocrx_word' id='word_1_180' title='bbox 473 1329 626 1358; x_wconf 81' lang='lat' dir='ltr'>manibus</span> <span class='ocrx_word' id='word_1_181' title='bbox 650 1329 849 1367; x_wconf 83' lang='lat' dir='ltr'>eripuerunt</span> <span class='ocrx_word' id='word_1_182' title='bbox 866 1328 925 1357; x_wconf 59' lang='lat' dir='ltr'>&amp;cn</span> 
     </span>
     <span class='ocr_line' id='line_1_32' title="bbox 199 1371 925 1411; baseline -0.001 -10"><span class='ocrx_word' id='word_1_183' title='bbox 199 1371 234 1401; x_wconf 88' lang='lat' dir='ltr'>h.</span> <span class='ocrx_word' id='word_1_184' title='bbox 247 1381 275 1401; x_wconf 89' lang='lat' dir='ltr'>e.</span> <span class='ocrx_word' id='word_1_185' title='bbox 293 1381 370 1401; x_wconf 88' lang='lat' dir='ltr'>cum</span> <span class='ocrx_word' id='word_1_186' title='bbox 388 1373 464 1401; x_wconf 73' lang='lat' dir='ltr'>civis</span> <span class='ocrx_word' id='word_1_187' title='bbox 479 1373 560 1402; x_wconf 70' lang='lat' dir='ltr'>cives</span> <span class='ocrx_word' id='word_1_188' title='bbox 576 1371 708 1411; x_wconf 79' lang='lat' dir='ltr'>fugeret</span> <span class='ocrx_word' id='word_1_189' title='bbox 727 1372 763 1401; x_wconf 86' lang='lat' dir='ltr'>in</span> <span class='ocrx_word' id='word_1_190' title='bbox 781 1371 866 1401; x_wconf 86' lang='lat' dir='ltr'>bello</span> <span class='ocrx_word' id='word_1_191' title='bbox 881 1372 925 1400; x_wconf 80' lang='lat' dir='ltr'>ei-</span> 
     </span>
     <span class='ocr_line' id='line_1_33' title="bbox 198 1414 925 1454; baseline -0.003 -9"><span class='ocrx_word' id='word_1_192' title='bbox 198 1416 268 1445; x_wconf 75' lang='lat' dir='ltr'>vili.</span> <span class='ocrx_word' id='word_1_193' title='bbox 322 1415 340 1433; x_wconf 60' lang='lat'>’¹‘</span> <span class='ocrx_word' id='word_1_194' title='bbox 368 1417 474 1445; x_wconf 59' lang='lat' dir='ltr'>(it-ilis</span> <span class='ocrx_word' id='word_1_195' title='bbox 498 1415 669 1454; x_wconf 75' lang='lat' dir='ltr'>eleganter</span> <span class='ocrx_word' id='word_1_196' title='bbox 700 1415 834 1452; x_wconf 85' lang='lat' dir='ltr'>(licitur,</span> <span class='ocrx_word' id='word_1_197' title='bbox 869 1414 925 1454; x_wconf 85' lang='lat' dir='ltr'>qui</span> 
     </span>
     <span class='ocr_line' id='line_1_34' title="bbox 201 1459 928 1498; baseline 0 -10"><span class='ocrx_word' id='word_1_198' title='bbox 201 1459 382 1498; x_wconf 80' lang='lat' dir='ltr'>aequojure</span> <span class='ocrx_word' id='word_1_199' title='bbox 399 1469 514 1489; x_wconf 87' lang='lat' dir='ltr'>omnes</span> <span class='ocrx_word' id='word_1_200' title='bbox 529 1460 612 1489; x_wconf 70' lang='lat' dir='ltr'>cives</span> <span class='ocrx_word' id='word_1_201' title='bbox 626 1469 739 1489; x_wconf 79' lang='lat' dir='ltr'>seeum</span> <span class='ocrx_word' id='word_1_202' title='bbox 756 1468 825 1487; x_wconf 79' lang='lat' dir='ltr'>esse</span> <span class='ocrx_word' id='word_1_203' title='bbox 843 1459 928 1498; x_wconf 85' lang='lat' dir='ltr'>pati-</span> 
     </span>
     <span class='ocr_line' id='line_1_35' title="bbox 201 1502 927 1539; baseline 0 -7"><span class='ocrx_word' id='word_1_204' title='bbox 201 1507 270 1539; x_wconf 89' lang='lat' dir='ltr'>tur,</span> <span class='ocrx_word' id='word_1_205' title='bbox 307 1503 476 1532; x_wconf 85' lang='lat' dir='ltr'>neminem</span> <span class='ocrx_word' id='word_1_206' title='bbox 515 1503 716 1539; x_wconf 81' lang='lat' dir='ltr'>contemnit,</span> <span class='ocrx_word' id='word_1_207' title='bbox 751 1502 835 1532; x_wconf 82' lang='lat' dir='ltr'>nibil</span> <span class='ocrx_word' id='word_1_208' title='bbox 866 1502 927 1532; x_wconf 87' lang='lat' dir='ltr'>sibi</span> 
     </span>
     <span class='ocr_line' id='line_1_36' title="bbox 201 1546 927 1586; baseline 0.001 -11"><span class='ocrx_word' id='word_1_209' title='bbox 201 1546 361 1586; x_wconf 83' lang='lat' dir='ltr'>praecipui</span> <span class='ocrx_word' id='word_1_210' title='bbox 376 1551 522 1585; x_wconf 78' lang='lat' dir='ltr'>arrogat,</span> <span class='ocrx_word' id='word_1_211' title='bbox 534 1547 645 1583; x_wconf 77' lang='lat' dir='ltr'>verbo,</span> <span class='ocrx_word' id='word_1_212' title='bbox 663 1547 712 1576; x_wconf 85' lang='lat' dir='ltr'>ita</span> <span class='ocrx_word' id='word_1_213' title='bbox 722 1547 756 1576; x_wconf 89' lang='lat' dir='ltr'>in</span> <span class='ocrx_word' id='word_1_214' title='bbox 773 1546 927 1576; x_wconf 86' lang='lat' dir='ltr'>omnibus</span> 
     </span>
     <span class='ocr_line' id='line_1_37' title="bbox 201 1589 928 1629; baseline 0.001 -11"><span class='ocrx_word' id='word_1_215' title='bbox 201 1589 298 1619; x_wconf 86' lang='lat' dir='ltr'>rebus</span> <span class='ocrx_word' id='word_1_216' title='bbox 316 1600 350 1618; x_wconf 79' lang='lat' dir='ltr'>se</span> <span class='ocrx_word' id='word_1_217' title='bbox 365 1590 505 1629; x_wconf 59' lang='lat' dir='ltr'>praebet,</span> <span class='ocrx_word' id='word_1_218' title='bbox 523 1596 575 1627; x_wconf 84' lang='lat' dir='ltr'>ut,</span> <span class='ocrx_word' id='word_1_219' title='bbox 597 1595 722 1619; x_wconf 83' lang='lat' dir='ltr'>ceteros</span> <span class='ocrx_word' id='word_1_220' title='bbox 738 1600 868 1629; x_wconf 85' lang='lat' dir='ltr'>quoque</span> <span class='ocrx_word' id='word_1_221' title='bbox 884 1590 928 1620; x_wconf 83' lang='lat' dir='ltr'>ci-</span> 
     </span>
     <span class='ocr_line' id='line_1_38' title="bbox 199 1633 925 1670; baseline 0.001 -8"><span class='ocrx_word' id='word_1_222' title='bbox 199 1643 252 1662; x_wconf 80' lang='lat' dir='ltr'>ves</span> <span class='ocrx_word' id='word_1_223' title='bbox 282 1642 366 1670; x_wconf 85' lang='lat' dir='ltr'>esse,</span> <span class='ocrx_word' id='word_1_224' title='bbox 396 1633 550 1663; x_wconf 69' lang='lat' dir='ltr'>videatur</span> <span class='ocrx_word' id='word_1_225' title='bbox 580 1634 782 1664; x_wconf 74' lang='lat' dir='ltr'>meminisse.</span> <span class='ocrx_word' id='word_1_226' title='bbox 837 1633 925 1664; x_wconf 86' lang='lat' dir='ltr'>Nam</span> 
     </span>
     <span class='ocr_line' id='line_1_39' title="bbox 201 1676 928 1717; baseline 0 -11"><span class='ocrx_word' id='word_1_227' title='bbox 201 1677 258 1716; x_wconf 88' lang='lat' dir='ltr'>qui</span> <span class='ocrx_word' id='word_1_228' title='bbox 273 1676 371 1706; x_wconf 76' lang='lat' dir='ltr'>aliter</span> <span class='ocrx_word' id='word_1_229' title='bbox 386 1677 468 1715; x_wconf 83' lang='lat' dir='ltr'>agit,</span> <span class='ocrx_word' id='word_1_230' title='bbox 484 1677 634 1707; x_wconf 86' lang='lat' dir='ltr'>homines</span> <span class='ocrx_word' id='word_1_231' title='bbox 649 1677 766 1707; x_wconf 79' lang='lat' dir='ltr'>&#39;liberos</span> <span class='ocrx_word' id='word_1_232' title='bbox 783 1686 850 1707; x_wconf 88' lang='lat' dir='ltr'>non</span> <span class='ocrx_word' id='word_1_233' title='bbox 868 1688 928 1717; x_wconf 87' lang='lat' dir='ltr'>pu-</span> 
     </span>
     <span class='ocr_line' id='line_1_40' title="bbox 200 1720 927 1757; baseline 0.001 -8"><span class='ocrx_word' id='word_1_234' title='bbox 200 1727 273 1750; x_wconf 87' lang='lat' dir='ltr'>tare</span> <span class='ocrx_word' id='word_1_235' title='bbox 297 1720 432 1757; x_wconf 85' lang='lat' dir='ltr'>dicitur,</span> <span class='ocrx_word' id='word_1_236' title='bbox 449 1726 487 1750; x_wconf 87' lang='lat' dir='ltr'>ut</span> <span class='ocrx_word' id='word_1_237' title='bbox 501 1721 594 1751; x_wconf 80' lang='lat' dir='ltr'>Verr.</span> <span class='ocrx_word' id='word_1_238' title='bbox 612 1722 634 1750; x_wconf 90' lang='lat' dir='ltr'>i.</span> <span class='ocrx_word' id='word_1_239' title='bbox 657 1724 709 1755; x_wconf 71' lang='lat'>47.</span> <span class='ocrx_word' id='word_1_240' title='bbox 727 1721 798 1750; x_wconf 78' lang='lat' dir='ltr'>Fiu.</span> <span class='ocrx_word' id='word_1_241' title='bbox 816 1731 846 1751; x_wconf 83' lang='lat' dir='ltr'>v.</span> <span class='ocrx_word' id='word_1_242' title='bbox 874 1723 927 1752; x_wconf 75' lang='lat'>23.</span> 
     </span>
     <span class='ocr_line' id='line_1_41' title="bbox 203 1764 926 1803; baseline 0.001 -10"><span class='ocrx_word' id='word_1_243' title='bbox 203 1764 288 1794; x_wconf 88' lang='lat' dir='ltr'>Cum</span> <span class='ocrx_word' id='word_1_244' title='bbox 313 1765 359 1794; x_wconf 89' lang='lat' dir='ltr'>sic</span> <span class='ocrx_word' id='word_1_245' title='bbox 383 1764 528 1794; x_wconf 87' lang='lat' dir='ltr'>hominis</span> <span class='ocrx_word' id='word_1_246' title='bbox 552 1768 672 1794; x_wconf 80' lang='lat' dir='ltr'>natura</span> <span class='ocrx_word' id='word_1_247' title='bbox 696 1770 855 1803; x_wconf 66' lang='lat' dir='ltr'>generata</span> <span class='ocrx_word' id='word_1_248' title='bbox 870 1766 926 1801; x_wconf 82' lang='lat' dir='ltr'>sit,</span> 
     </span>
     <span class='ocr_line' id='line_1_42' title="bbox 204 1807 927 1847; baseline 0.001 -11"><span class='ocrx_word' id='word_1_249' title='bbox 204 1812 241 1836; x_wconf 83' lang='lat' dir='ltr'>ut</span> <span class='ocrx_word' id='word_1_250' title='bbox 266 1807 386 1837; x_wconf 86' lang='lat' dir='ltr'>babeat</span> <span class='ocrx_word' id='word_1_251' title='bbox 407 1808 565 1847; x_wconf 73' lang='lat' dir='ltr'>quiddam</span> <span class='ocrx_word' id='word_1_252' title='bbox 588 1809 743 1838; x_wconf 82' lang='lat' dir='ltr'>innatum</span> <span class='ocrx_word' id='word_1_253' title='bbox 768 1808 860 1846; x_wconf 82' lang='lat' dir='ltr'>quasi</span> <span class='ocrx_word' id='word_1_254' title='bbox 883 1810 927 1838; x_wconf 81' lang='lat' dir='ltr'>ci-</span> 
     </span>
     <span class='ocr_line' id='line_1_43' title="bbox 201 1851 927 1891; baseline 0.001 -11"><span class='ocrx_word' id='word_1_255' title='bbox 201 1852 265 1880; x_wconf 79' lang='lat' dir='ltr'>vile</span> <span class='ocrx_word' id='word_1_256' title='bbox 307 1856 407 1890; x_wconf 83' lang='lat' dir='ltr'>atque</span> <span class='ocrx_word' id='word_1_257' title='bbox 459 1851 617 1891; x_wconf 81' lang='lat' dir='ltr'>populare</span> <span class='ocrx_word' id='word_1_258' title='bbox 635 1863 644 1889; x_wconf 88' lang='lat'>;</span> <span class='ocrx_word' id='word_1_259' title='bbox 691 1852 779 1891; x_wconf 78' lang='lat' dir='ltr'>quod</span> <span class='ocrx_word' id='word_1_260' title='bbox 820 1851 927 1882; x_wconf 81' lang='lat' dir='ltr'>Graeei</span> 
     </span>
     <span class='ocr_line' id='line_1_44' title="bbox 203 1894 927 1935; baseline 0 -11"><span class='ocrx_word' id='word_1_261' title='bbox 203 1894 353 1924; x_wconf 66' lang='grc' dir='ltr'><strong><em>πολιτικὸν</em></strong></span> <span class='ocrx_word' id='word_1_262' title='bbox 369 1900 506 1925; x_wconf 85' lang='lat' dir='ltr'>vocant:</span> <span class='ocrx_word' id='word_1_263' title='bbox 525 1895 682 1934; x_wconf 81' lang='lat' dir='ltr'>quicquid</span> <span class='ocrx_word' id='word_1_264' title='bbox 695 1902 771 1935; x_wconf 86' lang='lat' dir='ltr'>aget</span> <span class='ocrx_word' id='word_1_265' title='bbox 788 1905 927 1934; x_wconf 83' lang='lat' dir='ltr'>quaeqne</span> 
     </span>
     <span class='ocr_line' id='line_1_45' title="bbox 202 1938 926 1978; baseline 0.003 -11"><span class='ocrx_word' id='word_1_266' title='bbox 202 1939 320 1975; x_wconf 77' lang='lat' dir='ltr'>virtus,</span> <span class='ocrx_word' id='word_1_267' title='bbox 336 1938 370 1968; x_wconf 90' lang='lat' dir='ltr'>id</span> <span class='ocrx_word' id='word_1_268' title='bbox 393 1949 412 1968; x_wconf 82' lang='lat' dir='ltr'>a</span> <span class='ocrx_word' id='word_1_269' title='bbox 428 1940 685 1973; x_wconf 77' lang='lat' dir='ltr'>communitate,</span> <span class='ocrx_word' id='word_1_270' title='bbox 709 1943 743 1968; x_wconf 85' lang='lat' dir='ltr'>et</span> <span class='ocrx_word' id='word_1_271' title='bbox 759 1949 810 1975; x_wconf 87' lang='lat' dir='ltr'>ea,</span> <span class='ocrx_word' id='word_1_272' title='bbox 827 1949 926 1978; x_wconf 82' lang='lat' dir='ltr'>quam</span> 
     </span>
     <span class='ocr_line' id='line_1_46' title="bbox 202 1983 929 2022; baseline 0.001 -11"><span class='ocrx_word' id='word_1_273' title='bbox 202 1983 354 2022; x_wconf 79' lang='lat' dir='ltr'>exposui,</span> <span class='ocrx_word' id='word_1_274' title='bbox 371 1983 509 2012; x_wconf 74' lang='lat' dir='ltr'>caritate</span> <span class='ocrx_word' id='word_1_275' title='bbox 521 1990 621 2021; x_wconf 80' lang='lat' dir='ltr'>atque</span> <span class='ocrx_word' id='word_1_276' title='bbox 633 1983 794 2013; x_wconf 81' lang='lat' dir='ltr'>societate</span> <span class='ocrx_word' id='word_1_277' title='bbox 811 1983 929 2012; x_wconf 85' lang='lat' dir='ltr'>huma-</span> 
     </span>
     <span class='ocr_line' id='line_1_47' title="bbox 203 2026 930 2057; baseline 0.003 -3"><span class='ocrx_word' id='word_1_278' title='bbox 203 2034 248 2054; x_wconf 84' lang='lat' dir='ltr'>na</span> <span class='ocrx_word' id='word_1_279' title='bbox 270 2035 337 2055; x_wconf 92' lang='lat' dir='ltr'>non</span> <span class='ocrx_word' id='word_1_280' title='bbox 361 2026 562 2056; x_wconf 83' lang='lat' dir='ltr'>abhorrebit.</span> <span class='ocrx_word' id='word_1_281' title='bbox 580 2027 639 2056; x_wconf 70' lang='grc' dir='ltr'><strong>ἃς.</strong></span> <span class='ocrx_word' id='word_1_282' title='bbox 668 2037 698 2056; x_wconf 83' lang='lat' dir='ltr'>v.</span> <span class='ocrx_word' id='word_1_283' title='bbox 726 2026 867 2057; x_wconf 83' lang='lat' dir='ltr'>Casaub.</span> <span class='ocrx_word' id='word_1_284' title='bbox 888 2026 930 2057; x_wconf 87' lang='lat' dir='ltr'>ad</span> 
     </span>
     <span class='ocr_line' id='line_1_48' title="bbox 206 2068 928 2108; baseline 0.004 -11"><span class='ocrx_word' id='word_1_285' title='bbox 206 2068 345 2099; x_wconf 78' lang='lat' dir='ltr'>Sueten.</span> <span class='ocrx_word' id='word_1_286' title='bbox 361 2069 446 2108; x_wconf 72' lang='lat' dir='ltr'>Aug.</span> <span class='ocrx_word' id='word_1_287' title='bbox 464 2073 516 2100; x_wconf 83' lang='lat'>51.</span> <span class='ocrx_word' id='word_1_288' title='bbox 542 2069 698 2100; x_wconf 83' lang='lat' dir='ltr'>Torrent.</span> <span class='ocrx_word' id='word_1_289' title='bbox 715 2070 756 2099; x_wconf 89' lang='lat' dir='ltr'>ad</span> <span class='ocrx_word' id='word_1_290' title='bbox 773 2071 856 2100; x_wconf 64' lang='lat' dir='ltr'>ems.</span> <span class='ocrx_word' id='word_1_291' title='bbox 875 2074 928 2104; x_wconf 78' lang='lat'>75.</span> 
     </span>
     <span class='ocr_line' id='line_1_49' title="bbox 204 2111 928 2146; baseline 0.008 -6"><span class='ocrx_word' id='word_1_292' title='bbox 204 2111 347 2142; x_wconf 85' lang='lat' dir='ltr'>Gronov.</span> <span class='ocrx_word' id='word_1_293' title='bbox 371 2113 450 2142; x_wconf 80' lang='lat' dir='ltr'>Obs.</span> <span class='ocrx_word' id='word_1_294' title='bbox 482 2114 523 2142; x_wconf 86' lang='lat' dir='ltr'>iv.</span> <span class='ocrx_word' id='word_1_295' title='bbox 549 2117 578 2143; x_wconf 86' lang='lat'>5.</span> <span class='ocrx_word' id='word_1_296' title='bbox 603 2113 673 2143; x_wconf 60' lang='lat' dir='ltr'>*ad</span> <span class='ocrx_word' id='word_1_297' title='bbox 699 2113 777 2144; x_wconf 90' lang='lat' dir='ltr'>Div.</span> <span class='ocrx_word' id='word_1_298' title='bbox 804 2115 849 2143; x_wconf 85' lang='lat' dir='ltr'>xi.</span> <span class='ocrx_word' id='word_1_299' title='bbox 875 2116 928 2146; x_wconf 69' lang='lat'>28.</span> 
     </span>
     <span class='ocr_line' id='line_1_50' title="bbox 205 2156 930 2198; baseline 0.006 -14"><span class='ocrx_word' id='word_1_300' title='bbox 205 2164 264 2195; x_wconf 88' lang='lat' dir='ltr'>pro</span> <span class='ocrx_word' id='word_1_301' title='bbox 280 2156 365 2185; x_wconf 72' lang='lat' dir='ltr'>cirili</span> <span class='ocrx_word' id='word_1_302' title='bbox 379 2162 485 2195; x_wconf 79' lang='lat' dir='ltr'>parte.</span> <span class='ocrx_word' id='word_1_303' title='bbox 513 2157 533 2186; x_wconf 91' lang='lat' dir='ltr'>i.</span> <span class='ocrx_word' id='word_1_304' title='bbox 551 2167 580 2186; x_wconf 88' lang='lat' dir='ltr'>e.</span> <span class='ocrx_word' id='word_1_305' title='bbox 598 2162 764 2195; x_wconf 79' lang='lat' dir='ltr'>qnantum</span> <span class='ocrx_word' id='word_1_306' title='bbox 780 2159 855 2188; x_wconf 77' lang='lat' dir='ltr'>civis</span> <span class='ocrx_word' id='word_1_307' title='bbox 870 2168 930 2198; x_wconf 87' lang='lat' dir='ltr'>pro</span> 
     </span>
     <span class='ocr_line' id='line_1_51' title="bbox 204 2200 726 2239; baseline 0.006 -11"><span class='ocrx_word' id='word_1_308' title='bbox 204 2208 265 2228; x_wconf 83' lang='lat' dir='ltr'>sua</span> <span class='ocrx_word' id='word_1_309' title='bbox 281 2203 373 2238; x_wconf 84' lang='lat' dir='ltr'>parte</span> <span class='ocrx_word' id='word_1_310' title='bbox 390 2205 424 2229; x_wconf 86' lang='lat' dir='ltr'>et</span> <span class='ocrx_word' id='word_1_311' title='bbox 440 2203 552 2239; x_wconf 81' lang='lat' dir='ltr'>potest</span> <span class='ocrx_word' id='word_1_312' title='bbox 566 2205 599 2230; x_wconf 89' lang='lat' dir='ltr'>et</span> <span class='ocrx_word' id='word_1_313' title='bbox 618 2200 726 2231; x_wconf 73' lang='lat' dir='ltr'>debet.</span> 
     </span>
    </p>

    <p class='ocr_par' dir='ltr' id='par_1_6' title="bbox 204 2242 931 2498">
     <span class='ocr_line' id='line_1_52' title="bbox 253 2242 930 2283; baseline 0.004 -12"><span class='ocrx_word' id='word_1_314' title='bbox 253 2242 407 2272; x_wconf 55' lang='lat' dir='ltr'>civiliter.</span> <span class='ocrx_word' id='word_1_315' title='bbox 431 2243 473 2273; x_wconf 83' lang='lat' dir='ltr'>ad</span> <span class='ocrx_word' id='word_1_316' title='bbox 499 2244 575 2274; x_wconf 88' lang='lat' dir='ltr'>Div.</span> <span class='ocrx_word' id='word_1_317' title='bbox 599 2245 667 2274; x_wconf 77' lang='lat' dir='ltr'>viii.</span> <span class='ocrx_word' id='word_1_318' title='bbox 688 2247 736 2274; x_wconf 66' lang='lat'>1⁴.</span> <span class='ocrx_word' id='word_1_319' title='bbox 770 2243 930 2283; x_wconf 80' lang='lat' dir='ltr'>quamdiu</span> 
     </span>
     <span class='ocr_line' id='line_1_53' title="bbox 204 2286 930 2325; baseline 0.001 -9"><span class='ocrx_word' id='word_1_320' title='bbox 204 2286 345 2316; x_wconf 60' lang='lat' dir='ltr'>viriliter</span> <span class='ocrx_word' id='word_1_321' title='bbox 368 2287 437 2316; x_wconf 85' lang='lat' dir='ltr'>sine</span> <span class='ocrx_word' id='word_1_322' title='bbox 462 2289 574 2325; x_wconf 84' lang='lat' dir='ltr'>armis,</span> <span class='ocrx_word' id='word_1_323' title='bbox 603 2292 783 2325; x_wconf 75' lang='lat' dir='ltr'>cernetur3</span> <span class='ocrx_word' id='word_1_324' title='bbox 810 2293 860 2317; x_wconf 77' lang='lat' dir='ltr'>cst</span> <span class='ocrx_word' id='word_1_325' title='bbox 889 2288 930 2317; x_wconf 85' lang='lat' dir='ltr'>de</span> 
     </span>
     <span class='ocr_line' id='line_1_54' title="bbox 204 2330 931 2371; baseline 0.003 -12"><span class='ocrx_word' id='word_1_326' title='bbox 204 2330 476 2360; x_wconf 85' lang='lat' dir='ltr'>contentionibus</span> <span class='ocrx_word' id='word_1_327' title='bbox 493 2331 533 2360; x_wconf 84' lang='lat' dir='ltr'>ad</span> <span class='ocrx_word' id='word_1_328' title='bbox 551 2341 655 2371; x_wconf 85' lang='lat' dir='ltr'>remp.</span> <span class='ocrx_word' id='word_1_329' title='bbox 669 2332 931 2371; x_wconf 80' lang='lat' dir='ltr'>pertinentibus,</span> 
     </span>
     <span class='ocr_line' id='line_1_55' title="bbox 204 2373 928 2413; baseline 0.003 -10"><span class='ocrx_word' id='word_1_330' title='bbox 204 2373 318 2412; x_wconf 85' lang='lat' dir='ltr'>quales</span> <span class='ocrx_word' id='word_1_331' title='bbox 336 2383 406 2403; x_wconf 88' lang='lat' dir='ltr'>esse</span> <span class='ocrx_word' id='word_1_332' title='bbox 421 2374 454 2403; x_wconf 89' lang='lat' dir='ltr'>in</span> <span class='ocrx_word' id='word_1_333' title='bbox 468 2380 587 2404; x_wconf 79' lang='lat' dir='ltr'>senatu</span> <span class='ocrx_word' id='word_1_334' title='bbox 600 2375 721 2412; x_wconf 82' lang='lat' dir='ltr'>solent,</span> <span class='ocrx_word' id='word_1_335' title='bbox 737 2376 796 2404; x_wconf 58' lang='lat' dir='ltr'>&amp;cu</span> <span class='ocrx_word' id='word_1_336' title='bbox 809 2374 928 2413; x_wconf 71' lang='lat' dir='ltr'>fragm.</span> 
     </span>
     <span class='ocr_line' id='line_1_56' title="bbox 204 2417 930 2458; baseline 0.003 -12"><span class='ocrx_word' id='word_1_337' title='bbox 204 2426 256 2456; x_wconf 87' lang='lat' dir='ltr'>ep.</span> <span class='ocrx_word' id='word_1_338' title='bbox 282 2417 497 2457; x_wconf 79' lang='lat' dir='ltr'>philosophiae</span> <span class='ocrx_word' id='word_1_339' title='bbox 518 2419 653 2457; x_wconf 77' lang='lat' dir='ltr'>quidem</span> <span class='ocrx_word' id='word_1_340' title='bbox 681 2424 849 2458; x_wconf 75' lang='lat' dir='ltr'>praeeepta</span> <span class='ocrx_word' id='word_1_341' title='bbox 872 2428 930 2448; x_wconf 84' lang='lat' dir='ltr'>no·</span> 
     </span>
     <span class='ocr_line' id='line_1_57' title="bbox 204 2460 835 2498; baseline -0.002 -6"><span class='ocrx_word' id='word_1_342' title='bbox 204 2460 340 2498; x_wconf 75' lang='lat' dir='ltr'>scenda,</span> <span class='ocrx_word' id='word_1_343' title='bbox 357 2462 537 2492; x_wconf 86' lang='lat' dir='ltr'>vivendum</span> <span class='ocrx_word' id='word_1_344' title='bbox 555 2467 668 2492; x_wconf 65' lang='lat' dir='ltr'>autem</span> <span class='ocrx_word' id='word_1_345' title='bbox 686 2463 835 2492; x_wconf 70' lang='lat' dir='ltr'>civiliter.</span> 
     </span>
    </p>

    <p class='ocr_par' dir='ltr' id='par_1_7' title="bbox 198 2504 934 2840">
     <span class='ocr_line' id='line_1_58' title="bbox 253 2504 929 2536; baseline 0.001 -2"><span class='ocrx_word' id='word_1_346' title='bbox 253 2504 382 2534; x_wconf 72' lang='lat' dir='ltr'>Civitas.</span> <span class='ocrx_word' id='word_1_347' title='bbox 407 2507 496 2535; x_wconf 78' lang='lat' dir='ltr'>Sext.</span> <span class='ocrx_word' id='word_1_348' title='bbox 524 2508 578 2536; x_wconf 70' lang='lat'>4⁶3.</span> <span class='ocrx_word' id='word_1_349' title='bbox 609 2506 845 2536; x_wconf 82' lang='lat' dir='ltr'>conventicula</span> <span class='ocrx_word' id='word_1_350' title='bbox 870 2505 929 2535; x_wconf 85' lang='lat' dir='ltr'>ho-</span> 
     </span>
     <span class='ocr_line' id='line_1_59' title="bbox 205 2548 930 2589; baseline 0 -12"><span class='ocrx_word' id='word_1_351' title='bbox 205 2548 350 2584; x_wconf 88' lang='lat' dir='ltr'>minum,</span> <span class='ocrx_word' id='word_1_352' title='bbox 383 2558 455 2586; x_wconf 79' lang='lat' dir='ltr'>quae</span> <span class='ocrx_word' id='word_1_353' title='bbox 488 2556 606 2588; x_wconf 86' lang='lat' dir='ltr'>postea</span> <span class='ocrx_word' id='word_1_354' title='bbox 642 2551 787 2580; x_wconf 61' lang='lat' dir='ltr'>ciuitates</span> <span class='ocrx_word' id='word_1_355' title='bbox 816 2548 930 2589; x_wconf 82' lang='lat' dir='ltr'>appel-</span> 
     </span>
     <span class='ocr_line' id='line_1_60' title="bbox 204 2590 932 2632; baseline 0.004 -12"><span class='ocrx_word' id='word_1_356' title='bbox 204 2590 281 2621; x_wconf 79' lang='lat' dir='ltr'>latae</span> <span class='ocrx_word' id='word_1_357' title='bbox 320 2598 410 2621; x_wconf 84' lang='lat' dir='ltr'>sunt.</span> <span class='ocrx_word' id='word_1_358' title='bbox 449 2593 562 2622; x_wconf 84' lang='lat' dir='ltr'>Somn.</span> <span class='ocrx_word' id='word_1_359' title='bbox 596 2593 684 2632; x_wconf 87' lang='lat' dir='ltr'>Scip.</span> <span class='ocrx_word' id='word_1_360' title='bbox 716 2596 747 2623; x_wconf 81' lang='lat'>3.</span> <span class='ocrx_word' id='word_1_361' title='bbox 790 2592 932 2623; x_wconf 79' lang='lat' dir='ltr'>eom-iiia</span> 
     </span>
     <span class='ocr_line' id='line_1_61' title="bbox 203 2634 931 2676; baseline 0.003 -12"><span class='ocrx_word' id='word_1_362' title='bbox 203 2639 376 2673; x_wconf 79' lang='lat' dir='ltr'>coetusque</span> <span class='ocrx_word' id='word_1_363' title='bbox 405 2634 580 2666; x_wconf 87' lang='lat' dir='ltr'>hominum</span> <span class='ocrx_word' id='word_1_364' title='bbox 598 2637 676 2676; x_wconf 80' lang='lat' dir='ltr'>jure</span> <span class='ocrx_word' id='word_1_365' title='bbox 700 2636 831 2674; x_wconf 83' lang='lat' dir='ltr'>sociati,</span> <span class='ocrx_word' id='word_1_366' title='bbox 856 2646 931 2675; x_wconf 79' lang='lat' dir='ltr'>quae</span> 
     </span>
     <span class='ocr_line' id='line_1_62' title="bbox 202 2679 932 2719; baseline 0.003 -12"><span class='ocrx_word' id='word_1_367' title='bbox 202 2679 348 2708; x_wconf 58' lang='lat' dir='ltr'>civitates</span> <span class='ocrx_word' id='word_1_368' title='bbox 376 2679 602 2719; x_wconf 76' lang='lat' dir='ltr'>appellantur,</span> <span class='ocrx_word' id='word_1_369' title='bbox 630 2680 690 2709; x_wconf 84' lang='lat' dir='ltr'>&amp;c.</span> <span class='ocrx_word' id='word_1_370' title='bbox 723 2680 816 2719; x_wconf 44' lang='lat' dir='ltr'>²’ipro</span> <span class='ocrx_word' id='word_1_371' title='bbox 839 2681 932 2710; x_wconf 83' lang='lat' dir='ltr'>urbe.</span> 
     </span>
     <span class='ocr_line' id='line_1_63' title="bbox 204 2721 933 2763; baseline -0.001 -10"><span class='ocrx_word' id='word_1_372' title='bbox 204 2721 323 2753; x_wconf 85' lang='lat' dir='ltr'>Manil.</span> <span class='ocrx_word' id='word_1_373' title='bbox 340 2724 392 2753; x_wconf 67' lang='lat'>⁶2⁶2.</span> <span class='ocrx_word' id='word_1_374' title='bbox 409 2733 483 2761; x_wconf 81' lang='lat' dir='ltr'>quae</span> <span class='ocrx_word' id='word_1_375' title='bbox 499 2725 612 2754; x_wconf 70' lang='lat' dir='ltr'>civicas</span> <span class='ocrx_word' id='word_1_376' title='bbox 624 2728 675 2753; x_wconf 86' lang='lat' dir='ltr'>cst</span> <span class='ocrx_word' id='word_1_377' title='bbox 691 2723 724 2752; x_wconf 84' lang='lat' dir='ltr'>in</span> <span class='ocrx_word' id='word_1_378' title='bbox 742 2723 831 2752; x_wconf 81' lang='lat' dir='ltr'>Asia.</span> <span class='ocrx_word' id='word_1_379' title='bbox 843 2723 862 2741; x_wconf 46' lang='grc' dir='ltr'>ἤϊ’</span> <span class='ocrx_word' id='word_1_380' title='bbox 873 2732 933 2763; x_wconf 86' lang='lat' dir='ltr'>pro</span> 
     </span>
     <span class='ocr_line' id='line_1_64' title="bbox 198 2766 934 2805; baseline 0.004 -11"><span class='ocrx_word' id='word_1_381' title='bbox 198 2766 276 2805; x_wconf 85' lang='lat' dir='ltr'>jure</span> <span class='ocrx_word' id='word_1_382' title='bbox 293 2767 443 2796; x_wconf 69' lang='lat' dir='ltr'>civitatis,</span> <span class='ocrx_word' id='word_1_383' title='bbox 467 2766 567 2797; x_wconf 83' lang='lat' dir='ltr'>Areh.</span> <span class='ocrx_word' id='word_1_384' title='bbox 583 2770 614 2797; x_wconf 85' lang='lat'>4.</span> <span class='ocrx_word' id='word_1_385' title='bbox 644 2767 766 2798; x_wconf 76' lang='lat' dir='ltr'>Civitas</span> <span class='ocrx_word' id='word_1_386' title='bbox 789 2766 868 2796; x_wconf 86' lang='lat' dir='ltr'>data</span> <span class='ocrx_word' id='word_1_387' title='bbox 882 2771 934 2797; x_wconf 87' lang='lat' dir='ltr'>est</span> 
     </span>
     <span class='ocr_line' id='line_1_65' title="bbox 204 2808 494 2840; baseline 0.007 -2"><span class='ocrx_word' id='word_1_388' title='bbox 204 2808 494 2840; x_wconf 83' lang='lat' dir='ltr'>Heracleensibus.</span> 
     </span>
    </p>

    <p class='ocr_par' dir='ltr' id='par_1_8' title="bbox 202 2852 936 2938">
     <span class='ocr_line' id='line_1_66' title="bbox 252 2852 936 2891; baseline 0 -8"><span class='ocrx_word' id='word_1_389' title='bbox 252 2853 354 2883; x_wconf 83' lang='lat' dir='ltr'>Clam.</span> <span class='ocrx_word' id='word_1_390' title='bbox 381 2853 505 2884; x_wconf 79' lang='lat' dir='ltr'>Caecin.</span> <span class='ocrx_word' id='word_1_391' title='bbox 525 2855 577 2884; x_wconf 68' lang='lat'>39.</span> <span class='ocrx_word' id='word_1_392' title='bbox 595 2854 636 2884; x_wconf 88' lang='lat' dir='ltr'>ab</span> <span class='ocrx_word' id='word_1_393' title='bbox 652 2863 686 2883; x_wconf 88' lang='lat' dir='ltr'>se</span> <span class='ocrx_word' id='word_1_394' title='bbox 704 2852 799 2884; x_wconf 91' lang='lat' dir='ltr'>illum</span> <span class='ocrx_word' id='word_1_395' title='bbox 817 2858 877 2883; x_wconf 88' lang='lat' dir='ltr'>aut</span> <span class='ocrx_word' id='word_1_396' title='bbox 891 2854 936 2891; x_wconf 91' lang='lat' dir='ltr'>vi,</span> 
     </span>
     <span class='ocr_line' id='line_1_67' title="bbox 202 2897 935 2938; baseline 0.003 -12"><span class='ocrx_word' id='word_1_397' title='bbox 202 2902 264 2927; x_wconf 79' lang='lat' dir='ltr'>aut</span> <span class='ocrx_word' id='word_1_398' title='bbox 297 2899 397 2936; x_wconf 78' lang='lat' dir='ltr'>clam,</span> <span class='ocrx_word' id='word_1_399' title='bbox 433 2902 493 2928; x_wconf 78' lang='lat' dir='ltr'>aut</span> <span class='ocrx_word' id='word_1_400' title='bbox 537 2897 698 2937; x_wconf 85' lang='lat' dir='ltr'>praecario</span> <span class='ocrx_word' id='word_1_401' title='bbox 740 2897 935 2938; x_wconf 81' lang='lat' dir='ltr'>possedisse.</span> 
     </span>
    </p>
   </div>
   <div class='ocr_carea' id='block_1_6' title="bbox 1618 99 1696 136">
    <p class='ocr_par' dir='ltr' id='par_1_9' title="bbox 1618 99 1696 136">
     <span class='ocr_line' id='line_1_68' title="bbox 1618 99 1696 136; baseline 0.013 -1"><span class='ocrx_word' id='word_1_402' title='bbox 1618 99 1696 136; x_wconf 78' lang='lat'>221</span> 
     </span>
    </p>
   </div>
   <div class='ocr_carea' id='block_1_7' title="bbox 963 191 1710 2930">
    <p class='ocr_par' dir='ltr' id='par_1_10' title="bbox 963 191 1699 451">
     <span class='ocr_line' id='line_1_69' title="bbox 967 191 1697 235; baseline 0.005 -12"><span class='ocrx_word' id='word_1_403' title='bbox 967 193 1061 224; x_wconf 85' lang='lat' dir='ltr'>Clam</span> <span class='ocrx_word' id='word_1_404' title='bbox 1084 192 1265 233; x_wconf 74' lang='lat' dir='ltr'>possidere,</span> <span class='ocrx_word' id='word_1_405' title='bbox 1292 196 1332 223; x_wconf 88' lang='lat' dir='ltr'>ut</span> <span class='ocrx_word' id='word_1_406' title='bbox 1364 191 1529 232; x_wconf 79' lang='lat' dir='ltr'>Ulpianus</span> <span class='ocrx_word' id='word_1_407' title='bbox 1563 193 1697 235; x_wconf 73' lang='lat' dir='ltr'>definit,</span> 
     </span>
     <span class='ocr_line' id='line_1_70' title="bbox 963 236 1699 280; baseline 0.003 -12"><span class='ocrx_word' id='word_1_408' title='bbox 963 237 1100 273; x_wconf 84' lang='lat' dir='ltr'>dicitur,</span> <span class='ocrx_word' id='word_1_409' title='bbox 1125 237 1182 275; x_wconf 84' lang='lat' dir='ltr'>qui</span> <span class='ocrx_word' id='word_1_410' title='bbox 1212 236 1335 266; x_wconf 67' lang='lat' dir='ltr'>furtive</span> <span class='ocrx_word' id='word_1_411' title='bbox 1354 237 1523 276; x_wconf 79' lang='lat' dir='ltr'>ingressus</span> <span class='ocrx_word' id='word_1_412' title='bbox 1547 244 1597 269; x_wconf 83' lang='lat' dir='ltr'>est</span> <span class='ocrx_word' id='word_1_413' title='bbox 1624 250 1699 280; x_wconf 86' lang='lat' dir='ltr'>pos-</span> 
     </span>
     <span class='ocr_line' id='line_1_71' title="bbox 966 280 1697 320; baseline 0.005 -9"><span class='ocrx_word' id='word_1_414' title='bbox 966 281 1161 317; x_wconf 84' lang='lat' dir='ltr'>sessionem,</span> <span class='ocrx_word' id='word_1_415' title='bbox 1200 280 1376 319; x_wconf 74' lang='lat' dir='ltr'>ignorante</span> <span class='ocrx_word' id='word_1_416' title='bbox 1421 290 1472 317; x_wconf 85' lang='lat' dir='ltr'>eo,</span> <span class='ocrx_word' id='word_1_417' title='bbox 1504 291 1602 320; x_wconf 70' lang='lat' dir='ltr'>quem</span> <span class='ocrx_word' id='word_1_418' title='bbox 1635 285 1697 315; x_wconf 89' lang='lat' dir='ltr'>sibi</span> 
     </span>
     <span class='ocr_line' id='line_1_72' title="bbox 965 323 1697 366; baseline 0.005 -12"><span class='ocrx_word' id='word_1_419' title='bbox 965 324 1224 354; x_wconf 79' lang='lat' dir='ltr'>controversiam</span> <span class='ocrx_word' id='word_1_420' title='bbox 1254 323 1424 353; x_wconf 73' lang='lat' dir='ltr'>far-turum</span> <span class='ocrx_word' id='word_1_421' title='bbox 1452 325 1697 366; x_wconf 75' lang='lat' dir='ltr'>suspicabatur,</span> 
     </span>
     <span class='ocr_line' id='line_1_73' title="bbox 966 367 1697 410; baseline 0.007 -13"><span class='ocrx_word' id='word_1_422' title='bbox 966 372 1013 405; x_wconf 86' lang='lat' dir='ltr'>et,</span> <span class='ocrx_word' id='word_1_423' title='bbox 1031 377 1072 397; x_wconf 80' lang='lat' dir='ltr'>ne</span> <span class='ocrx_word' id='word_1_424' title='bbox 1095 367 1233 403; x_wconf 78' lang='lat' dir='ltr'>faceret,</span> <span class='ocrx_word' id='word_1_425' title='bbox 1250 367 1406 404; x_wconf 76' lang='lat' dir='ltr'>timebat,</span> <span class='ocrx_word' id='word_1_426' title='bbox 1432 367 1453 397; x_wconf 94' lang='lat' dir='ltr'>l.</span> <span class='ocrx_word' id='word_1_427' title='bbox 1481 369 1523 399; x_wconf 83' lang='lat' dir='ltr'>vi.</span> <span class='ocrx_word' id='word_1_428' title='bbox 1549 369 1628 410; x_wconf 72' lang='lat' dir='ltr'>Dig.</span> <span class='ocrx_word' id='word_1_429' title='bbox 1657 371 1697 402; x_wconf 82' lang='lat' dir='ltr'>de</span> 
     </span>
     <span class='ocr_line' id='line_1_74' title="bbox 967 412 1247 451; baseline -0.004 -10"><span class='ocrx_word' id='word_1_430' title='bbox 967 412 1091 450; x_wconf 77' lang='lat' dir='ltr'>acquir.</span> <span class='ocrx_word' id='word_1_431' title='bbox 1109 420 1247 451; x_wconf 79' lang='lat' dir='ltr'>possess.</span> 
     </span>
    </p>

    <p class='ocr_par' dir='ltr' id='par_1_11' title="bbox 968 453 1699 659">
     <span class='ocr_line' id='line_1_75' title="bbox 1017 453 1698 494; baseline 0.007 -9"><span class='ocrx_word' id='word_1_432' title='bbox 1017 455 1194 490; x_wconf 73' lang='lat' dir='ltr'>Clmmaor,</span> <span class='ocrx_word' id='word_1_433' title='bbox 1214 453 1341 491; x_wconf 82' lang='lat' dir='ltr'>rabula,</span> <span class='ocrx_word' id='word_1_434' title='bbox 1358 456 1542 494; x_wconf 78' lang='lat' dir='ltr'>opponitur</span> <span class='ocrx_word' id='word_1_435' title='bbox 1562 459 1698 490; x_wconf 87' lang='lat' dir='ltr'>oratori.</span> 
     </span>
     <span class='ocr_line' id='line_1_76' title="bbox 968 498 1698 540; baseline 0.005 -12"><span class='ocrx_word' id='word_1_436' title='bbox 968 498 1063 528; x_wconf 83' lang='lat' dir='ltr'>Brut.</span> <span class='ocrx_word' id='word_1_437' title='bbox 1075 501 1127 533; x_wconf 84' lang='lat'>49.</span> <span class='ocrx_word' id='word_1_438' title='bbox 1154 498 1224 536; x_wconf 76' lang='lat' dir='ltr'>Ego</span> <span class='ocrx_word' id='word_1_439' title='bbox 1237 498 1285 527; x_wconf 88' lang='lat' dir='ltr'>ita</span> <span class='ocrx_word' id='word_1_440' title='bbox 1301 498 1340 527; x_wconf 84' lang='lat' dir='ltr'>de</span> <span class='ocrx_word' id='word_1_441' title='bbox 1359 507 1559 539; x_wconf 79' lang='lat' dir='ltr'>unoquoque</span> <span class='ocrx_word' id='word_1_442' title='bbox 1575 501 1698 540; x_wconf 83' lang='lat' dir='ltr'>dicam,</span> 
     </span>
     <span class='ocr_line' id='line_1_77' title="bbox 969 541 1699 584; baseline 0.007 -13"><span class='ocrx_word' id='word_1_443' title='bbox 969 547 1004 571; x_wconf 86' lang='lat' dir='ltr'>ut</span> <span class='ocrx_word' id='word_1_444' title='bbox 1032 541 1175 579; x_wconf 71' lang='lat' dir='ltr'>intelligi</span> <span class='ocrx_word' id='word_1_445' title='bbox 1200 541 1317 580; x_wconf 81' lang='lat' dir='ltr'>possit,</span> <span class='ocrx_word' id='word_1_446' title='bbox 1344 551 1443 580; x_wconf 80' lang='lat' dir='ltr'>quem</span> <span class='ocrx_word' id='word_1_447' title='bbox 1472 545 1699 584; x_wconf 70' lang='lat' dir='ltr'>clamatorem,</span> 
     </span>
     <span class='ocr_line' id='line_1_78' title="bbox 969 585 1698 625; baseline 0.007 -10"><span class='ocrx_word' id='word_1_448' title='bbox 969 595 1068 624; x_wconf 88' lang='lat' dir='ltr'>quem</span> <span class='ocrx_word' id='word_1_449' title='bbox 1084 591 1251 615; x_wconf 78' lang='lat' dir='ltr'>oratorem</span> <span class='ocrx_word' id='word_1_450' title='bbox 1267 589 1386 625; x_wconf 87' lang='lat' dir='ltr'>putem</span> <span class='ocrx_word' id='word_1_451' title='bbox 1404 585 1517 616; x_wconf 77' lang='lat' dir='ltr'>fuisse.</span> <span class='ocrx_word' id='word_1_452' title='bbox 1534 587 1577 617; x_wconf 83' lang='lat' dir='ltr'>cf.</span> <span class='ocrx_word' id='word_1_453' title='bbox 1603 589 1698 620; x_wconf 84' lang='lat' dir='ltr'>Orat.</span> 
     </span>
     <span class='ocr_line' id='line_1_79' title="bbox 969 630 1087 659; baseline 0 -1"><span class='ocrx_word' id='word_1_454' title='bbox 969 630 1016 659; x_wconf 86' lang='lat' dir='ltr'>iii.</span> <span class='ocrx_word' id='word_1_455' title='bbox 1034 632 1087 659; x_wconf 73' lang='lat'>34.</span> 
     </span>
    </p>

    <p class='ocr_par' dir='ltr' id='par_1_12' title="bbox 968 671 1701 800">
     <span class='ocr_line' id='line_1_80' title="bbox 1017 671 1697 710; baseline 0.004 -7"><span class='ocrx_word' id='word_1_456' title='bbox 1017 673 1243 703; x_wconf 70' lang='lat' dir='ltr'>Clamatoriws.</span> <span class='ocrx_word' id='word_1_457' title='bbox 1268 671 1419 710; x_wconf 82' lang='lat' dir='ltr'>quaedam</span> <span class='ocrx_word' id='word_1_458' title='bbox 1451 673 1616 705; x_wconf 81' lang='lat' dir='ltr'>editiones</span> <span class='ocrx_word' id='word_1_459' title='bbox 1638 676 1697 706; x_wconf 86' lang='lat' dir='ltr'>ha-</span> 
     </span>
     <span class='ocr_line' id='line_1_81' title="bbox 968 715 1701 755; baseline 0.007 -9"><span class='ocrx_word' id='word_1_460' title='bbox 968 717 1051 746; x_wconf 86' lang='lat' dir='ltr'>bent</span> <span class='ocrx_word' id='word_1_461' title='bbox 1068 715 1108 746; x_wconf 89' lang='lat' dir='ltr'>ad</span> <span class='ocrx_word' id='word_1_462' title='bbox 1136 716 1200 755; x_wconf 66' lang='lat' dir='ltr'>Qu.</span> <span class='ocrx_word' id='word_1_463' title='bbox 1219 715 1268 745; x_wconf 82' lang='lat' dir='ltr'>Fr.</span> <span class='ocrx_word' id='word_1_464' title='bbox 1287 715 1332 745; x_wconf 92' lang='lat' dir='ltr'>iii.</span> <span class='ocrx_word' id='word_1_465' title='bbox 1349 719 1380 746; x_wconf 86' lang='lat'>3.</span> <span class='ocrx_word' id='word_1_466' title='bbox 1409 716 1466 746; x_wconf 85' lang='lat' dir='ltr'>sed</span> <span class='ocrx_word' id='word_1_467' title='bbox 1484 718 1636 749; x_wconf 86' lang='lat' dir='ltr'>meliores</span> <span class='ocrx_word' id='word_1_468' title='bbox 1654 720 1701 751; x_wconf 89' lang='lat' dir='ltr'>le-</span> 
     </span>
     <span class='ocr_line' id='line_1_82' title="bbox 971 758 1502 800; baseline -0.002 -11"><span class='ocrx_word' id='word_1_469' title='bbox 971 767 1080 800; x_wconf 75' lang='lat' dir='ltr'>gunt:</span> <span class='ocrx_word' id='word_1_470' title='bbox 1107 758 1346 789; x_wconf 85' lang='lat' dir='ltr'>declamatorio</span> <span class='ocrx_word' id='word_1_471' title='bbox 1370 769 1502 798; x_wconf 80' lang='lat' dir='ltr'>genere.</span> 
     </span>
    </p>

    <p class='ocr_par' dir='ltr' id='par_1_13' title="bbox 968 802 1700 1009">
     <span class='ocr_line' id='line_1_83' title="bbox 1020 802 1700 846; baseline 0.007 -13"><span class='ocrx_word' id='word_1_472' title='bbox 1020 804 1161 839; x_wconf 67' lang='lat' dir='ltr'>Clamor,</span> <span class='ocrx_word' id='word_1_473' title='bbox 1197 802 1237 832; x_wconf 89' lang='lat' dir='ltr'>de</span> <span class='ocrx_word' id='word_1_474' title='bbox 1264 803 1507 834; x_wconf 76' lang='lat' dir='ltr'>acclamatione</span> <span class='ocrx_word' id='word_1_475' title='bbox 1537 805 1700 846; x_wconf 84' lang='lat' dir='ltr'>plauden-</span> 
     </span>
     <span class='ocr_line' id='line_1_84' title="bbox 969 847 1697 891; baseline 0.007 -14"><span class='ocrx_word' id='word_1_476' title='bbox 969 847 1084 885; x_wconf 57' lang='lat' dir='ltr'>tium,=</span> <span class='ocrx_word' id='word_1_477' title='bbox 1108 847 1204 876; x_wconf 88' lang='lat' dir='ltr'>Brut.</span> <span class='ocrx_word' id='word_1_478' title='bbox 1236 849 1289 880; x_wconf 85' lang='lat'>95.</span> <span class='ocrx_word' id='word_1_479' title='bbox 1332 847 1445 886; x_wconf 82' lang='lat' dir='ltr'>itaque</span> <span class='ocrx_word' id='word_1_480' title='bbox 1484 848 1697 891; x_wconf 70' lang='lat' dir='ltr'>Hortensius,</span> 
     </span>
     <span class='ocr_line' id='line_1_85' title="bbox 970 889 1698 929; baseline 0.008 -10"><span class='ocrx_word' id='word_1_481' title='bbox 970 897 1113 929; x_wconf 85' lang='lat' dir='ltr'>utroque</span> <span class='ocrx_word' id='word_1_482' title='bbox 1131 899 1252 929; x_wconf 80' lang='lat' dir='ltr'>genere</span> <span class='ocrx_word' id='word_1_483' title='bbox 1269 889 1402 927; x_wconf 83' lang='lat' dir='ltr'>florens,</span> <span class='ocrx_word' id='word_1_484' title='bbox 1419 893 1577 923; x_wconf 71' lang='lat' dir='ltr'>clamores</span> <span class='ocrx_word' id='word_1_485' title='bbox 1596 895 1698 925; x_wconf 81' lang='lat' dir='ltr'>facie-</span> 
     </span>
     <span class='ocr_line' id='line_1_86' title="bbox 970 933 1696 975; baseline 0.008 -11"><span class='ocrx_word' id='word_1_486' title='bbox 970 935 1027 964; x_wconf 87' lang='lat' dir='ltr'>bat</span> <span class='ocrx_word' id='word_1_487' title='bbox 1052 933 1254 964; x_wconf 83' lang='lat' dir='ltr'>adolescens.</span> <span class='ocrx_word' id='word_1_488' title='bbox 1300 934 1353 963; x_wconf 84' lang='lat' dir='ltr'>Sic</span> <span class='ocrx_word' id='word_1_489' title='bbox 1381 935 1422 965; x_wconf 85' lang='lat' dir='ltr'>ad</span> <span class='ocrx_word' id='word_1_490' title='bbox 1440 935 1504 975; x_wconf 71' lang='lat' dir='ltr'>Qu.</span> <span class='ocrx_word' id='word_1_491' title='bbox 1531 937 1582 967; x_wconf 87' lang='lat' dir='ltr'>Fr.</span> <span class='ocrx_word' id='word_1_492' title='bbox 1601 939 1647 969; x_wconf 91' lang='lat' dir='ltr'>iii.</span> <span class='ocrx_word' id='word_1_493' title='bbox 1670 942 1696 970; x_wconf 93' lang='lat' dir='ltr'>l.</span> 
     </span>
     <span class='ocr_line' id='line_1_87' title="bbox 968 979 1335 1009; baseline -0.003 0"><span class='ocrx_word' id='word_1_494' title='bbox 968 982 999 1009; x_wconf 89' lang='grc'>3.</span> <span class='ocrx_word' id='word_1_495' title='bbox 1023 980 1178 1008; x_wconf 77' lang='lat' dir='ltr'>elmnores</span> <span class='ocrx_word' id='word_1_496' title='bbox 1193 979 1335 1008; x_wconf 84' lang='lat' dir='ltr'>efficere.</span> 
     </span>
    </p>

    <p class='ocr_par' dir='ltr' id='par_1_14' title="bbox 969 1021 1699 1140">
     <span class='ocr_line' id='line_1_88' title="bbox 1017 1021 1698 1057; baseline 0.007 -5"><span class='ocrx_word' id='word_1_497' title='bbox 1017 1022 1190 1052; x_wconf 74' lang='lat' dir='ltr'>Clamosus.</span> <span class='ocrx_word' id='word_1_498' title='bbox 1217 1021 1257 1051; x_wconf 90' lang='lat' dir='ltr'>ad</span> <span class='ocrx_word' id='word_1_499' title='bbox 1274 1022 1355 1051; x_wconf 86' lang='lat' dir='ltr'>Her.</span> <span class='ocrx_word' id='word_1_500' title='bbox 1373 1021 1419 1051; x_wconf 86' lang='lat' dir='ltr'>iii.</span> <span class='ocrx_word' id='word_1_501' title='bbox 1440 1025 1489 1053; x_wconf 77' lang='lat'>13.</span> <span class='ocrx_word' id='word_1_502' title='bbox 1519 1026 1698 1057; x_wconf 85' lang='lat' dir='ltr'>continua-</span> 
     </span>
     <span class='ocr_line' id='line_1_89' title="bbox 969 1065 1699 1101; baseline 0.01 -7"><span class='ocrx_word' id='word_1_503' title='bbox 969 1066 1018 1095; x_wconf 93' lang='lat' dir='ltr'>tio</span> <span class='ocrx_word' id='word_1_504' title='bbox 1035 1070 1085 1095; x_wconf 81' lang='lat' dir='ltr'>est</span> <span class='ocrx_word' id='word_1_505' title='bbox 1102 1065 1262 1095; x_wconf 79' lang='lat' dir='ltr'>orationis</span> <span class='ocrx_word' id='word_1_506' title='bbox 1288 1066 1511 1097; x_wconf 78' lang='lat' dir='ltr'>enunciandae</span> <span class='ocrx_word' id='word_1_507' title='bbox 1535 1070 1699 1101; x_wconf 78' lang='lat' dir='ltr'>accelera-</span> 
     </span>
     <span class='ocr_line' id='line_1_90' title="bbox 969 1110 1184 1140; baseline -0.009 0"><span class='ocrx_word' id='word_1_508' title='bbox 969 1110 1018 1140; x_wconf 83' lang='lat' dir='ltr'>tio</span> <span class='ocrx_word' id='word_1_509' title='bbox 1033 1111 1184 1139; x_wconf 72' lang='lat' dir='ltr'>clamosa.</span> 
     </span>
    </p>

    <p class='ocr_par' dir='ltr' id='par_1_15' title="bbox 974 1153 1698 1227">
     <span class='ocr_line' id='line_1_91' title="bbox 1020 1153 1698 1192; baseline 0.007 -9"><span class='ocrx_word' id='word_1_510' title='bbox 1020 1153 1172 1192; x_wconf 46' lang='lat' dir='ltr'>(tangor,</span> <span class='ocrx_word' id='word_1_511' title='bbox 1196 1161 1296 1182; x_wconf 84' lang='lat' dir='ltr'>sonus</span> <span class='ocrx_word' id='word_1_512' title='bbox 1313 1153 1379 1183; x_wconf 82' lang='lat' dir='ltr'>avis</span> <span class='ocrx_word' id='word_1_513' title='bbox 1405 1153 1558 1184; x_wconf 80' lang='lat' dir='ltr'>volantis.</span> <span class='ocrx_word' id='word_1_514' title='bbox 1597 1155 1698 1188; x_wconf 86' lang='lat' dir='ltr'>Tusc.</span> 
     </span>
     <span class='ocr_line' id='line_1_92' title="bbox 974 1197 1078 1227; baseline -0.01 0"><span class='ocrx_word' id='word_1_515' title='bbox 974 1197 1006 1227; x_wconf 83' lang='lat' dir='ltr'>ii.</span> <span class='ocrx_word' id='word_1_516' title='bbox 1028 1201 1078 1227; x_wconf 81' lang='lat'>10.</span> 
     </span>
    </p>

    <p class='ocr_par' dir='ltr' id='par_1_16' title="bbox 972 1239 1700 1322">
     <span class='ocr_line' id='line_1_93' title="bbox 1021 1239 1700 1282; baseline 0.007 -13"><span class='ocrx_word' id='word_1_517' title='bbox 1021 1241 1166 1270; x_wconf 60' lang='lat' dir='ltr'>Clam-are.</span> <span class='ocrx_word' id='word_1_518' title='bbox 1190 1239 1303 1270; x_wconf 83' lang='lat' dir='ltr'>Divin.</span> <span class='ocrx_word' id='word_1_519' title='bbox 1321 1239 1342 1270; x_wconf 88' lang='lat' dir='ltr'>i.</span> <span class='ocrx_word' id='word_1_520' title='bbox 1362 1242 1411 1271; x_wconf 73' lang='lat'>12.</span> <span class='ocrx_word' id='word_1_521' title='bbox 1440 1240 1576 1282; x_wconf 76' lang='lat' dir='ltr'>Jupiter</span> <span class='ocrx_word' id='word_1_522' title='bbox 1591 1244 1700 1274; x_wconf 82' lang='lat' dir='ltr'>excel-</span> 
     </span>
     <span class='ocr_line' id='line_1_94' title="bbox 972 1283 1503 1322; baseline 0 -7"><span class='ocrx_word' id='word_1_523' title='bbox 972 1294 1009 1315; x_wconf 86' lang='lat' dir='ltr'>sa</span> <span class='ocrx_word' id='word_1_524' title='bbox 1023 1284 1172 1314; x_wconf 74' lang='lat' dir='ltr'>clarabat</span> <span class='ocrx_word' id='word_1_525' title='bbox 1187 1288 1320 1322; x_wconf 83' lang='lat' dir='ltr'>sceptra</span> <span class='ocrx_word' id='word_1_526' title='bbox 1335 1283 1503 1315; x_wconf 86' lang='lat' dir='ltr'>columna.</span> 
     </span>
    </p>

    <p class='ocr_par' dir='ltr' id='par_1_17' title="bbox 973 1327 1699 1402">
     <span class='ocr_line' id='line_1_95' title="bbox 1021 1327 1699 1363; baseline 0.007 -5"><span class='ocrx_word' id='word_1_527' title='bbox 1021 1328 1171 1358; x_wconf 55' lang='lat' dir='ltr'>attritas.</span> <span class='ocrx_word' id='word_1_528' title='bbox 1196 1327 1271 1358; x_wconf 91' lang='lat' dir='ltr'>Div.</span> <span class='ocrx_word' id='word_1_529' title='bbox 1299 1327 1333 1357; x_wconf 89' lang='lat' dir='ltr'>ii.</span> <span class='ocrx_word' id='word_1_530' title='bbox 1358 1331 1411 1362; x_wconf 73' lang='lat'>47.</span> <span class='ocrx_word' id='word_1_531' title='bbox 1445 1339 1522 1360; x_wconf 88' lang='lat' dir='ltr'>cum</span> <span class='ocrx_word' id='word_1_532' title='bbox 1544 1331 1699 1363; x_wconf 74' lang='lat' dir='ltr'>claritate</span> 
     </span>
     <span class='ocr_line' id='line_1_96' title="bbox 973 1373 1067 1402; baseline -0.011 0"><span class='ocrx_word' id='word_1_533' title='bbox 973 1373 1067 1402; x_wconf 85' lang='lat' dir='ltr'>mori.</span> 
     </span>
    </p>

    <p class='ocr_par' dir='ltr' id='par_1_18' title="bbox 973 1416 1700 1541">
     <span class='ocr_line' id='line_1_97' title="bbox 1022 1416 1700 1456; baseline 0.006 -10"><span class='ocrx_word' id='word_1_534' title='bbox 1022 1416 1147 1446; x_wconf 75' lang='lat' dir='ltr'>Clarus.</span> <span class='ocrx_word' id='word_1_535' title='bbox 1178 1421 1353 1454; x_wconf 82' lang='lat' dir='ltr'>praestans,</span> <span class='ocrx_word' id='word_1_536' title='bbox 1376 1417 1540 1456; x_wconf 77' lang='lat' dir='ltr'>egregius.</span> <span class='ocrx_word' id='word_1_537' title='bbox 1563 1417 1634 1449; x_wconf 78' lang='lat' dir='ltr'>Pin.</span> <span class='ocrx_word' id='word_1_538' title='bbox 1652 1419 1700 1450; x_wconf 89' lang='lat' dir='ltr'>iii.</span> 
     </span>
     <span class='ocr_line' id='line_1_98' title="bbox 974 1458 1697 1498; baseline 0.004 -8"><span class='ocrx_word' id='word_1_539' title='bbox 974 1461 1005 1490; x_wconf 68' lang='lat'>⁶2.</span> <span class='ocrx_word' id='word_1_540' title='bbox 1029 1459 1122 1498; x_wconf 83' lang='lat' dir='ltr'>quasi</span> <span class='ocrx_word' id='word_1_541' title='bbox 1139 1458 1280 1488; x_wconf 83' lang='lat' dir='ltr'>helluari</span> <span class='ocrx_word' id='word_1_542' title='bbox 1299 1458 1402 1496; x_wconf 85' lang='lat' dir='ltr'>libris,</span> <span class='ocrx_word' id='word_1_543' title='bbox 1416 1460 1442 1489; x_wconf 85' lang='lat' dir='ltr'>si</span> <span class='ocrx_word' id='word_1_544' title='bbox 1465 1461 1525 1490; x_wconf 86' lang='lat' dir='ltr'>boc</span> <span class='ocrx_word' id='word_1_545' title='bbox 1547 1462 1645 1492; x_wconf 79' lang='lat' dir='ltr'>verbo</span> <span class='ocrx_word' id='word_1_546' title='bbox 1664 1464 1697 1494; x_wconf 94' lang='lat' dir='ltr'>in</span> 
     </span>
     <span class='ocr_line' id='line_1_99' title="bbox 973 1502 1662 1541; baseline 0.004 -8"><span class='ocrx_word' id='word_1_547' title='bbox 973 1507 1043 1533; x_wconf 88' lang='lat' dir='ltr'>tam</span> <span class='ocrx_word' id='word_1_548' title='bbox 1061 1505 1154 1533; x_wconf 77' lang='lat' dir='ltr'>clara</span> <span class='ocrx_word' id='word_1_549' title='bbox 1171 1512 1205 1532; x_wconf 84' lang='lat' dir='ltr'>re</span> <span class='ocrx_word' id='word_1_550' title='bbox 1222 1502 1385 1532; x_wconf 85' lang='lat' dir='ltr'>utendum</span> <span class='ocrx_word' id='word_1_551' title='bbox 1401 1509 1464 1541; x_wconf 86' lang='lat' dir='ltr'>est,</span> <span class='ocrx_word' id='word_1_552' title='bbox 1475 1505 1662 1537; x_wconf 74' lang='lat' dir='ltr'>videbatur.</span> 
     </span>
    </p>

    <p class='ocr_par' dir='ltr' id='par_1_19' title="bbox 972 1546 1702 2189">
     <span class='ocr_line' id='line_1_100' title="bbox 1023 1546 1697 1589; baseline 0.006 -12"><span class='ocrx_word' id='word_1_553' title='bbox 1023 1547 1147 1577; x_wconf 74' lang='lat' dir='ltr'>Classis.</span> <span class='ocrx_word' id='word_1_554' title='bbox 1171 1546 1212 1575; x_wconf 86' lang='lat' dir='ltr'>de</span> <span class='ocrx_word' id='word_1_555' title='bbox 1237 1547 1386 1586; x_wconf 82' lang='lat' dir='ltr'>partibus</span> <span class='ocrx_word' id='word_1_556' title='bbox 1410 1548 1546 1585; x_wconf 83' lang='lat' dir='ltr'>civium,</span> <span class='ocrx_word' id='word_1_557' title='bbox 1566 1549 1599 1579; x_wconf 91' lang='lat' dir='ltr'>in</span> <span class='ocrx_word' id='word_1_558' title='bbox 1617 1560 1697 1589; x_wconf 82' lang='lat' dir='ltr'>quas</span> 
     </span>
     <span class='ocr_line' id='line_1_101' title="bbox 975 1590 1700 1633; baseline 0.007 -14"><span class='ocrx_word' id='word_1_559' title='bbox 975 1590 1131 1631; x_wconf 74' lang='lat' dir='ltr'>descripti</span> <span class='ocrx_word' id='word_1_560' title='bbox 1149 1600 1168 1620; x_wconf 86' lang='lat' dir='ltr'>a</span> <span class='ocrx_word' id='word_1_561' title='bbox 1183 1590 1294 1620; x_wconf 86' lang='lat' dir='ltr'>Servio</span> <span class='ocrx_word' id='word_1_562' title='bbox 1320 1599 1440 1621; x_wconf 80' lang='lat' dir='ltr'>census</span> <span class='ocrx_word' id='word_1_563' title='bbox 1467 1602 1567 1622; x_wconf 82' lang='lat' dir='ltr'>causa</span> <span class='ocrx_word' id='word_1_564' title='bbox 1590 1599 1700 1633; x_wconf 83' lang='lat' dir='ltr'>erant,</span> 
     </span>
     <span class='ocr_line' id='line_1_102' title="bbox 975 1634 1698 1674; baseline 0.007 -11"><span class='ocrx_word' id='word_1_565' title='bbox 975 1634 1039 1664; x_wconf 85' lang='lat' dir='ltr'>dici</span> <span class='ocrx_word' id='word_1_566' title='bbox 1057 1634 1193 1674; x_wconf 85' lang='lat' dir='ltr'>passim,</span> <span class='ocrx_word' id='word_1_567' title='bbox 1211 1638 1331 1664; x_wconf 84' lang='lat' dir='ltr'>notum</span> <span class='ocrx_word' id='word_1_568' title='bbox 1355 1638 1416 1664; x_wconf 82' lang='lat' dir='ltr'>est.</span> <span class='ocrx_word' id='word_1_569' title='bbox 1462 1635 1527 1665; x_wconf 81' lang='lat' dir='ltr'>Sed</span> <span class='ocrx_word' id='word_1_570' title='bbox 1541 1636 1621 1666; x_wconf 88' lang='lat' dir='ltr'>hinc</span> <span class='ocrx_word' id='word_1_571' title='bbox 1638 1637 1698 1668; x_wconf 86' lang='lat' dir='ltr'>du-</span> 
     </span>
     <span class='ocr_line' id='line_1_103' title="bbox 974 1677 1699 1718; baseline 0.007 -11"><span class='ocrx_word' id='word_1_572' title='bbox 974 1678 1062 1707; x_wconf 83' lang='lat' dir='ltr'>citur</span> <span class='ocrx_word' id='word_1_573' title='bbox 1078 1687 1118 1707; x_wconf 79' lang='lat' dir='ltr'>ca</span> <span class='ocrx_word' id='word_1_574' title='bbox 1143 1677 1240 1715; x_wconf 86' lang='lat' dir='ltr'>ratio,</span> <span class='ocrx_word' id='word_1_575' title='bbox 1267 1687 1344 1707; x_wconf 85' lang='lat' dir='ltr'>eum</span> <span class='ocrx_word' id='word_1_576' title='bbox 1372 1678 1413 1708; x_wconf 82' lang='lat' dir='ltr'>ad</span> <span class='ocrx_word' id='word_1_577' title='bbox 1442 1679 1699 1718; x_wconf 79' lang='lat' dir='ltr'>significandam</span> 
     </span>
     <span class='ocr_line' id='line_1_104' title="bbox 974 1721 1700 1761; baseline 0.004 -9"><span class='ocrx_word' id='word_1_578' title='bbox 974 1721 1149 1752; x_wconf 82' lang='lat' dir='ltr'>hominum</span> <span class='ocrx_word' id='word_1_579' title='bbox 1176 1722 1404 1761; x_wconf 79' lang='lat' dir='ltr'>praestantiam</span> <span class='ocrx_word' id='word_1_580' title='bbox 1421 1727 1454 1752; x_wconf 86' lang='lat' dir='ltr'>et</span> <span class='ocrx_word' id='word_1_581' title='bbox 1472 1730 1590 1753; x_wconf 77' lang='lat' dir='ltr'>contra</span> <span class='ocrx_word' id='word_1_582' title='bbox 1605 1725 1700 1755; x_wconf 84' lang='lat' dir='ltr'>adhi-</span> 
     </span>
     <span class='ocr_line' id='line_1_105' title="bbox 975 1765 1701 1799; baseline 0.007 -5"><span class='ocrx_word' id='word_1_583' title='bbox 975 1765 1083 1795; x_wconf 81' lang='lat' dir='ltr'>betur.</span> <span class='ocrx_word' id='word_1_584' title='bbox 1129 1765 1182 1794; x_wconf 78' lang='lat' dir='ltr'>Sic</span> <span class='ocrx_word' id='word_1_585' title='bbox 1221 1766 1343 1795; x_wconf 73' lang='lat' dir='ltr'>classici</span> <span class='ocrx_word' id='word_1_586' title='bbox 1371 1770 1504 1796; x_wconf 82' lang='lat' dir='ltr'>autores</span> <span class='ocrx_word' id='word_1_587' title='bbox 1539 1767 1701 1799; x_wconf 82' lang='lat' dir='ltr'>dicuntur</span> 
     </span>
     <span class='ocr_line' id='line_1_106' title="bbox 974 1809 1700 1849; baseline 0.007 -12"><span class='ocrx_word' id='word_1_588' title='bbox 974 1809 1255 1849; x_wconf 66' lang='lat' dir='ltr'>praestantissimi,</span> <span class='ocrx_word' id='word_1_589' title='bbox 1274 1809 1361 1848; x_wconf 87' lang='lat' dir='ltr'>quod</span> <span class='ocrx_word' id='word_1_590' title='bbox 1381 1809 1536 1840; x_wconf 80' lang='lat' dir='ltr'>ditissimi</span> <span class='ocrx_word' id='word_1_591' title='bbox 1553 1817 1649 1842; x_wconf 86' lang='lat' dir='ltr'>erant</span> <span class='ocrx_word' id='word_1_592' title='bbox 1665 1813 1700 1842; x_wconf 91' lang='lat' dir='ltr'>in</span> 
     </span>
     <span class='ocr_line' id='line_1_107' title="bbox 973 1851 1698 1893; baseline 0.007 -12"><span class='ocrx_word' id='word_1_593' title='bbox 973 1853 1083 1892; x_wconf 84' lang='lat' dir='ltr'>prima</span> <span class='ocrx_word' id='word_1_594' title='bbox 1107 1851 1223 1890; x_wconf 77' lang='lat' dir='ltr'>classe,</span> <span class='ocrx_word' id='word_1_595' title='bbox 1247 1852 1282 1882; x_wconf 87' lang='lat' dir='ltr'>in</span> <span class='ocrx_word' id='word_1_596' title='bbox 1316 1863 1382 1891; x_wconf 83' lang='lat' dir='ltr'>qua</span> <span class='ocrx_word' id='word_1_597' title='bbox 1409 1855 1465 1892; x_wconf 87' lang='lat' dir='ltr'>qui</span> <span class='ocrx_word' id='word_1_598' title='bbox 1492 1860 1600 1893; x_wconf 80' lang='lat' dir='ltr'>erant,</span> <span class='ocrx_word' id='word_1_599' title='bbox 1624 1857 1698 1886; x_wconf 69' lang='grc' dir='ltr'>κατ’</span> 
     </span>
     <span class='ocr_line' id='line_1_108' title="bbox 974 1895 1700 1935; baseline 0.006 -9"><span class='ocrx_word' id='word_1_600' title='bbox 974 1895 1077 1935; x_wconf 61' lang='grc' dir='ltr'>ἒξηχῆν</span> <span class='ocrx_word' id='word_1_601' title='bbox 1092 1897 1215 1926; x_wconf 71' lang='lat' dir='ltr'>classici</span> <span class='ocrx_word' id='word_1_602' title='bbox 1226 1895 1436 1934; x_wconf 84' lang='lat' dir='ltr'>dicebantur,</span> <span class='ocrx_word' id='word_1_603' title='bbox 1446 1903 1485 1928; x_wconf 81' lang='lat' dir='ltr'>ut</span> <span class='ocrx_word' id='word_1_604' title='bbox 1501 1897 1626 1929; x_wconf 86' lang='lat' dir='ltr'>Gellius</span> <span class='ocrx_word' id='word_1_605' title='bbox 1643 1900 1700 1930; x_wconf 86' lang='lat' dir='ltr'>do—</span> 
     </span>
     <span class='ocr_line' id='line_1_109' title="bbox 975 1940 1699 1979; baseline 0.007 -10"><span class='ocrx_word' id='word_1_606' title='bbox 975 1945 1039 1969; x_wconf 86' lang='lat' dir='ltr'>cet.</span> <span class='ocrx_word' id='word_1_607' title='bbox 1087 1940 1162 1970; x_wconf 79' lang='lat' dir='ltr'>Huc</span> <span class='ocrx_word' id='word_1_608' title='bbox 1186 1940 1335 1979; x_wconf 79' lang='lat' dir='ltr'>pertinet</span> <span class='ocrx_word' id='word_1_609' title='bbox 1358 1940 1441 1970; x_wconf 82' lang='lat' dir='ltr'>illud</span> <span class='ocrx_word' id='word_1_610' title='bbox 1458 1941 1559 1971; x_wconf 80' lang='lat' dir='ltr'>Acad.</span> <span class='ocrx_word' id='word_1_611' title='bbox 1578 1943 1619 1973; x_wconf 86' lang='lat' dir='ltr'>iv.</span> <span class='ocrx_word' id='word_1_612' title='bbox 1646 1946 1699 1974; x_wconf 71' lang='lat'>533.</span> 
     </span>
     <span class='ocr_line' id='line_1_110' title="bbox 977 1983 1700 2024; baseline 0.007 -12"><span class='ocrx_word' id='word_1_613' title='bbox 977 1983 1032 2021; x_wconf 86' lang='lat' dir='ltr'>qui</span> <span class='ocrx_word' id='word_1_614' title='bbox 1050 1984 1146 2021; x_wconf 89' lang='lat' dir='ltr'>mibi,</span> <span class='ocrx_word' id='word_1_615' title='bbox 1161 1994 1238 2013; x_wconf 89' lang='lat' dir='ltr'>cum</span> <span class='ocrx_word' id='word_1_616' title='bbox 1256 1983 1313 2013; x_wconf 85' lang='lat' dir='ltr'>illo</span> <span class='ocrx_word' id='word_1_617' title='bbox 1330 1983 1456 2021; x_wconf 73' lang='lat' dir='ltr'>collati,</span> <span class='ocrx_word' id='word_1_618' title='bbox 1475 1986 1601 2024; x_wconf 64' lang='lat' dir='ltr'>quintae</span> <span class='ocrx_word' id='word_1_619' title='bbox 1617 1989 1700 2017; x_wconf 81' lang='lat' dir='ltr'>clas—</span> 
     </span>
     <span class='ocr_line' id='line_1_111' title="bbox 972 2027 1702 2069; baseline 0.004 -12"><span class='ocrx_word' id='word_1_620' title='bbox 972 2028 1015 2057; x_wconf 73' lang='lat' dir='ltr'>sis</span> <span class='ocrx_word' id='word_1_621' title='bbox 1031 2027 1198 2057; x_wconf 84' lang='lat' dir='ltr'>videntur.</span> <span class='ocrx_word' id='word_1_622' title='bbox 1214 2027 1247 2057; x_wconf 86' lang='lat' dir='ltr'>h.</span> <span class='ocrx_word' id='word_1_623' title='bbox 1263 2038 1292 2057; x_wconf 84' lang='lat' dir='ltr'>e.</span> <span class='ocrx_word' id='word_1_624' title='bbox 1308 2027 1450 2058; x_wconf 80' lang='lat' dir='ltr'>ultimae.</span> <span class='ocrx_word' id='word_1_625' title='bbox 1488 2028 1576 2059; x_wconf 75' lang='lat' dir='ltr'>Nam</span> <span class='ocrx_word' id='word_1_626' title='bbox 1593 2035 1702 2069; x_wconf 79' lang='lat' dir='ltr'>sexta,</span> 
     </span>
     <span class='ocr_line' id='line_1_112' title="bbox 975 2071 1699 2110; baseline 0.006 -10"><span class='ocrx_word' id='word_1_627' title='bbox 975 2071 1011 2100; x_wconf 89' lang='lat' dir='ltr'>in</span> <span class='ocrx_word' id='word_1_628' title='bbox 1041 2081 1107 2110; x_wconf 89' lang='lat' dir='ltr'>qua</span> <span class='ocrx_word' id='word_1_629' title='bbox 1137 2071 1247 2110; x_wconf 79' lang='lat' dir='ltr'>capite</span> <span class='ocrx_word' id='word_1_630' title='bbox 1274 2072 1377 2109; x_wconf 85' lang='lat' dir='ltr'>censi,</span> <span class='ocrx_word' id='word_1_631' title='bbox 1408 2082 1474 2102; x_wconf 89' lang='lat' dir='ltr'>non</span> <span class='ocrx_word' id='word_1_632' title='bbox 1501 2074 1699 2104; x_wconf 87' lang='lat' dir='ltr'>numeraba-</span> 
     </span>
     <span class='ocr_line' id='line_1_113' title="bbox 973 2115 1701 2157; baseline 0.007 -14"><span class='ocrx_word' id='word_1_633' title='bbox 973 2119 1052 2144; x_wconf 82' lang='lat' dir='ltr'>tur:</span> <span class='ocrx_word' id='word_1_634' title='bbox 1078 2115 1168 2144; x_wconf 86' lang='lat' dir='ltr'>unde</span> <span class='ocrx_word' id='word_1_635' title='bbox 1191 2115 1339 2153; x_wconf 83' lang='lat' dir='ltr'>quinque</span> <span class='ocrx_word' id='word_1_636' title='bbox 1354 2117 1508 2146; x_wconf 72' lang='lat' dir='ltr'>classium</span> <span class='ocrx_word' id='word_1_637' title='bbox 1532 2117 1622 2157; x_wconf 85' lang='lat' dir='ltr'>apud</span> <span class='ocrx_word' id='word_1_638' title='bbox 1642 2128 1701 2148; x_wconf 89' lang='lat' dir='ltr'>au-</span> 
     </span>
     <span class='ocr_line' id='line_1_114' title="bbox 976 2158 1426 2189; baseline 0.004 -2"><span class='ocrx_word' id='word_1_639' title='bbox 976 2163 1084 2188; x_wconf 85' lang='lat' dir='ltr'>ctores</span> <span class='ocrx_word' id='word_1_640' title='bbox 1102 2158 1271 2188; x_wconf 86' lang='lat' dir='ltr'>interdum</span> <span class='ocrx_word' id='word_1_641' title='bbox 1289 2160 1426 2189; x_wconf 83' lang='lat' dir='ltr'>mentio.</span> 
     </span>
    </p>

    <p class='ocr_par' dir='ltr' id='par_1_20' title="bbox 974 2202 1706 2676">
     <span class='ocr_line' id='line_1_115' title="bbox 1025 2202 1701 2240; baseline 0.006 -8"><span class='ocrx_word' id='word_1_642' title='bbox 1025 2202 1218 2232; x_wconf 68' lang='lat' dir='ltr'>Claudiome</span> <span class='ocrx_word' id='word_1_643' title='bbox 1243 2202 1348 2232; x_wconf 80' lang='lat' dir='ltr'>oratio</span> <span class='ocrx_word' id='word_1_644' title='bbox 1373 2203 1509 2240; x_wconf 77' lang='lat' dir='ltr'>dieitur,</span> <span class='ocrx_word' id='word_1_645' title='bbox 1540 2214 1616 2234; x_wconf 84' lang='lat' dir='ltr'>cum</span> <span class='ocrx_word' id='word_1_646' title='bbox 1640 2215 1701 2236; x_wconf 87' lang='lat' dir='ltr'>nu-</span> 
     </span>
     <span class='ocr_line' id='line_1_116' title="bbox 978 2248 1702 2285; baseline 0.006 -10"><span class='ocrx_word' id='word_1_647' title='bbox 978 2255 1107 2275; x_wconf 86' lang='lat' dir='ltr'>merosa</span> <span class='ocrx_word' id='word_1_648' title='bbox 1121 2255 1188 2276; x_wconf 87' lang='lat' dir='ltr'>nou</span> <span class='ocrx_word' id='word_1_649' title='bbox 1205 2250 1269 2282; x_wconf 87' lang='lat' dir='ltr'>est,</span> <span class='ocrx_word' id='word_1_650' title='bbox 1286 2256 1394 2285; x_wconf 81' lang='lat' dir='ltr'>neque</span> <span class='ocrx_word' id='word_1_651' title='bbox 1412 2248 1537 2284; x_wconf 79' lang='lat' dir='ltr'>vincta,</span> <span class='ocrx_word' id='word_1_652' title='bbox 1556 2253 1615 2278; x_wconf 79' lang='lat' dir='ltr'>aut</span> <span class='ocrx_word' id='word_1_653' title='bbox 1640 2250 1702 2279; x_wconf 86' lang='lat' dir='ltr'>flu-</span> 
     </span>
     <span class='ocr_line' id='line_1_117' title="bbox 977 2289 1703 2330; baseline 0.007 -12"><span class='ocrx_word' id='word_1_654' title='bbox 977 2290 1076 2319; x_wconf 83' lang='lat' dir='ltr'>minis</span> <span class='ocrx_word' id='word_1_655' title='bbox 1093 2290 1198 2319; x_wconf 67' lang='lat' dir='ltr'>instar</span> <span class='ocrx_word' id='word_1_656' title='bbox 1214 2289 1335 2320; x_wconf 82' lang='lat' dir='ltr'>leniter</span> <span class='ocrx_word' id='word_1_657' title='bbox 1346 2300 1556 2330; x_wconf 84' lang='lat' dir='ltr'>procurrens,</span> <span class='ocrx_word' id='word_1_658' title='bbox 1572 2292 1631 2322; x_wconf 80' lang='lat' dir='ltr'>sed</span> <span class='ocrx_word' id='word_1_659' title='bbox 1642 2302 1703 2323; x_wconf 79' lang='lat' dir='ltr'>sae—</span> 
     </span>
     <span class='ocr_line' id='line_1_118' title="bbox 976 2332 1703 2373; baseline 0.007 -11"><span class='ocrx_word' id='word_1_660' title='bbox 976 2343 1017 2373; x_wconf 85' lang='lat' dir='ltr'>pe</span> <span class='ocrx_word' id='word_1_661' title='bbox 1040 2332 1113 2362; x_wconf 77' lang='lat' dir='ltr'>hiat</span> <span class='ocrx_word' id='word_1_662' title='bbox 1136 2337 1171 2362; x_wconf 84' lang='lat' dir='ltr'>et</span> <span class='ocrx_word' id='word_1_663' title='bbox 1192 2338 1366 2372; x_wconf 80' lang='lat' dir='ltr'>tamquam</span> <span class='ocrx_word' id='word_1_664' title='bbox 1395 2335 1531 2365; x_wconf 86' lang='lat' dir='ltr'>insistit.</span> <span class='ocrx_word' id='word_1_665' title='bbox 1566 2336 1624 2366; x_wconf 86' lang='lat' dir='ltr'>Or.</span> <span class='ocrx_word' id='word_1_666' title='bbox 1656 2337 1703 2368; x_wconf 88' lang='lat' dir='ltr'>iii.</span> 
     </span>
     <span class='ocr_line' id='line_1_119' title="bbox 978 2376 1703 2415; baseline 0.006 -9"><span class='ocrx_word' id='word_1_667' title='bbox 978 2379 1030 2407; x_wconf 81' lang='lat'>51.</span> <span class='ocrx_word' id='word_1_668' title='bbox 1076 2377 1109 2406; x_wconf 67' lang='lat' dir='ltr'>Si</span> <span class='ocrx_word' id='word_1_669' title='bbox 1134 2376 1213 2415; x_wconf 89' lang='lat' dir='ltr'>quid</span> <span class='ocrx_word' id='word_1_670' title='bbox 1237 2377 1270 2406; x_wconf 88' lang='lat' dir='ltr'>in</span> <span class='ocrx_word' id='word_1_671' title='bbox 1295 2378 1446 2408; x_wconf 82' lang='lat' dir='ltr'>oratione</span> <span class='ocrx_word' id='word_1_672' title='bbox 1474 2383 1589 2409; x_wconf 84' lang='lat' dir='ltr'>nostra</span> <span class='ocrx_word' id='word_1_673' title='bbox 1610 2381 1703 2410; x_wconf 76' lang='lat' dir='ltr'>clau-</span> 
     </span>
     <span class='ocr_line' id='line_1_120' title="bbox 976 2420 1704 2454; baseline 0.007 -5"><span class='ocrx_word' id='word_1_674' title='bbox 976 2420 1075 2450; x_wconf 78' lang='lat' dir='ltr'>dicat.</span> <span class='ocrx_word' id='word_1_675' title='bbox 1122 2421 1174 2450; x_wconf 86' lang='lat' dir='ltr'>Sic</span> <span class='ocrx_word' id='word_1_676' title='bbox 1201 2421 1390 2451; x_wconf 72' lang='lat' dir='ltr'>claudicans</span> <span class='ocrx_word' id='word_1_677' title='bbox 1411 2422 1517 2452; x_wconf 80' lang='lat' dir='ltr'>oratio</span> <span class='ocrx_word' id='word_1_678' title='bbox 1533 2427 1584 2453; x_wconf 88' lang='lat' dir='ltr'>est</span> <span class='ocrx_word' id='word_1_679' title='bbox 1609 2424 1704 2454; x_wconf 86' lang='lat' dir='ltr'>Orat.</span> 
     </span>
     <span class='ocr_line' id='line_1_121' title="bbox 977 2464 1704 2499; baseline 0.006 -5"><span class='ocrx_word' id='word_1_680' title='bbox 977 2467 1029 2494; x_wconf 84' lang='grc'>51.</span> <span class='ocrx_word' id='word_1_681' title='bbox 1046 2466 1097 2494; x_wconf 81' lang='grc'>58.</span> <span class='ocrx_word' id='word_1_682' title='bbox 1134 2474 1163 2494; x_wconf 91' lang='lat' dir='ltr'>v.</span> <span class='ocrx_word' id='word_1_683' title='bbox 1188 2464 1362 2495; x_wconf 82' lang='lat' dir='ltr'>Claudere.</span> <span class='ocrx_word' id='word_1_684' title='bbox 1418 2465 1532 2496; x_wconf 59' lang='lat' dir='ltr'>*Nan</span> <span class='ocrx_word' id='word_1_685' title='bbox 1556 2467 1657 2497; x_wconf 88' lang='lat' dir='ltr'>Deor.</span> <span class='ocrx_word' id='word_1_686' title='bbox 1682 2469 1704 2499; x_wconf 90' lang='lat' dir='ltr'>i.</span> 
     </span>
     <span class='ocr_line' id='line_1_122' title="bbox 976 2508 1703 2543; baseline 0.007 -6"><span class='ocrx_word' id='word_1_687' title='bbox 976 2510 1028 2538; x_wconf 76' lang='grc'><strong>38.</strong></span> <span class='ocrx_word' id='word_1_688' title='bbox 1053 2511 1127 2537; x_wconf 77' lang='lat' dir='ltr'>tota</span> <span class='ocrx_word' id='word_1_689' title='bbox 1142 2517 1193 2537; x_wconf 87' lang='lat' dir='ltr'>res</span> <span class='ocrx_word' id='word_1_690' title='bbox 1209 2508 1343 2538; x_wconf 72' lang='lat' dir='ltr'>vacillat</span> <span class='ocrx_word' id='word_1_691' title='bbox 1360 2512 1394 2539; x_wconf 86' lang='lat' dir='ltr'>et</span> <span class='ocrx_word' id='word_1_692' title='bbox 1410 2510 1576 2541; x_wconf 74' lang='lat' dir='ltr'>claudicat</span> <span class='ocrx_word' id='word_1_693' title='bbox 1587 2524 1598 2543; x_wconf 84' lang='lat'>,-</span> <span class='ocrx_word' id='word_1_694' title='bbox 1636 2521 1703 2542; x_wconf 87' lang='lat' dir='ltr'>non</span> 
     </span>
     <span class='ocr_line' id='line_1_123' title="bbox 974 2551 1705 2591; baseline 0.008 -11"><span class='ocrx_word' id='word_1_695' title='bbox 974 2551 1062 2580; x_wconf 89' lang='lat' dir='ltr'>bene</span> <span class='ocrx_word' id='word_1_696' title='bbox 1086 2551 1251 2591; x_wconf 78' lang='lat' dir='ltr'>procedit,</span> <span class='ocrx_word' id='word_1_697' title='bbox 1278 2552 1413 2582; x_wconf 80' lang='lat' dir='ltr'>infirma</span> <span class='ocrx_word' id='word_1_698' title='bbox 1435 2560 1496 2583; x_wconf 81' lang='lat' dir='ltr'>est.</span> <span class='ocrx_word' id='word_1_699' title='bbox 1524 2554 1588 2584; x_wconf 84' lang='lat' dir='ltr'>Off.</span> <span class='ocrx_word' id='word_1_700' title='bbox 1613 2555 1634 2585; x_wconf 85' lang='lat' dir='ltr'>i.</span> <span class='ocrx_word' id='word_1_701' title='bbox 1651 2558 1705 2586; x_wconf 82' lang='lat'>33.</span> 
     </span>
     <span class='ocr_line' id='line_1_124' title="bbox 978 2594 1706 2629; baseline 0.007 -5"><span class='ocrx_word' id='word_1_702' title='bbox 978 2604 1040 2624; x_wconf 88' lang='lat' dir='ltr'>nec</span> <span class='ocrx_word' id='word_1_703' title='bbox 1058 2595 1090 2625; x_wconf 90' lang='lat' dir='ltr'>in</span> <span class='ocrx_word' id='word_1_704' title='bbox 1109 2594 1178 2625; x_wconf 90' lang='lat' dir='ltr'>ullo</span> <span class='ocrx_word' id='word_1_705' title='bbox 1195 2595 1301 2625; x_wconf 76' lang='lat' dir='ltr'>officio</span> <span class='ocrx_word' id='word_1_706' title='bbox 1327 2597 1532 2628; x_wconf 68' lang='lat' dir='ltr'>claudicare:</span> <span class='ocrx_word' id='word_1_707' title='bbox 1557 2598 1706 2629; x_wconf 82' lang='lat' dir='ltr'>discede-</span> 
     </span>
     <span class='ocr_line' id='line_1_125' title="bbox 980 2637 1475 2676; baseline 0.006 -9"><span class='ocrx_word' id='word_1_708' title='bbox 980 2648 1014 2668; x_wconf 88' lang='lat' dir='ltr'>re</span> <span class='ocrx_word' id='word_1_709' title='bbox 1032 2638 1072 2667; x_wconf 83' lang='lat' dir='ltr'>ab</span> <span class='ocrx_word' id='word_1_710' title='bbox 1089 2638 1211 2676; x_wconf 85' lang='lat' dir='ltr'>officio,</span> <span class='ocrx_word' id='word_1_711' title='bbox 1229 2637 1342 2669; x_wconf 80' lang='lat' dir='ltr'>deesse</span> <span class='ocrx_word' id='word_1_712' title='bbox 1357 2641 1475 2671; x_wconf 83' lang='lat' dir='ltr'>officio.</span> 
     </span>
    </p>

    <p class='ocr_par' dir='ltr' id='par_1_21' title="bbox 978 2683 1710 2930">
     <span class='ocr_line' id='line_1_126' title="bbox 1032 2683 1706 2722; baseline 0.007 -11"><span class='ocrx_word' id='word_1_713' title='bbox 1032 2683 1202 2712; x_wconf 69' lang='lat' dir='ltr'>Claztdere.</span> <span class='ocrx_word' id='word_1_714' title='bbox 1234 2692 1294 2722; x_wconf 89' lang='lat' dir='ltr'>pro</span> <span class='ocrx_word' id='word_1_715' title='bbox 1324 2685 1523 2719; x_wconf 75' lang='lat' dir='ltr'>claudicare.</span> <span class='ocrx_word' id='word_1_716' title='bbox 1561 2684 1619 2714; x_wconf 86' lang='lat' dir='ltr'>Or.</span> <span class='ocrx_word' id='word_1_717' title='bbox 1653 2688 1706 2716; x_wconf 80' lang='lat'>51.</span> 
     </span>
     <span class='ocr_line' id='line_1_127' title="bbox 980 2725 1710 2763; baseline 0.007 -9"><span class='ocrx_word' id='word_1_718' title='bbox 980 2725 1061 2763; x_wconf 88' lang='lat' dir='ltr'>quid</span> <span class='ocrx_word' id='word_1_719' title='bbox 1077 2729 1129 2755; x_wconf 85' lang='lat' dir='ltr'>est</span> <span class='ocrx_word' id='word_1_720' title='bbox 1151 2735 1211 2755; x_wconf 77' lang='lat' dir='ltr'>cur</span> <span class='ocrx_word' id='word_1_721' title='bbox 1226 2726 1378 2757; x_wconf 73' lang='lat' dir='ltr'>claudere</span> <span class='ocrx_word' id='word_1_722' title='bbox 1393 2733 1452 2757; x_wconf 85' lang='lat' dir='ltr'>aut</span> <span class='ocrx_word' id='word_1_723' title='bbox 1467 2727 1620 2758; x_wconf 80' lang='lat' dir='ltr'>insistere</span> <span class='ocrx_word' id='word_1_724' title='bbox 1636 2739 1710 2759; x_wconf 87' lang='lat' dir='ltr'>ora-</span> 
     </span>
     <span class='ocr_line' id='line_1_128' title="bbox 979 2769 1707 2803; baseline 0.007 -5"><span class='ocrx_word' id='word_1_725' title='bbox 979 2769 1109 2799; x_wconf 87' lang='lat' dir='ltr'>tionem</span> <span class='ocrx_word' id='word_1_726' title='bbox 1126 2769 1257 2799; x_wconf 88' lang='lat' dir='ltr'>malint.</span> <span class='ocrx_word' id='word_1_727' title='bbox 1280 2770 1381 2800; x_wconf 83' lang='lat' dir='ltr'>Tusc.</span> <span class='ocrx_word' id='word_1_728' title='bbox 1399 2781 1429 2800; x_wconf 76' lang='lat' dir='ltr'>v.</span> <span class='ocrx_word' id='word_1_729' title='bbox 1449 2774 1479 2801; x_wconf 69' lang='grc' dir='ltr'><strong>Β.</strong></span> <span class='ocrx_word' id='word_1_730' title='bbox 1505 2771 1637 2802; x_wconf 80' lang='lat' dir='ltr'>beatam</span> <span class='ocrx_word' id='word_1_731' title='bbox 1660 2774 1707 2803; x_wconf 88' lang='lat' dir='ltr'>vi—</span> 
     </span>
     <span class='ocr_line' id='line_1_129' title="bbox 978 2812 1710 2854; baseline 0.007 -13"><span class='ocrx_word' id='word_1_732' title='bbox 978 2816 1051 2842; x_wconf 86' lang='lat' dir='ltr'>tam</span> <span class='ocrx_word' id='word_1_733' title='bbox 1075 2813 1136 2842; x_wconf 83' lang='lat' dir='ltr'>etsi</span> <span class='ocrx_word' id='word_1_734' title='bbox 1165 2823 1204 2842; x_wconf 85' lang='lat' dir='ltr'>ex</span> <span class='ocrx_word' id='word_1_735' title='bbox 1223 2812 1334 2853; x_wconf 85' lang='lat' dir='ltr'>aliqua</span> <span class='ocrx_word' id='word_1_736' title='bbox 1352 2819 1445 2854; x_wconf 75' lang='lat' dir='ltr'>parte</span> <span class='ocrx_word' id='word_1_737' title='bbox 1461 2815 1641 2853; x_wconf 72' lang='lat' dir='ltr'>clauderet,</span> <span class='ocrx_word' id='word_1_738' title='bbox 1658 2821 1710 2847; x_wconf 73' lang='lat' dir='ltr'>ta-</span> 
     </span>
     <span class='ocr_line' id='line_1_130' title="bbox 981 2856 1710 2899; baseline 0.007 -14"><span class='ocrx_word' id='word_1_739' title='bbox 981 2865 1060 2885; x_wconf 80' lang='lat' dir='ltr'>men</span> <span class='ocrx_word' id='word_1_740' title='bbox 1077 2856 1202 2895; x_wconf 83' lang='lat' dir='ltr'>majore</span> <span class='ocrx_word' id='word_1_741' title='bbox 1225 2857 1333 2887; x_wconf 81' lang='lat' dir='ltr'>inulto</span> <span class='ocrx_word' id='word_1_742' title='bbox 1364 2868 1402 2887; x_wconf 87' lang='lat' dir='ltr'>cx</span> <span class='ocrx_word' id='word_1_743' title='bbox 1431 2863 1526 2899; x_wconf 86' lang='lat' dir='ltr'>parte</span> <span class='ocrx_word' id='word_1_744' title='bbox 1557 2859 1710 2890; x_wconf 86' lang='lat' dir='ltr'>obtinere</span> 
     </span>
     <span class='ocr_line' id='line_1_131' title="bbox 982 2908 1230 2930; baseline 0.004 -1"><span class='ocrx_word' id='word_1_745' title='bbox 982 2908 1104 2929; x_wconf 84' lang='lat' dir='ltr'>nomen</span> <span class='ocrx_word' id='word_1_746' title='bbox 1120 2909 1230 2930; x_wconf 83' lang='lat' dir='ltr'>suum.</span> 
     </span>
    </p>
   </div>
  </div>
 </body>
</html>
