1985 3206
282 85 363 121 250

284 178 526 220 crepitaculum
548 187 694 215 aencum,
711 187 775 216 quo
790 178 877 217 Syra’
895 178 1011 208 mulie-

285 234 337 254 res
365 223 558 259 utebantur,
586 231 771 259 sonumque
797 221 916 250 edebat
946 232 1012 251 non

287 267 471 297 absimilem
497 265 638 305 cymbali
655 274 752 293 sono:
778 265 866 293 unde
883 269 915 294 ct
933 265 1013 301 jun-

286 311 567 349 gitur-utrumque
587 317 703 347 gcnus.
721 307 761 336 dc
773 317 812 336 eo
825 307 888 336 vid.
899 313 1013 338 aucto-

287 363 338 383 res
370 353 519 383 lzuulatos
551 353 583 381 in
616 351 693 381 Lex.
726 350 830 380 Fabri.
863 351 942 381 lutt.
973 352 1013 381 ad

287 397 421 426 P‹·t1·on.
447 407 474 426 c.
491 397 543 429 67.
574 395 756 424 Ges-nerum
777 394 808 422 in
828 394 1013 424 Chrestom.

288 440 373 469 mlv..
391 450 423 478 p.
439 441 512 469 436.
538 439 676 468 Salmas.
694 437 736 467 ad
751 437 881 477 Vopisc.
903 438 1014 468 Carin.

292 487 339 517 11).
364 487 388 512 t.
406 484 439 512 ii.
457 493 488 522 p.
507 483 579 513 8⁵21.

337 527 500 560 (ruditas.
513 533 563 555 cst
576 525 691 554 vitium
705 523 866 553 stomachi
878 533 915 552 cx
927 523 1015 552 mala

289 571 520 605 concoctione,
543 579 618 598 cum
641 573 813 606 tamquam
836 567 928 595 erudi
951 567 1013 596 cibi

290 618 491 642 coacescunt
502 613 535 642 in
546 622 599 641 eo:
617 611 876 650 intemperantia
885 610 1014 639 edendi.

289 656 331 686 ad
353 657 429 686 Div.
445 657 488 686 ix.
511 659 558 685 18.
582 655 743 685 cruditate
763 655 866 683 satius
882 658 933 683 est
948 654 1015 689 hic,

290 710 391 738 quam
408 701 483 729 istie
499 699 601 728 fame.
625 698 703 727 ibid.
721 708 772 727 xv.
795 700 842 731 17.
866 698 908 727 D.
926 696 1018 726 Sulla

290 750 444 774 mortuus
459 743 632 773 cruditate.

340 787 478 823 Gradus,
496 786 552 825 qui
569 785 731 815 cruditate
744 784 880 813 laborat.
897 783 920 812 F
924 784 967 813 in.
983 783 1016 812 ii.

293 834 323 861 8.
347 831 443 867 asoti,
459 830 514 868 qui
530 830 563 859 in
580 838 728 858 mensam
747 833 893 863 vomant,
909 828 1018 857 erudi-

290 883 352 914 que
375 873 531 914 postridie
551 882 584 901 se.
603 881 714 902 rursus
730 871 950 909 ingurgitent.
974 870 1018 899 O-

292 922 355 948 rat.
379 918 400 946 i.
419 919 469 951 97.
502 916 611 945 noluit
633 916 730 945 hodie
753 924 850 953 agere·
866 914 1017 951 Roscius,

292 965 352 990 aut
373 961 505 990 crudior
526 959 602 989 fuit.
627 960 645 976 *Ε
660 960 871 994 immaturus,
888 957 928 986 de
951 957 1019 986 fru—

293 1005 403 1034 c'tibus
426 1005 592 1034 arborum.
616 1003 710 1032 Cato.
740 1005 786 1036 19.
811 1001 903 1039 quasi
922 1010 1020 1040 poma

293 1058 334 1077 ex
357 1048 540 1083 arboribus,
555 1046 657 1075 cruda
682 1046 708 1075 si
725 1046 793 1075 sint
809 1046 868 1073 (xe.
885 1044 925 1074 ef.
951 1044 1019 1074 Sal-

294 1101 376 1121 mas.
390 1091 431 1120 ad
447 1090 549 1120 Solin.
565 1100 596 1129 p.
614 1091 686 1120 ⁴252.

343 1134 469 1164 Crustu.
504 1134 596 1163 Verr.
622 1133 663 1162 iv.
695 1134 747 1163 ⁶23.
776 1131 899 1161 Omnia
932 1132 1022 1170 (vasa

293 1177 423 1216 eaelata)
439 1176 644 1207 deseruntur.
663 1176 825 1215 Cibyratae
836 1175 954 1204 fratres
967 1185 1021 1203 vo-

295 1225 432 1251 cantur:
458 1230 565 1260 pauca
579 1220 768 1259 improbant
783 1231 789 1248 ε
815 1228 888 1257 quae
906 1218 1022 1257 proba-

296 1270 386 1301 rant,
405 1265 442 1294 iis
466 1268 583 1293 crusta>
606 1268 665 1292 aut
688 1262 891 1292 emblemata
913 1261 1022 1291 detra-

298 1308 436 1338 huntur.
462 1307 548 1336 Sunt
564 1311 677 1336 autem
694 1311 811 1336 crusta>
826 1311 1024 1334 ornamenta

295 1361 449 1381 vasorum
466 1356 716 1389 argenteorum,
730 1356 903 1387 tamquam
921 1349 1022 1378 simu-

298 1395 400 1432 lacra,
424 1405 527 1434 eaque
557 1394 764 1423 extrinsecus
796 1392 944 1431 alligata,
967 1391 1025 1421 sed

297 1438 426 1468 diversa
437 1439 476 1467 ab
489 1437 710 1467 emblematis.
721 1437 809 1467 Nam
823 1435 1025 1465 emblemata

299 1486 380 1514 sunt
406 1481 515 1521 sigilla
540 1480 658 1510 statuis
683 1480 816 1517 similia,
840 1479 874 1508 h.
898 1489 927 1508 e.
951 1488 1024 1517 quae

297 1530 406 1555 totam
429 1535 469 1554 ex
492 1525 583 1554 omni
607 1528 700 1564 parte
725 1533 794 1553 rem
819 1523 1025 1562 exprimunt,

298 1574 414 1599 crusfoe
427 1572 539 1599 autem
556 1577 661 1597 unum
671 1571 806 1597 tantum
816 1566 904 1595 latus
913 1570 1024 1596 osten-

301 1613 400 1649 dunt,
417 1621 525 1651 neque
546 1611 626 1641 adeo
642 1611 791 1640 eminent
806 1619 1024 1649 magnopere:

299 1655 355 1686 Gr.
372 1655 515 1697 πςὸςυπα
529 1658 660 1691 vocant,
677 1658 716 1683 ut
739 1653 951 1689 emblemata,
969 1664 1027 1682 re-

297 1700 410 1742 gupoevii.
437 1709 465 1728 v.
491 1699 561 1728 haec
585 1698 683 1728 latius
707 1697 934 1736 disputantem
958 1695 1027 1726 Sal-

302 1753 384 1773 mas.
416 1742 457 1772 ad
487 1742 589 1772 Solin.
626 1752 700 1783 pag.
732 1742 807 1774 736.
840 1739 928 1769 Hinc
952 1749 1029 1769 vasa

302 1786 432 1828 potoria
448 1792 596 1815 crustata
608 1795 660 1824 ap.
675 1785 807 1814 Festum
822 1784 855 1813 in
867 1783 1028 1813 Tabernas

302 1830 473 1859 crustariae
503 1833 538 1858 et
573 1828 759 1858 Crustarius
794 1828 909 1857 artifex
942 1826 1029 1866 apud

302 1873 389 1904 Plin.
414 1873 525 1902 xxxiii.
554 1874 602 1903 12.
633 1871 754 1902 θητεῖαι
771 1871 929 1900 dicuntur
943 1880 1029 1899 sem-

303 1927 362 1956 per
385 1916 425 1945 de
449 1925 500 1951 eo,
517 1926 582 1954 quo
605 1925 654 1945 res
679 1915 788 1953 aliqua
811 1914 982 1944 inducitur
997 1918 1031 1943 et

303 1966 477 1998 tamquam
492 1959 662 1994 lor-icatur,
675 1959 743 1988 sine
758 1958 825 1987 ulla
836 1958 1030 1987 eminentia.

306 2004 404 2033 Notae
422 2007 501 2032 sunt
517 2007 632 2033 crustoe
645 2003 677 2031 in
691 2002 843 2041 operibus
854 2001 1030 2030 tessellatis

304 2051 339 2076 et
363 2047 511 2083 musivis,
536 2056 609 2085 quae
639 2055 705 2075 non
729 2045 892 2081 eminent,
917 2044 974 2074 sed
998 2045 1030 2073 in

306 2090 397 2120 ealce
420 2094 502 2119 totae
520 2090 640 2126 latent,
657 2099 694 2119 ae
710 2098 817 2118 unum
833 2092 965 2117 tantuin
984 2087 1031 2117 la-

305 2140 361 2164 tus
386 2133 553 2163 exhibent.
598 2132 660 2173 Ap.
682 2132 766 2162 Plin.
781 2132 888 2162 xxxvi.
913 2132 942 2160 6.
960 2131 1032 2160 Ma-

307 2187 423 2207 murra
448 2177 575 2216 primus
602 2176 716 2206 Romae
745 2176 866 2205 dicitur
890 2175 1032 2214 parietes

307 2221 425 2250 domus
448 2230 517 2250 suae
539 2225 650 2250 crusta
666 2220 838 2249 marmoris
855 2219 1032 2258 operuisse.

307 2264 420 2304 Ipsum
438 2264 630 2300 tectorium,
645 2273 709 2302 quo
722 2263 864 2302 parietes
877 2262 1034 2302 operiun-

307 2312 376 2344 tur,
392 2312 502 2337 crusta
523 2307 671 2347 parietis,
689 2306 821 2336 dicitur.
868 2305 907 2334 ln
924 2306 1035 2344 lignea

309 2351 520 2391 supellectili,
536 2356 709 2389 tamquam
727 2350 862 2386 mensis,
876 2350 958 2379 arcis
975 2350 1034 2378 ἃς.

309 2395 467 2424 Germani
483 2399 620 2424 vocant:
647 2393 834 2432 eingelegte
851 2393 976 2422 Arbeit.

359 2438 478 2475 Cubile,
502 2437 606 2475 locus,
631 2437 687 2467 ubi
708 2436 787 2466 ferae
811 2437 944 2473 cubare,
962 2435 1035 2465 dor-

311 2482 393 2513 mire
416 2481 536 2511 solent.
566 2481 660 2511 Verr.
675 2481 708 2510 ii.
725 2484 776 2514 77.
808 2489 874 2509 non
892 2480 964 2518 jam
982 2489 1036 2508 ve-

310 2525 423 2565 stigia,
441 2525 498 2555 sed
513 2525 584 2564 ipsa
599 2525 720 2554 cubilia
734 2523 844 2553 videre
862 2523 999 2562 possint.

359 2569 485 2605 Cultus,
510 2568 612 2599 victui
643 2572 702 2598 aut
730 2567 858 2597 habitui
887 2567 1036 2605 junctus,

310 2613 479 2651 significat
496 2613 668 2649 vestitum,
680 2611 849 2641 interdum
866 2610 967 2639 etiam
983 2620 1037 2640 su-

311 2655 514 2696 pellectilem
541 2665 676 2685 omnem
702 2658 979 2694 apparatumque,
1004 2658 1038 2683 et

311 2699 443 2729 vivendi
455 2699 619 2729 rationem
636 2702 820 2728 externam.
845 2697 885 2726 ad
901 2697 976 2727 Div.
993 2698 1036 2727 ix.

311 2746 344 2774 3.
368 2743 519 2773 dabimus
532 2751 720 2772 sermonem
734 2742 787 2778 iis,
801 2741 857 2779 qui
870 2741 1037 2777 nesciunt,

311 2787 419 2823 nobis,
436 2795 634 2824 quocunque
658 2785 692 2814 in
716 2784 788 2814 loco
811 2794 940 2821 sumus,
957 2794 1038 2813 eun-

313 2830 389 2859 dem
411 2831 550 2866 cultum,
567 2828 711 2858 eundem
730 2828 854 2857 victum
872 2837 952 2857 esse.
974 2828 1039 2857 Off.

312 2874 335 2904 i.
363 2876 415 2908 39.
449 2872 566 2904 eadem
598 2871 809 2904 mediocritas
835 2870 878 2901 ad
903 2880 1038 2902 omnem

799 89 944 119 INDEX
974 91 1269 119 LATINITATIS·

1055 189 1152 208 nsum
1170 181 1357 218 cultumque
1371 179 1447 208 vitae
1469 179 1700 209 transferenda
1714 182 1782 210 est.

1053 222 1109 252 Or.
1128 223 1149 252 i.
1166 226 1196 252 8.
1221 222 1370 252 homines
1387 233 1406 252 a
1424 222 1493 252 scra
1509 223 1694 261 agrestique
1711 224 1779 253 vita

1054 266 1095 294 ad
1119 265 1206 295 hune
1232 266 1415 295 humanum
1439 268 1560 295 cultum
1579 267 1776 304 civiien·que

1053 309 1238 338 traduc-cre.
1265 310 1323 338 ἃς.
1355 310 1397 338 cf.
1428 309 1608 338 Burmann.
1634 317 1673 338 a«
1697 311 1779 338 ‘eue-

1054 356 1123 381 ton.
1153 352 1233 381 Caes.
1265 355 1316 382 45.
1349 362 1379 391 p.
1408 355 1476 382 1015.
1505 363 1552 391 sq.
1583 352 1600 370 ²*
1613 353 1778 382 institutio

1055 401 1088 424 et
1105 395 1258 424 educatio
1274 396 1440 431 universa,
1457 397 1532 425 νῆα»,
1550 397 1642 425 ratio.
1662 396 1777 425 Pru-tit.

1055 439 1106 469 ⁴26.
1131 446 1181 468 est
1198 448 1301 476 genus
1319 439 1490 468 bominum
1509 438 1548 467 ad
1568 438 1778 468 henestatem

1058 486 1188 517 natum,
1201 481 1287 511 malo
1299 484 1388 511 cultu
1405 488 1612 521 corruptum,
1626 483 1646 511 i.
1657 492 1687 510 e.
1700 482 1780 510 edu-

1056 526 1184 554 catione
1210 525 1307 560 mala,
1325 526 1384 555 ἃς.
1407 526 1424 543 ²*
1437 525 1527 555 labor
1548 525 1779 563 agricolarum.

1057 568 1134 606 Agr.
1161 569 1193 597 ii.
1211 571 1262 599 ⁶25.
1293 569 1326 598 in
1351 579 1414 607 quo
1439 570 1656 607 agricolarum
1674 570 1781 598 cultus

1058 621 1122 640 non
1142 611 1297 641 elaboret.
1314 612 1388 641 add.
1404 613 1484 647 Les-5.
1503 612 1523 641 i.
1544 615 1569 641 1.

1105 655 1195 684 (mn.
1226 655 1321 685 brut.
1344 659 1369 685 1.
1399 666 1469 684 cm.»
1489 665 1553 693 quo
1569 658 1694 684 certare
1711 656 1783 683 erat

1058 697 1241 736 gloriosius.
1272 699 1324 728 Sic
1353 706 1387 727 ct
1415 698 1509 727 Oriri.
1541 698 1621 727 Met.
1652 697 1682 727 x.
1706 698 1783 727 6:35.

1058 742 1076 759 ²⁸⁶
1088 741 1129 770 ad
1158 742 1232 771 niv.
1250 752 1300 771 xv.
1321 745 1369 771 11.
1397 742 1606 779 facturusque
1629 743 1689 770 sim
1707 750 1782 770 cum

1058 784 1217 821 studiose,
1232 795 1268 813 ac
1288 786 1372 824 (pro,
1389 784 1477 822 tum)
1500 784 1650 813 libznter.
1673 785 1725 814 Sic
1748 788 1783 812 et

1059 828 1128 857 Att.
1145 828 1199 857 vii.
1221 831 1267 858 13.
1286 829 1354 858 Att.
1372 829 1413 857 vi.
1433 831 1456 857 l.
1480 838 1553 857 cnm
1571 838 1622 863 eo,
1638 828 1658 857 i.
1676 838 1703 856 e.
1721 827 1782 856 hac

1059 881 1135 900 eum
1153 872 1348 911 exceptione
1364 871 1415 900 vel
1432 871 1632 900 conditmne.

1108 915 1342 951 C1121171m.1·z'711e,
1368 915 1484 944 dicunt
1506 923 1576 943 csse
1601 923 1702 951 nune,
1721 913 1783 942 hoc

1061 958 1130 997 ipso
1149 963 1309 997 tempore.
1327 968 1355 986 v.
1373 958 1478 987 Graev.
1495 957 1535 986 ad
1551 960 1642 986 Suet.
1657 957 1784 986 Domit.

1065 1005 1112 1031 10.
1143 1001 1184 1031 ad
1208 1001 1276 1031 Cic.
1292 1001 1355 1031 Off.
1373 1002 1405 1031 ii.
1423 1004 1454 1034 7.
1486 1001 1614 1030 Duker.
1631 1000 1671 1029 ad
1699 1000 1784 1029 Flor.

1062 1045 1094 1074 ii.
1116 1044 1163 1074 16.
1189 1051 1227 1074 ut
1239 1045 1319 1074 alios
1336 1049 1476 1074 taceam.
1494 1043 1564 1073 Nec
1583 1044 1784 1081 negaverim,

1062 1088 1095 1117 in
1120 1088 1235 1117 multis
1260 1088 1339 1118 locis
1364 1089 1410 1117 ita
1433 1097 1604 1117 commode
1629 1086 1786 1125 explicari

1061 1141 1166 1171 posse.
1196 1132 1313 1170 Neque
1329 1136 1442 1161 tamen
1458 1131 1616 1166 concedo,
1630 1140 1701 1159 cum
1718 1140 1788 1159 ma-

1061 1176 1148 1205 xime
1171 1176 1299 1214 proprie
1321 1185 1410 1204 nunc
1427 1175 1624 1213 significare.
1671 1174 1703 1202 St
1715 1174 1734 1202 d
1754 1170 1782 1211 1)

1062 1222 1112 1248 est
1135 1218 1241 1248 forma
1257 1218 1403 1258 elliptica
1419 1227 1476 1258 pro
1492 1222 1527 1247 ut
1543 1227 1615 1247 cum
1632 1218 1785 1246 maxime.

1063 1272 1092 1292 v.
1111 1272 1139 1291 c.
1155 1262 1249 1291 offic.
1269 1263 1302 1291 ii.
1320 1266 1351 1296 7.
1370 1271 1430 1291 nee
1446 1271 1521 1290 vero
1539 1261 1638 1299 hujus
1654 1260 1788 1299 tyranni

1063 1305 1184 1343 solum,
1209 1315 1307 1344 quem
1338 1305 1438 1335 armis
1469 1313 1624 1344 oppressa
1652 1304 1791 1343 pertulit.

1064 1349 1192 1384 civitas,
1209 1359 1281 1387 quae
1300 1354 1393 1388 paret
1409 1358 1482 1378 cun-¹.
1500 1348 1642 1377 manime
1658 1350 1791 1376 mortuo

1065 1393 1123 1422 &cz
1149 1402 1214 1422 non
1239 1392 1377 1422 absurde
1401 1392 1566 1432 explices:
1599 1400 1672 1428 quae
1697 1394 1791 1429 paret

1066 1445 1155 1465 nunc
1185 1440 1316 1465 mortuo
1332 1448 1338 1465 ι
1374 1435 1431 1465 sed
1462 1434 1590 1475 proprie
1621 1438 1684 1470 est,
1716 1443 1790 1472 quae

1066 1482 1159 1519 paret
1172 1485 1304 1509 mortuo
1319 1480 1379 1515 ita,
1391 1484 1429 1508 nt
1446 1488 1510 1517 quo
1525 1485 1675 1516 tempore
1689 1477 1793 1506 maxi-

1066 1533 1119 1552 me
1142 1523 1262 1552 servire
1286 1523 1478 1562 putabatur,
1501 1531 1619 1560 nempe
1644 1525 1682 1550 ut
1705 1520 1790 1550 vivo.

1066 1567 1147 1596 Har.
1171 1566 1270 1606 Resp.
1286 1569 1334 1596 15.
1357 1575 1429 1604 quae
1444 1566 1531 1595 fiunt
1542 1575 1579 1594 cce
1587 1574 1617 1593 m
1632 1565 1791 1594 maxime.-

1068 1611 1087 1639 i.
1106 1620 1134 1639 e.
1151 1619 1250 1648 quani
1273 1609 1552 1647 frequentissime,
1568 1609 1628 1645 ita,
1646 1613 1684 1637 ut
1706 1616 1793 1639 nun-

1068 1663 1167 1692 quam
1185 1653 1289 1692 magis
1305 1653 1395 1682 facta
1410 1653 1486 1682 sint.
1504 1652 1547 1681 Et
1562 1653 1611 1681 ita
1625 1656 1674 1681 est
1690 1651 1793 1681 etiam

1070 1697 1104 1726 in
1132 1696 1264 1735 reliquis
1290 1696 1461 1736 exemplis,
1481 1705 1554 1735 quae
1580 1695 1718 1735 proferri
1744 1704 1796 1724 so-

1069 1741 1150 1770 lent.
1198 1739 1316 1778 Itaque
1341 1739 1373 1779 9)
1401 1739 1570 1769 interdum
1586 1738 1668 1768 illud
1683 1742 1722 1768 ut
1739 1737 1796 1768 ad·

1069 1784 1170 1813 ditur.
1192 1783 1232 1823 Ω.
1251 1784 1302 1813 Fr.
1320 1784 1352 1813 ii.
1370 1784 1400 1814 6.
1424 1783 1540 1813 domus
1557 1781 1742 1811 celebratur
1756 1784 1796 1811 ut

1069 1837 1142 1857 cum
1168 1829 1319 1857 maxime.
1343 1828 1375 1856 Si
1393 1829 1431 1856 ut
1445 1827 1619 1861 omisisset,
1636 1825 1722 1864 quod
1738 1834 1797 1864 po-

1069 1871 1189 1900 tuisset
1200 1871 1321 1907 facere,
1331 1870 1479 1900 dicerent
1491 1870 1566 1899 boni
1579 1869 1677 1898 Gram
1683 1868 1797 1898 matici

1070 1916 1289 1944 cummaxime
1304 1914 1336 1944 h.
1352 1913 1373 1943 l.
1386 1923 1455 1943 esse
1474 1923 1581 1943 nune:
1604 1912 1690 1950 quod
1707 1920 1797 1941 nunc

1065 1959 1136 1995 jam
1154 1959 1187 1988 in
1205 1958 1302 1987 verbo
1325 1958 1510 1987 celebratur
1532 1957 1628 1993 latet,
1643 1960 1681 1984 ut
1699 1965 1798 1994 snpra

1073 2002 1106 2031 in
1121 2010 1228 2041 paret,
1241 2008 1275 2030 et
1288 2001 1357 2031 aliis
1371 2001 1467 2031 loeis:
1494 2000 1580 2030 unde
1599 1999 1653 2028 ubi
1671 2009 1690 2028 a
1705 1999 1798 2028 bonis

1073 2045 1163 2075 libris
1187 2046 1291 2082 abest,
1310 2054 1376 2074 non
1391 2049 1516 2074 temere
1537 2041 1798 2079 admittendum,

1074 2092 1111 2118 ut
1134 2099 1187 2128 ap.
1205 2088 1276 2118 Liv.
1294 2089 1381 2118 xxix.
1403 2091 1450 2121 17.
1475 2094 1557 2117 extr.
1596 2086 1659 2116 Sed
1682 2095 1798 2116 sensus

1073 2137 1141 2161 est:
1168 2132 1284 2161 domus
1300 2142 1375 2161 mea
1390 2127 1656 2161 cclebratur‘non
1675 2130 1799 2165 minus,

1074 2185 1173 2215 quam
1200 2186 1264 2214 quo
1290 2180 1439 2214 tempore
1472 2175 1616 2204 maxime
1644 2172 1801 2202 celebrari

1073 2219 1265 2259 putabatur.
1285 2219 1422 2248 Terent.
1434 2218 1553 2257 Hecyr.
1565 2218 1586 2247 i.
1600 2219 1630 2248 ΞΖ.
1644 2217 1695 2247 36.
1716 2216 1800 2246 Bac-

1075 2263 1206 2293 chidem
1239 2263 1385 2299 amabat,
1412 2267 1449 2291 ut
1473 2262 1702 2297 cummaxime,
1725 2264 1801 2290 tum

1076 2306 1294 2346 PamphiluSt
1326 2307 1359 2335 in
1384 2316 1448 2344 quo
1472 2305 1544 2335 loeo
1568 2304 1666 2344 plane
1690 2303 1804 2333 absur-

1076 2351 1155 2380 dum
1166 2356 1252 2380 esset
1265 2350 1303 2379 de
1317 2359 1406 2379 nune
1417 2350 1573 2388 cogitare.
1587 2347 1695 2386 Quid?
1716 2346 1803 2386 quod

1076 2392 1109 2431 3)
1129 2395 1170 2432 τῷ
1186 2403 1259 2423 cum
1284 2394 1425 2423 inarime
1448 2392 1616 2422 interdum
1642 2400 1730 2420 nunc
1747 2390 1803 2420 ad-

1076 2437 1178 2474 ditur,
1196 2437 1284 2475 qnod
1308 2446 1374 2466 non
1399 2437 1506 2472 tieret,
1523 2436 1550 2465 si
1573 2445 1632 2475 per
1654 2444 1687 2463 se
1713 2443 1804 2463 nune

1077 2481 1289 2519 significaret.
1314 2480 1447 2510 Cluent.
1462 2484 1490 2511 5.
1514 2489 1587 2518 quse
1602 2477 1803 2515 multosjam

1077 2533 1195 2561 annos,
1213 2528 1247 2554 et
1270 2533 1359 2553 nune
1383 2533 1457 2553 cum
1476 2524 1617 2553 maxime
1632 2521 1737 2551 filium
1755 2521 1806 2550 in-

1077 2567 1256 2597 terfectum
1281 2568 1385 2606 cupit.
1410 2567 1441 2596 h.
1466 2578 1494 2596 e.
1512 2576 1602 2596 nune
1625 2565 1674 2595 ita
1697 2565 1805 2604 cupit,

1079 2614 1117 2641 ut
1140 2621 1311 2650 nunquam
1336 2611 1441 2649 magis
1459 2610 1611 2650 cupierit.
1625 2608 1701 2638 Ter.
1720 2607 1806 2638 And.

1080 2655 1100 2684 i.
1122 2658 1147 2684 1.
1176 2657 1244 2685 1⁶25.
1269 2664 1358 2684 nunc
1381 2664 1454 2684 cum
1475 2655 1617 2684 maxime
1643 2662 1663 2682 a
1687 2657 1721 2681 te
1749 2661 1807 2690 po-

1079 2698 1178 2728 stulo.
1200 2699 1282 2737 Quis
1299 2707 1365 2727 non
1377 2698 1479 2734 videt,
1491 2707 1565 2727 cum
1578 2697 1722 2726 maxime
1737 2701 1807 2724 esse

1081 2741 1393 2771 vehementissime?
1420 2746 1454 2770 et
1466 2742 1512 2770 sie
1526 2750 1605 2780 cape
1618 2740 1721 2769 etiam
1735 2739 1807 2768 sine

1082 2794 1184 2821 nune,
1204 2785 1358 2815 Eunuch.
1383 2785 1429 2814 iii.
1451 2787 1480 2814 5.
1505 2787 1556 2815 33.
1586 2783 1808 2813 cummaxime

1081 2828 1154 2858 volo
1169 2832 1202 2857 te
1219 2838 1353 2868 operam
1369 2828 1457 2858 dare.
1484 2827 1566 2857 Plin.
1585 2827 1692 2866 Epist.
1708 2836 1738 2855 x.
1756 2828 1808 2855 58.

1082 2872 1171 2911 quod
1196 2877 1247 2902 est
1279 2871 1387 2902 multo
1417 2871 1601 2911 depressior
1629 2879 1728 2911 opere
1753 2876 1809 2906 eo,
