1920 3196
707 108 853 140 INDEX
888 106 1180 140 LATINITATIS.

228 199 424 242 Propositus.
445 210 475 231 v.
503 209 700 242 proponere.
722 198 904 239 *paratus

178 241 272 276 Verr.
290 255 319 275 ν.
339 248 388 276 13.
420 245 539 276 mulier
557 245 719 284 proposita
741 242 907 272 omnibus.

179 288 406 328 *propositum
425 286 904 327 est21a15.T0p.⁶21.Parrit.

178 334 209 361 3.
233 331 297 362 Sed
320 332 391 362 Fin.
416 333 449 362 ii.
478 334 531 363 ⁶22.
556 336 607 362 est
631 329 823 373 προηγμένον.
847 329 904 358 Or.

179 375 225 404 iii.
242 377 294 406 ⁸28.
318 377 457 415 quaestio
474 376 607 405 infinita
623 383 656 404 et
673 374 765 413 quasi
789 382 902 412 propo—

176 419 250 449 sita.
282 419 302 436 ²*
316 419 356 449 de
375 419 523 450 consino.
549 418 630 449 Coel.
647 421 676 449 3.
703 417 785 447 nihil
804 416 902 446 habet

169 464 334 501 propositi.

221 505 411 545 propositio,
439 506 625 537 consilium.
648 504 748 534 Tusc.
777 504 821 533 iii.
852 506 901 534 18.

170 551 339 588 propositio
354 550 451 588 hujus
467 551 557 586 vitae,
570 556 604 579 et
615 548 786 586 cogitarim
802 548 820 565 ²*
832 557 902 577 ma—

166 592 224 631 jor
238 593 430 631 syllogismi.
458 593 525 623 lnv.
543 594 563 623 i.
581 596 632 623 34.
649 596 701 622 3ῖι.
718 592 768 621 136.

218 636 369 675 Proprie.
393 639 450 667 Or.
464 638 496 667 ii.
518 640 565 666 14.
587 638 717 675 proprie
733 635 841 664 dicere
859 634 898 664 (le

174 689 392 719 unoquoque:
418 680 450 711 h.
467 691 496 711 e.
513 681 563 710 uti
588 680 707 718 cuique
732 679 899 708 convenit.

172 723 264 754 Sext.
287 726 333 755 16.
354 726 483 765 proprie
501 725 666 763 suscipere
684 732 816 752 causam
833 734 839 751 t
867 722 898 751 h.

173 777 203 797 e.
218 772 390 807 tamquam
420 775 532 798 nostra
556 773 652 797 esset.
698 767 750 796 Sic
769 766 896 805 explica

172 811 262 841 Sext.
274 814 326 842 41.
346 813 417 851 quis
434 822 593 850 umquam
610 816 679 841 tam
693 811 820 850 proprie
839 809 898 842 (sic

173 852 237 893 leg.
251 865 317 885 non
334 860 464 895 promte
477 866 554 885 cum
568 855 707 889 CroeviO)
726 854 805 893 reip.
819 863 897 882 cau-

172 908 219 928 sa.
235 899 331 929 *Atn
348 910 376 929 v.
394 901 424 930 ⁶2.
440 904 550 929 cetera
564 899 715 929 universe
730 896 896 934 mandavi,

172 941 255 972 illud
276 945 417 983 proprie,
445 944 465 973 i.
482 953 510 973 e.
537 942 735 973 nominatim
752 947 786 970 et
803 940 897 981 Sepa-

170 987 281 1015 ratim.

216 1028 386 1070 Proprius.
404 1031 443 1061 ad
460 1031 535 1061 Div.
552 1031 585 1060 ii.
606 1033 653 1063 17.
677 1027 762 1067 quod
782 1037 892 1058 mcum

168 1078 242 1103 erat
253 1076 437 1114 proprium.
461 1074 523 1104 Sed
539 1084 601 1103 ser.
619 1073 759 1113 proprie.
778 1082 806 1101 ν.
826 1077 895 1101 not.

170 1116 212 1146 ad
230 1117 305 1147 Div.
323 1119 364 1147 ix.
382 1121 411 1149 5.
435 1118 478 1148 N.
496 1117 538 1147 D.
556 1118 575 1147 i.
593 1119 646 1147 ⁶23.

216 1160 445 1201 Propugnure.
468 1161 568 1192 Tusc.
584 1171 613 1191 v,
633 1162 685 1194 ⁶27.
703 1169 894 1200 propugna-

167 1213 205 1234 re
220 1214 278 1244 pro
296 1211 388 1244 patre
404 1215 474 1235 suo.

215 1247 415 1287 Prorogare.
428 1249 569 1279 differre.
584 1248 677 1278 Verr.
697 1248 716 1278 i.
734 1251 785 1278 38.
802 1248 892 1278 diem

162 1301 355 1331 prorogare.
381 1293 427 1322 sic
441 1293 624 1332 prorogatio
640 1292 717 1328 diei,
735 1292 804 1322 Att.
822 1292 890 1321 xiii.

166 1338 220 1366 43.
244 1336 308 1365 Sed
324 1346 504 1376 prorogare
529 1341 579 1366 est
607 1336 738 1376 proprie
763 1335 890 1375 populi,

166 1388 226 1418 per
249 1379 357 1420 legem
382 1380 480 1410 alicui
504 1379 753 1418 magistratum,
787 1380 891 1418 impe-

167 1423 267 1460 rium,
284 1424 486 1463 provinciam
516 1423 765 1453 continuantis:
803 1433 890 1452 sem-

167 1475 291 1505 perque
308 1467 442 1504 dicitur,
466 1467 521 1497 ubi
545 1467 754 1499 continuatio
772 1467 809 1496 fit
826 1467 890 1496 sal-

165 1515 235 1539 tem
263 1511 395 1541 decreto
421 1511 544 1550 aliquo,
562 1517 601 1540 ut
626 1512 778 1540 Senatus.
805 1510 889 1540 Pro-

158 1563 292 1593 pagare
317 1560 429 1585 autem
454 1555 743 1584 continuationem
773 1563 889 1592 quam-

166 1607 311 1636 eunque,
328 1604 362 1629 et
387 1608 585 1638 quacunque
608 1598 647 1627 de
665 1608 765 1628 causa
782 1602 890 1628 notat.

165 1641 229 1671 Sed
254 1643 481 1673 inconstantia
502 1642 713 1672 librariorum
740 1642 802 1672 hoc
826 1642 891 1671 dis-

165 1685 293 1715 crimen
309 1696 374 1716 non
393 1691 548 1716 accurate
563 1686 715 1715 servavit.
738 1685 812 1716 Vid.
831 1686 890 1715 Pe·

163 1728 267 1759 rizon.
285 1729 348 1760 An.
366 1731 454 1760 Hist.
471 1740 498 1758 c.
513 1730 542 1759 6.
568 1729 739 1759 Drakenb.
764 1729 804 1759 ad
818 1729 889 1759 Liv.

167 1771 236 1802 xlii.
254 1775 305 1803 30.
330 1774 437 1803 Graev.
463 1774 503 1803 ad
524 1774 592 1803 Cic.
620 1773 660 1802 ad
686 1774 756 1803 Art.
783 1783 812 1804 v.
844 1777 890 1807 17.

163 1815 378 1858 Oudendorp.
396 1817 434 1847 V.
452 1817 489 1847 C.
508 1817 548 1847 ad
563 1817 700 1846 Sueton.
718 1817 803 1856 Aug.
820 1819 873 1848 ⁶23.

206 1859 404 1900 prorogatio
420 1861 545 1891 dilatio.
563 1861 604 1890 ad
626 1860 696 1890 Att.
714 1860 735 1891 l.
753 1871 781 1890 c.
804 1860 824 1879 ³*
840 1860 887 1890 la-

162 1904 229 1934 tior
241 1906 399 1935 extensio.
418 1905 508 1935 Mur.
527 1907 581 1936 23.
599 1906 787 1944 prorogatio
803 1904 884 1944 legis

162 1947 324 1986 Maniliae,
342 1959 388 1979 sc.
415 1955 467 1986 ut,
484 1948 570 1987 quod
592 1949 625 1977 in
651 1959 690 1978 ea
716 1953 883 1979 statutum

162 1996 262 2029 esset,
282 1993 385 2023 etiam
409 1993 444 2022 in
470 1992 534 2022 alio
559 2001 679 2031 genere
703 1993 837 2023 valeret.
855 2003 885 2023 v.

158 2038 228 2065 not.
244 2035 285 2065 ad
300 2035 332 2066 h.
346 2036 367 2067 l.

205 2078 422 2117 Proxribere,
440 2079 571 2120 publice
585 2079 748 2120 seriptum
764 2088 883 2121 propo

164 2131 256 2160 nere,
272 2123 424 2163 inprimis
442 2124 481 2153 de
498 2125 593 2154 rebus
618 2125 800 2155 venalibus.
821 2134 882 2154 un-

158 2165 200 2196 de
234 2167 356 2197 venalis
395 2172 430 2197 et
459 2169 663 2208 proscriptus
688 2169 883 2208 junguntur

159 2209 238 2249 Agr.
266 2211 311 2241 iii.
335 2214 367 2242 4.
391 2211 508 2251 Quint.
532 2215 562 2243 4.
595 2213 784 2242 auctionem
805 2222 884 2252 pro-

156 2254 305 2285 scribere.
336 2254 430 2285 Verr.
455 2255 476 2284 i.
496 2258 547 2286 54.
565 2257 764 2297 proscribere
779 2256 879 2286 diem.

157 2297 201 2327 cf.
223 2298 341 2336 Quint.
358 2299 389 2329 6.
413 2298 483 2329 Att.
508 2300 572 2330 xvi.
597 2303 629 2331 4.
653 2300 694 2330 iv.
718 2303 749 2331 3.
767 2302 798 2330 2.
824 2298 880 2331 xii.

153 2343 208 2375 49.
231 2342 284 2371 Sic

201 2383 411 2425 Prosmi'ptio,
443 2386 602 2428 venditio.
634 2387 734 2419 Catil.
765 2386 798 2418 ii.
829 2391 878 2419 10.

156 2428 366 2468 vadimoniis,
376 2430 526 2468 judiciis,
532 2432 814 2472 proscriptionibus
825 2432 883 2461 bo-

155 2476 275 2503 norum
292 2472 475 2514 defatigati.
493 2475 535 2505 cf.
553 2475 659 2506 Flacc.
675 2479 727 2506 30.

200 2515 409 2556 Pras-peetus,
435 2525 644 2558 conspectus.
667 2520 761 2550 Verr.
788 2519 810 2549 i.
825 2522 879 2554 47.

153 2559 187 2590 in
199 2565 403 2600 prospectum
414 2562 529 2602 populi
544 2563 584 2594 R.
602 2563 770 2603 produxit.

199 2603 368 2635 Proslare.
391 2605 542 2636 venalem
569 2617 651 2638 esse.
682 2607 800 2647 Quint.
827 2609 880 2640 31.

154 2655 215 2677 vox
232 2647 303 2686 ejus
319 2648 353 2678 in
367 2650 534 2689 praeconio
547 2656 678 2690 quaestu
686 2652 842 2690 prostitit.

198 2690 392 2722 Protei-rere
407 2692 530 2723 Caecin.
545 2698 577 2728 9.
592 2694 678 2724 ferro
689 2696 876 2734 proterruit

154 2734 189 2765 in
203 2734 317 2774 fugam
335 2737 460 2775 conjeci
477 2742 602 2767 terrore
619 2738 708 2768 ferri.
754 2737 803 2768 Ex
817 2738 878 2769 hoc

153 2777 226 2809 loco
249 2778 350 2809 habet
363 2780 485 2819 Aquila
505 2780 602 2811 Rom.
619 2781 659 2811 de
682 2782 798 2822 figuris
820 2781 880 2812 sed

152 2821 272 2852 misere
289 2827 496 2864 corruptum.

196 2865 366 2897 Protinus.
381 2867 551 2907 deinceps,
568 2871 693 2909 postea
710 2868 781 2900 Inv.
798 2869 831 2899 ii.
849 2871 881 2901 2.

150 2908 208 2947 qui
225 2911 380 2951 protinus
405 2911 451 2943 ab
480 2911 543 2944 hae
577 2911 758 2953 disciplina
796 2917 877 2945 sunt

1605 100 1686 141 401

950 198 1102 238 profecti.

994 241 1185 279 Providere,
1203 251 1329 273 cavere.
1355 242 1439 274 Phil.
1459 243 1492 274 ii.
1511 246 1542 275 5‘.
1567 242 1679 276 multa

949 286 1016 314 vita
1041 286 1203 316 excedens
1224 287 1379 326 providit.
1398 287 1566 318 cf.Rabi1-.
1584 288 1676 320 Post.

992 371 1213 404 provinciales
1228 372 1388 403 delectus.
1405 384 1434 404 v.
1451 373 1612 404 delectus.

989 416 1198 454 provocator,
1216 414 1392 456 gladiator,
1415 418 1471 456 qni
1501 418 1673 457 componi-

942 463 998 489 tur
1014 470 1089 489 eum
1106 461 1269 496 Samnite,
1285 466 1324 490 ut
1340 461 1472 490 videtur
1484 461 1595 500 Lipsio
1612 463 1671 491 Sa-

942 510 1032 533 turn.
1060 504 1092 533 ii.
1124 506 1170 533 11.
1199 512 1401 542 quamquam
1419 514 1486 534 non
1503 505 1583 535 satis
1607 505 1671 535 sibi

939 547 1065 586 liquere
1083 547 1218 577 fatetur.
1242 548 1332 577 Sext.
1346 549 1397 578 (54.

986 590 1192 620 Prorimare.
1209 591 1252 620 N.
1271 591 1315 621 D.
1331 591 1364 621 ii.
1381 594 1434 622 44.

986 634 1154 664 Prorime.
1186 644 1261 664 cum
1291 644 1360 664 acc,
1386 634 1458 664 Mil.
1486 635 1539 665 ⁴29.
1556 635 1670 674 proxi-

941 687 990 707 me
1016 678 1103 708 Deos
1130 678 1279 707 accessit.
1304 678 1372 708 Att.
1398 679 1419 708 i.
1448 681 1496 709 14.
1515 680 1667 718 proxime

940 722 1146 761 Pompeium.
1192 722 1245 751 Sic
1276 722 1377 751 etiam
1416 721 1529 752 Livius
1568 722 1665 760 dixit,

939 776 1013 795 xxx.
1036 768 1082 795 10.
1107 770 1140 795 et
1157 765 1245 795 alibi.
1262 775 1291 795 v,
1309 765 1481 796 Drakenb.
1500 765 1540 795 ad
1558 766 1592 795 ii.
1609 769 1663 796 41.

938 809 1003 838 xxi.
1026 812 1052 839 l.
1084 810 1208 839 Muret.
1232 809 1310 838 Var.
1333 809 1426 839 Lect.
1455 810 1520 839 xix.
1550 812 1599 843 17.
1623 809 1665 839 ad

938 853 1013 883 Div.
1038 853 1151 883 ixfffl.
1170 854 1319 892 proxime
1342 857 1442 892 atque
1459 853 1526 883 ille.
1552 852 1618 883 Sed
1634 863 1668 883 v.

937 902 1006 927 not.

980 939 1171 978 norimus,
1188 950 1264 970 cum
1277 950 1345 969 acc.
1361 950 1400 970 ex
1417 940 1486 969 Att.
1500 939 1521 969 i.
1538 943 1568 973 9.
1586 940 1663 980 (im-

938 993 993 1014 mo
1021 984 1083 1020 14.)
1103 985 1228 1024 profert
1256 983 1372 1013 Heins.
1395 983 1435 1013 ad
1452 983 1548 1013 Ovid.
1567 984 1604 1014 Α.
1621 984 1662 1014 A.

937 1028 959 1058 i.
982 1030 1049 1062 139.
1076 1028 1138 1058 Sed
1165 1029 1211 1058 ibi
1228 1034 1278 1058 est
1305 1027 1509 1057 adverbium.
1533 1027 1663 1057 ²¹‘advo—

937 1076 1045 1107 catus,
1062 1071 1195 1110 adjutor
1210 1082 1247 1102 ac
1262 1072 1415 1101 minister
1429 1071 1548 1101 actoris
1561 1071 1594 1100 in
1605 1071 1662 1110 ju-

938 1115 1034 1145 dicio,
1058 1116 1150 1146 Verr.
1177 1117 1210 1145 ii.
1227 1118 1279 1146 44.
1304 1125 1332 1144 ν.
1360 1115 1412 1146 64.
1430 1115 1486 1145 ubi
1503 1125 1532 1145 ν.
1549 1114 1659 1145 GraeV.

937 1162 956 1180 ’ἕ
973 1159 1066 1189 Verr.
1083 1160 1172 1190 ine.
1203 1159 1354 1198 religioni
1381 1160 1663 1198 suae-—pro:cimus

936 1202 1000 1232 fuit
1020 1215 1026 1232 t
1053 1204 1114 1233 i.e.
1140 1212 1272 1233 servans
1292 1202 1472 1242 religionis.

980 1247 1236 1286 Pseudotleyron.
1260 1247 1336 1277 Sen.
1353 1257 1385 1286 p.
1410 1246 1448 1276 R.
1476 1247 1506 1277 6.
1525 1246 1663 1285 pseudo·

936 1292 1029 1329 thyro
1045 1292 1245 1321 intromissae
1271 1290 1456 1331 voluptates
1475 1303 1481 1320 ι
1518 1290 1557 1320 de
1574 1300 1662 1321 scor—

932 1335 975 1364 tis
990 1335 1157 1364 masculis.

979 1378 1283 1417 Psyehomantium,
1324 1377 1430 1415 locus,
1457 1375 1512 1408 ubi
1544 1387 1660 1408 manes

935 1428 1127 1452 evocantur.
1149 1419 1250 1452 Tusc.
1267 1422 1287 1451 i.
1303 1425 1356 1452 4³3.
1383 1422 1509 1451 venisse
1525 1422 1559 1451 in
1579 1431 1661 1461 psy-

931 1467 1163 1496 ehomantz‘um.
1180 1466 1268 1496 conf.
1282 1465 1355 1495 Div.
1369 1465 1389 1495 i.
1404 1468 1455 1496 53.

977 1509 1165 1547 Public-are,
1190 1510 1361 1549 publicum
1386 1509 1506 1539 facere.
1529 1510 1607 1548 Agr.
1625 1509 1660 1539 ii.

930 1555 983 1585 ⁶21.
1008 1555 1325 1594 privatapublicare.
1343 1553 1384 1583 ef.
1402 1553 1502 1582 Dum.
1520 1555 1550 1583 8.

977 1597 1125 1635 Publice,
1151 1597 1291 1637 reipubl.
1316 1597 1463 1634 nomine,
1488 1596 1522 1626 in
1553 1596 1659 1627 causis

931 1641 1086 1681 publicis,
1117 1641 1157 1671 ad
1193 1645 1360 1671 senatum.
1388 1640 1428 1669 ad
1452 1641 1527 1670 Div.
1551 1651 1603 1671 xv.
1631 1643 1661 1671 l.

924 1687 1052 1726 publice
1083 1686 1237 1716 scribere.
1270 1685 1305 1714 in
1338 1683 1448 1714 Caecil.
1484 1687 1510 1714 l.
1530 1685 1660 1724 publice

932 1730 1054 1760 venire.
1072 1730 1114 1759 cf.
1137 1729 1232 1760 Rose.
1250 1728 1288 1758 A.
1305 1731 1358 1763 39.
1382 1728 1476 1758 Verr.
1493 1728 1526 1758 ii.
1541 1731 1595 1762 47.
1612 1726 1660 1759 iii.

931 1776 984 1808 73.

975 1815 1144 1848 Publicus.
1168 1815 1262 1846 Balb.
1293 1819 1342 1847 15.
1360 1816 1507 1855 publiea,
1539 1815 1659 1845 dicun-

930 1864 987 1891 tur
1002 1860 1191 1900 vectigalia.
1209 1861 1303 1890 Prov.
1321 1860 1419 1890 Cous.
1438 1862 1467 1889 5.
1489 1859 1658 1898 publicani

931 1905 1091 1935 dicuntur
1114 1904 1180 1934 frui
1208 1905 1348 1944 publico.
1379 1903 1421 1933 cf.
1436 1903 1548 1933 Rabir.
1566 1903 1655 1933 Post.

974 1992 1130 2023 Pam-itia
1154 1991 1193 2022 de
1210 1992 1347 2031 juvene,
1365 1990 1421 2030 qui
1439 1990 1512 2030 jam
1538 1999 1654 2021 causas

926 2037 961 2066 in
976 2035 1047 2066 foro
1065 2037 1194 2075 agebat.
1219 2034 1393 2065 Coel.c.1.

972 2080 1213 2120 chg·i1171cul2.(s
1237 2080 1329 2109 Orat.
1357 2079 1409 2112 67
1433 2077 1472 2107 de
1495 2077 1654 2108 membris

924 2125 1083 2154 orationis
1109 2124 1227 2164 parvis,
1249 2132 1322 2161 quae
1346 2121 1530 2152 dictionem
1545 2131 1654 2152 mem-

924 2168 1045 2198 bratim
1062 2168 1170 2198 fusam
1188 2166 1350 2197 efficiunt.

969 2211 1125 2242 Pulcher.
1150 2211 1240 2242 Mur.
1270 2211 1318 2240 12.
1347 2218 1388 2239 ne
1411 2210 1594 2249 pulchrum
1615 2218 1649 2239 se

924 2266 961 2286 ac
978 2257 1114 2286 beatum
1132 2259 1241 2295 putet.

967 2300 1162 2339 pulegium.
1178 2298 1219 2328 ad
1233 2296 1309 2328 Div.
1327 2296 1391 2327 xvi.
1405 2298 1458 2327 23.
1476 2297 1651 2336 pulegium

922 2345 1095 2374 sermonis.
1114 2344 1146 2374 h.
1163 2353 1191 2372 e.
1208 2341 1366 2372 suavitas.

970 2387 1158 2418 Pullarms.
1175 2386 1231 2425 qui
1243 2387 1350 2424 pullos
1373 2384 1407 2414 in
1424 2393 1525 2414 cavea
1541 2384 1652 2423 auspi·

924 2432 1050 2462 ciorum
1070 2441 1171 2461 causa
1194 2430 1295 2459 habet
1310 2432 1345 2459 et
1361 2432 1469 2458 curat.
1488 2427 1547 2458 ἃς.
1571 2428 1650 2458 Div.

921 2476 955 2506 ii.
969 2479 1022 2507 34.

968 2519 1100 2550 Pullus.
1135 2516 1229 2548 Verr.
1253 2517 1295 2547 iv.
1319 2518 1372 2548 ⁶25.
1401 2513 1519 2546 tunica
1536 2516 1648 2554 pulla,

921 2568 974 2594 est
988 2563 1164 2594 hominum
1176 2561 1380 2591 tenuiorum.
1396 2570 1428 2589 v.
1439 2558 1529 2599 Lips.
1540 2556 1647 2588 Elect.

920 2608 941 2638 i.
962 2610 1010 2638 13.

967 2650 1077 2690 Palpo
1092 2659 1192 2680 sensu
1208 2648 1362 2678 obsceno.
1382 2646 1424 2677 ad
1439 2646 1516 2677 Div.
1531 2645 1576 2675 ix.
1593 2646 1648 2676 22.

921 2694 960 2724 de
977 2699 1087 2725 scorto
1104 2698 1139 2723 et
1154 2693 1224 2732 ejus
1240 2690 1389 2732 partibus
1406 2689 1570 2728 obscenis,
1587 2698 1648 2719 na—

919 2739 1010 2769 tibus
1024 2738 1084 2768 &a

962 2781 1116 2812 Pulsare.
1139 2779 1182 2811 N
1201 2780 1243 2810 D.
1271 2779 1293 2809 i.
1318 2780 1371 2808 41.
1390 2778 1548 2817 pulsatur
1577 2780 1649 2805 ato-

919 2835 1050 2856 morum
1080 2824 1280 2854 incursione.
1311 2832 1340 2852 v.
1370 2820 1505 2861 pellere.
1537 2819 1580 2849 ib.
1611 2819 1646 2849 ii.

915 2871 969 2901 03.
995 2877 1034 2899 ea
1049 2867 1130 2899 vitia
1144 2874 1301 2899 naturam
1317 2864 1548 2896 vehementius
1565 2862 1646 2904 pul·

916 2916 1003 2945 sant.

966 2964 990 2987 n
1005 2955 1025 2986 d
