1920 3196
688 99 833 128 lNDEx
863 96 998 126 LATlN
1005 96 1160 128 ITATIS.

215 189 351 227 Merces,
380 189 505 220 reditus
530 199 569 219 ex
604 188 782 219 locatione.
806 188 898 218 Verr.

172 234 218 266 iii.
244 238 294 265 50.
320 243 438 263 merces
466 244 504 262 ex
537 232 651 262 fundo.
691 232 760 262 Att.
779 243 829 262 xV.
850 235 899 265 17.

172 287 291 309 merces
319 277 512 306 insularum.
537 276 832 306 *incommodum
857 274 898 305 ad

171 322 248 353 Div.
265 321 286 350 i.
303 324 333 354 9.
359 329 424 349 non
442 320 489 349 ita
517 329 639 356 magna
656 319 808 349 mercede.

215 364 441 394 Illermrialcs.
467 362 507 392 ad
531 364 570 402 Q.
592 363 640 392 [Γ.
670 363 702 392 ii.
727 366 756 393 5.
789 361 896 393 Colle-

172 409 265 447 gium
284 411 511 443 mercatorum,
528 408 566 436 de
594 416 658 445 quo
683 405 754 436 LiV.
783 406 816 436 ii.
843 408 895 436 (21.

171 453 223 485 27.

213 494 354 530 Merere,
380 492 545 532 stipendia
578 492 694 523 facere.
720 492 812 523 ssaih.
843 494 895 523 ⁶20.

171 539 198 568 si
227 541 278 567 tot
301 537 491 566 consulibus
516 538 694 566 meruisset.
730 537 747 554 '⁶
763 535 896 574 elegans

171 586 222 611 est
248 581 318 610 haec
344 581 447 610 ratio:
473 573 565 610 Verr.
590 581 630 609 iv.
662 581 713 610 60.
739 579 816 618 quid
846 590 897 608 ar-

173 625 305 655 bitraris
331 624 496 661 Rheginos
515 634 637 653 merere
662 623 758 660 Velle,
774 631 812 652 ut
836 629 896 653 (xe.

171 668 205 698 h.
222 678 249 698 e.
267 678 332 706 qua
357 668 499 696 mercede
517 668 628 696 induci
656 677 762 706 posse,
781 672 817 696 ut
836 667 895 696 &o.

173 712 214 742 cf.
233 712 302 741 Fin.
316 712 349 740 ii.
365 712 417 741 ⁶2⁶2.
436 710 518 739 Phil.
544 711 563 740 i.
586 713 633 740 14.
660 716 756 739 notat
781 714 895 739 autem

172 756 206 786 in
224 755 286 784 hac
310 754 416 784 fornia
443 754 586 793 proprie,
614 754 796 791 acquirere,
812 758 897 783 tain-

173 808 272 838 quani
291 797 476 827 mercedem
495 808 531 826 ac
557 798 743 836 prmmium.
769 807 798 826 V.
815 807 898 837 prae·

169 848 223 872 ter
249 842 414 881 Interppr.
439 840 478 870 ad
505 840 596 870 Yerr.
616 841 637 870 l.
665 851 691 870 c.
716 842 801 880 inpr.
820 840 901 870 Gro-

174 896 248 916 nOV.
274 886 352 915 Obs.
378 885 418 914 ad
439 884 558 923 Script.
584 884 672 914 Eccl.
690 895 718 914 e.
736 888 767 917 7.
782 895 812 924 p.
844 886 896 917 76.

174 936 209 959 et
236 939 317 968 quos
350 928 464 958 laudat
493 927 676 958 Burmann.
704 929 745 958 ad
781 927 896 967 virgil.

174 974 251 1004 AEn.
270 973 309 1002 iv.
326 975 399 1006 349.

218 1016 419 1052 Mer-idjam,
481 1024 617 1044 somnus
685 1014 899 1045 meridianus.

173 1060 248 1091 DiV.
267 1060 299 1090 ii.
326 1060 378 1089 68.
419 1058 665 1088 lucubrationes
697 1058 838 1095 detraxi,
866 1064 900 1088 et

172 1103 408 1133 meridiationes
432 1102 554 1139 addidi,
581 1102 698 1140 quihus
723 1103 773 1132 uti
800 1108 900 1132 antea

173 1156 240 1176 non
258 1146 416 1176 solebam.

216 1189 390 1220 slim-itare.
414 1189 542 1219 Verrin.
556 1189 602 1218 iii.
615 1192 666 1219 50.
691 1188 827 1226 fundus,
844 1190 899 1228 qui

174 1243 227 1264 Hs.
245 1234 330 1264 dena
356 1234 535 1262 meritasse*
549 1244 558 1260 :
585 1232 616 1262 h.
637 1242 664 1261 e.
692 1243 731 1262 ex
745 1242 809 1271 quo
825 1238 901 1262 tan-

172 1283 246 1308 tum
264 1277 412 1307 redisset.
428 1276 485 1306 sed
497 1276 644 1306 (iraevius
662 1276 759 1306 aliter
774 1276 866 1314 legit.

216 1320 414 1351 Meritorius.
441 1318 523 1350 Phil.
540 1320 573 1349 ii.
601 1323 652 1349 41.
690 1321 782 1360 pueri
808 1321 900 1359 inge-

175 1365 232 1395 nui
251 1374 327 1394 Cum
344 1364 514 1394 meritoriis
531 1363 756 1393 versabantur.
774 1366 901 1394 merito—

173 1410 217 1438 rii
233 1412 312 1437 sunt
328 1414 437 1437 scorta
455 1405 648 1436 masculina.

215 1451 375 1481 ,Μενὶΐιιηι
404 1451 438 1480 in
464 1456 593 1490 partem
620 1450 830 1480 deteriorem.
863 1451 904 1480 ad

174 1494 252 1525 Div.
268 1505 297 1525 V.
313 1499 344 1528 9.
385 1504 451 1524 non
477 1504 549 1523 ineo
566 1495 690 1531 merito,
708 1494 728 1524 i.
747 1505 775 1524 e.
803 1495 902 1534 culpa

172 1548 259 1569 mea.

217 1581 360 1612 Merula.
405 1581 474 1611 fin.
505 1591 534 1611 V.
569 1582 618 1610 15.
656 1580 723 1611 avis
755 1582 900 1620 cantrix,

176 1635 274 1664 quam
291 1626 394 1655 nostri
412 1629 530 1654 vocant
542 1624 615 1654 eine
628 1624 751 1655 Auisel.

216 1669 338 1698 Alessis.
364 1668 479 1698 Parad.
497 1668 539 1698 vi.
561 1670 590 1698 2.
616 1668 672 1706 qui
696 1668 800 1698 caedes
829 1679 902 1698 mu-

172 1712 451 1752 nicipioruni‚qui
478 1712 568 1742 illam
592 1711 719 1742 Sullani
745 1713 905 1752 temporis

175 1766 307 1786 messem
324 1756 526 1786 recordetur.

218 1800 325 1837 Aleta,
342 1806 391 1829 est
408 1809 524 1836 conns,
542 1808 749 1838 quaecunque
768 1809 818 1829 res
835 1798 904 1828 lata

176 1842 247 1873 basi
265 1848 427 1882 acutoque
454 1844 599 1882 fastigio.
626 1842 702 1873 Div.
721 1843 754 1872 ii.
773 1844 803 1872 6.
829 1853 903 1872 nm-

175 1886 235 1916 bra
251 1892 360 1924 terrae,
378 1897 450 1926 qnae
469 1892 519 1916 est
536 1892 620 1916 meta
638 1887 755 1916 noctis.
774 1886 852 1915 hinc
869 1887 902 1915 in

181 1930 277 1960 Circo
293 1938 386 1960 mette
410 1934 489 1959 sunt
519 1929 705 1960 columellae
726 1931 843 1970 positae
867 1931 901 1959 iu

180 1973 265 2003 flexu
280 1973 368 2004 Circi
381 1974 422 2003 ad
439 1974 582 2013 spinam,
599 1983 679 2012 quas
691 1973 838 2003 studiose
856 1974 903 2003 vi-

174 2017 293 2047 tabant
316 2017 453 2056 aurigae,
480 2023 519 2046 ut
541 2028 580 2046 ex
612 2016 752 2046 Horatio
781 2022 900 2047 notum

174 2064 236 2090 est.
254 2060 331 2091 hine
344 2061 426 2090 illud
444 2061 582 2090 ductum
601 2067 651 2090 est
667 2060 747 2090 Coel.
765 2063 817 2091 31.
835 2061 902 2091 hae-

179 2103 224 2134 sit
241 2104 281 2133 ad
298 2109 398 2134 metas
416 2104 505 2134 fama
522 2103 751 2134 adolescentis.

220 2147 375 2178 flletator.
393 2147 476 2177 Phil.
490 2148 533 2178 xi.
552 2151 581 2178 5.
605 2152 790 2177 castrorum
804 2150 903 2177 antea

177 2195 329 2229 metator,
367 2200 470 2229 nunc,
499 2196 538 2221 ut
572 2195 695 2231 sperat,
732 2192 833 2221 urbis.
861 2191 902 2221 cf.

177 2235 241 2264 xiV.
256 2237 288 2265 4.

220 2277 359 2314 Micare,
377 2276 499 2308 dicitur
510 2278 550 2308 de
567 2283 661 2308 motu
678 2277 776 2308 celeri
788 2282 822 2308 et
835 2282 902 2308 tre-

179 2320 271 2352 mulo
294 2331 467 2351 venarum.
492 2321 572 2352 Nat.
600 2321 644 2351 D.
672 2322 705 2351 ii.
728 2326 758 2356 9.
783 2324 904 2352 micare

175 2374 242 2395 non
259 2364 418 2394 desinunt
444 2366 575 2395 arteriae
592 2370 627 2395 et
642 2375 746 2396 venae.
780 2366 858 2396 Div.
881 2366 903 2396 i.

173 2411 229 2442 47.
252 2409 369 2447 anguis
387 2408 591 2439 semianimis
604 2412 637 2438 et
653 2410 744 2439 varia
759 2410 904 2448 graviter

176 2452 302 2482 cervice
325 2453 460 2482 micans.
497 2452 516 2470 *²
532 2462 592 2492 par
624 2453 731 2492 impar
777 2453 901 2482 ludere.

175 2496 272 2526 offic.
288 2495 336 2525 iii.
360 2499 408 2530 19.
421 2496 542 2534 dignus
555 2496 690 2535 quicum
708 2497 741 2525 in
758 2497 905 2526 tenebris

175 2540 282 2569 mices.
300 2538 342 2568 ef.
365 2539 441 2570 Div.
469 2540 503 2569 ii.
521 2542 573 2569 41.
597 2549 627 2570 V.
655 2539 799 2570 Gronov.
825 2539 904 2570 obs.

176 2583 224 2612 iii.
251 2585 300 2612 13.
333 2592 364 2621 p.
396 2583 470 2613 546.
495 2592 542 2621 sq.
567 2582 681 2613 *Inde
705 2590 756 2613 est
783 2585 904 2613 sortiri.

177 2625 242 2656 Off.
269 2625 314 2655 iii.
337 2627 391 2657 23.
424 2627 517 2665 quasi
545 2631 634 2656 sorte
665 2631 723 2657 aut
757 2627 906 2657 micando

176 2670 295 2699 Victus.

221 2711 388 2750 llligrare.
424 2712 518 2744 Verr.
549 2713 585 2743 ii.
611 2714 665 2745 36.
705 2714 818 2744 minus
856 2718 907 2744 est

177 2765 277 2793 quam
295 2757 470 2795 emigrare.
495 2766 540 2786 sc.
557 2757 694 2787 initium
713 2758 821 2788 faeere
838 2767 908 2788 mo-

177 2799 293 2828 vendae
311 2799 539 2839 supellectilis.

218 2841 332 2879 Miles,
350 2854 407 2883 pro
425 2844 550 2884 pedite,
574 2849 627 2874 est
651 2843 693 2874 ad
716 2844 792 2875 Div.
809 2855 840 2875 x.
857 2846 909 2875 32.

181 2885 239 2917 ubi
256 2896 286 2917 V.
312 2886 419 2919 Graev.
437 2892 471 2919 et
488 2887 530 2918 ad
545 2886 672 2920 sustin.
688 2888 756 2919 xiii.
773 2891 804 2919 3.
830 2888 912 2920 Gro-

1597 82 1680 121 353

945 195 1018 215 noV.
1035 186 1075 215 ad
1092 186 1163 216 Liv.
1180 185 1266 216 xxvi.
1285 188 1334 220 19.
1357 183 1469 214 xxviii.
1485 186 1512 214 l.

987 229 1081 259 ,Mille
1105 239 1181 259 cuin
1206 227 1378 268 singulari.
1402 227 1477 258 Mil.
1506 228 1558 257 520.
1583 223 1673 254 mille

943 272 1119 302 hominum
1148 271 1330 301 valentium
1355 271 1546 301 versabatur
1569 267 1627 297 ἆυ.
1644 275 1676 296 V.

944 315 1095 346 Perizon.
1112 315 1152 345 ad
1169 316 1292 345 Sanc-tii
1311 315 1453 345 Minerv.
1472 324 1504 354 p.
1521 314 1597 344 611.

986 359 1103 389 Klima.
1129 359 1213 389 Phil.
1242 359 1276 388 ii.
1302 361 1353 389 524.
1390 359 1457 388 xiii.
1490 360 1538 388 ll.
1575 354 1670 384 Verr.

943 403 988 433 iii.
1007 405 1059 433 36.
1084 413 1113 431 V.
1131 406 1260 432 mimus.

983 446 1139 477 Mimuta.
1166 446 1248 475 Phil.
1266 445 1298 475 ii.
1317 446 1369 475 ⁶25.

984 490 1118 519 Manus.
1135 489 1303 519 histrionis
1322 497 1439 527 geuuS,
1457 486 1544 526 quod
1561 484 1667 515 actio-

944 543 1000 563 nes
1018 533 1108 563 dicta
1136 542 1309 571 moresque
1335 532 1524 567 hominum,
1552 530 1618 559 sive
1636 529 1687 568 in¹

943 586 1054 613 scena,
1071 577 1137 605 sive
1155 577 1256 605 etiam
1275 581 1369 605 extra
1384 585 1457 605 eam
1483 574 1612 610 festive,
1629 571 1671 601 ri-

942 630 997 650 sus
1030 620 1259 649 commovendi
1298 628 1410 656 causa,
1438 619 1602 648 imitatur.
1639 625 1670 645 V.

944 663 1138 702 Ethologus.
1173 663 1265 693 Verr.
1285 663 1330 692 iii.
1347 664 1398 693 345.
1424 663 1442 679 ’Κ
1461 666 1579 702 poema
1601 668 1671 689 sce-

945 708 1071 743 nicum,
1084 707 1180 746 idque
1198 706 1249 735 vol
1266 707 1388 735 serium
1408 705 1458 735 vel
1477 703 1670 734 ridiculum.

943 751 1053 780 Ralsir.
1082 751 1168 780 Post.
1187 752 1234 780 1⁵2.
1261 751 1431 779 mimorum
1457 750 1668 788 argumenta.

945 794 1024 823 Coei.
1043 796 1093 827 27.
1120 796 1210 824 mimi
1225 795 1347 830 exitus,
1364 803 1431 822 nou
1449 792 1568 822 fabulae
1585 802 1594 829 ;
1613 789 1670 829 qui

943 837 1034 867 loeus
1053 838 1215 877 jiipriniis
1240 837 1412 867 videndus.
1446 835 1530 866 Phil.
1556 836 1589 864 ii.
1616 836 1670 868 ⁶27.

942 891 1083 921 persona
1099 882 1138 911 de
1156 883 1262 911 mimo.

986 924 1094 961 Alina,
1113 925 1264 955 continet
1291 929 1427 954 tentum
1453 922 1626 953 drachmas
1643 930 1670 952 s-

945 967 1107 998 denarios.
1132 969 1233 998 Acad.
1251 969 1293 997 iv.
1311 971 1362 998 30.
1380 969 1438 997 ἆυ.

987 1012 1157 1042 Μίηίαηηε
1171 1012 1316 1052 Jupiter.
1336 1011 1376 1041 ad
1394 1012 1470 1041 Div.
1489 1011 1532 1040 ix.
1553 1010 1602 1040 16.
1620 1008 1670 1038 di-

944 1060 1015 1085 ctus
1031 1066 1050 1085 a
1067 1057 1176 1093 minio,
1194 1066 1259 1094 quo
1276 1060 1390 1085 statua
1405 1054 1499 1084 Jovis
1520 1054 1553 1083 in
1574 1052 1673 1092 Capi-

943 1099 1024 1128 tolio
1040 1099 1230 1129 inducenda
1244 1099 1425 1129 iocabatur.
1458 1097 1543 1128 Plin.
1557 1096 1670 1126 xxxiii.

943 1146 974 1176 7.
999 1143 1038 1172 de
1067 1143 1131 1173 ritu
1147 1147 1274 1173 statuas
1291 1143 1440 1173 Deorum
1465 1140 1624 1182 pingendi
1640 1149 1671 1169 V.

949 1187 1138 1217 Bronkhus.
1157 1187 1198 1217 ad
1221 1186 1296 1216 Tib.
1310 1187 1341 1216 ii.
1361 1189 1411 1217 55.

989 1230 1199 1261 illiniatulus.
1225 1230 1295 1260 Att.
1318 1230 1382 1260 xvi.
1420 1232 1466 1259 11.
1492 1228 1674 1258 miniatulae

945 1274 1076 1304 cerulae.
1102 1285 1131 1304 V.
1149 1274 1280 1304 Cerula.
1309 1273 1385 1303 ibid.
1404 1283 1454 1303 xv.
1475 1275 1524 1303 15.
1547 1276 1597 1301 est
1613 1272 1674 1301 mi-

946 1319 1038 1347 m'ala
1052 1318 1175 1348 cerula.
1194 1317 1235 1347 cf.
1262 1317 1402 1347 Casaub.
1422 1316 1462 1346 ad
1480 1317 1628 1346 Persium
1642 1325 1674 1354 p.

948 1371 992 1391 m.
1010 1365 1085 1392 418.

992 1405 1150 1436 Minister.
1174 1405 1268 1435 Orat.
1287 1405 1308 1435 i.
1325 1407 1378 1435 45.
1397 1407 1448 1438 59.
1462 1404 1626 1433 ministros
1640 1410 1675 1431 se

947 1450 1098 1488 praebent
1126 1450 1310 1479 oratoribus
1338 1449 1373 1478 in
1393 1447 1542 1486 judiciis,
1571 1447 1593 1476 ii
1619 1446 1676 1484 qui

949 1493 1154 1534 πραγματικαὶ
1172 1498 1344 1522 vocantur.
1392 1490 1483 1520 Idem
1499 1490 1623 1520 dicitur

990 1537 1209 1567 illinistmtor.
1241 1536 1297 1566 Or.
1321 1537 1355 1566 ii.
1380 1538 1432 1570 75.
1469 1534 1543 1564 add.
1568 1534 1676 1563 Flacc.

949 1581 989 1601 oc>

991 1624 1154 1661 flliuuere,
1172 1621 1333 1654 refellere.
1349 1622 1412 1652 Off.
1425 1623 1445 1652 i.
1459 1624 1511 1653 22.
1529 1622 1678 1652 minuen-

949 1668 991 1697 da
1008 1674 1058 1697 est
1075 1668 1146 1697 haec
1163 1667 1286 1707 opinio.

991 1710 1115 1741 Minus.
1141 1720 1217 1740 cnm
1235 1720 1304 1739 acc.
1327 1709 1421 1739 verr.
1446 1709 1467 1738 i.
1498 1711 1551 1743 47.
1569 1709 1677 1738 mimas

949 1755 1136 1784 dimidium.
1148 1755 1209 1784 int.
1223 1763 1334 1792 quam.
1352 1754 1370 1771 *ξ
1384 1752 1465 1782 Ibid.
1484 1756 1535 1786 57.
1552 1756 1590 1782 ut
1608 1760 1675 1781 uno

951 1802 1060 1828 miuus
1096 1802 1181 1828 teste
1209 1797 1348 1827 haberet
1373 1796 1536 1826 Rabonio.
1563 1795 1619 1826 ubi
1646 1804 1679 1825 V.

949 1843 1051 1872 Gron.
1075 1842 1149 1872 add.
1186 1840 1303 1871 Burm.
1336 1839 1377 1870 ad
1407 1840 1504 1870 Ovid.
1528 1840 1566 1869 A.
1592 1839 1630 1868 A.
1654 1838 1677 1868 i.

949 1886 1023 1916 644.

992 1928 1190 1959 fllinulatim
1209 1929 1429 1967 interrogare.
1452 1925 1555 1956 Acad.
1571 1927 1623 1960 29.
1647 1924 1681 1955 id

948 1974 987 2003 fit
1004 1973 1037 2002 in
1053 1973 1164 2002 sorite.

990 2017 1154 2053 Μέηαῖαε,
1165 2015 1203 2045 de
1220 2015 1384 2046 scribendi
1398 2023 1518 2054 genere
1536 2021 1613 2042 cum
1630 2011 1680 2041 di·

949 2061 1050 2098 citur,
1079 2067 1129 2090 est
1166 2066 1269 2089 tenue
1305 2069 1342 2088 ae
1381 2068 1475 2098 paene
1508 2056 1678 2096 jejunum.

949 2105 1045 2135 Brut.
1064 2107 1115 2134 83.
1129 2103 1208 2142 quid
1224 2108 1294 2132 tam
1311 2102 1470 2138 fractum,
1484 2104 1554 2130 tam
1571 2101 1680 2129 minu-

949 2153 1032 2178 tum.
1051 2147 1130 2185 ibid⁸
1144 2149 1198 2178 34.
1222 2148 1350 2176 minuta
1366 2146 1546 2175 subtilitas.
1570 2143 1628 2173 Or.
1641 2143 1676 2172 ii.

949 2195 1001 2222 38.
1016 2193 1295 2229 minutumgenus
1309 2190 1481 2220 sermonis.
1497 2189 1626 2218 minuta
1643 2187 1678 2216 in

950 2236 1101 2265 oratione
1121 2234 1281 2263 dicuntur
1297 2234 1449 2265 membra
1471 2232 1587 2267 ineisa,
1604 2239 1679 2269 quoe

947 2278 1091 2319 periodis
1117 2283 1345 2317 opponuntur.
1369 2277 1426 2307 Or.
1442 2278 1494 2306 23.
1517 2275 1573 2304 illa
1588 2274 1679 2304 enim

949 2324 1020 2362 ipsa
1036 2326 1207 2352 eontracta
1225 2324 1258 2350 et
1274 2322 1414 2350 minuta.
1433 2320 1488 2349 ubi
1506 2321 1680 2348 contracta.

948 2370 1166 2406 opponuntur
1180 2365 1363 2401 hiantibus,
1380 2365 1508 2394 minuta
1524 2361 1679 2402 periodis·

949 2411 983 2440 in
999 2408 1193 2439 Dialectieis
1217 2414 1310 2445 sunt,
1323 2407 1423 2438 Tusc.
1446 2407 1479 2436 ii.
1499 2409 1548 2436 18.
1572 2406 1681 2435 minu—

950 2458 990 2484 toe
1007 2451 1303 2489 conclusiunculas,
1317 2461 1398 2491 quas
1410 2450 1474 2481 alio
1487 2450 1585 2479 verbo
1602 2446 1681 2479 con'-

949 2497 1104 2533 tortulas,
1137 2497 1355 2532 consectaria,
1384 2499 1490 2524 vocat.
1535 2494 1554 2511 *²
1570 2492 1682 2522 Philo-

949 2540 1043 2580 sophi
1061 2540 1191 2570 mz'nuti.
1226 2539 1309 2569 Cato
1323 2541 1375 2571 23.
1400 2538 1470 2568 Fin.
1487 2538 1509 2568 i.
1530 2539 1578 2567 18.
1601 2538 1683 2566 sunt

951 2584 1072 2623 abjecti
1091 2588 1136 2613 -et
1166 2581 1415 2613 contemnendi.
1452 2581 1471 2599 *ἓ
1487 2580 1606 2610 Partit.
1631 2582 1682 2614 17.

950 2629 1079 2658 minuta
1096 2631 1147 2656 est
1161 2627 1270 2656 omnis
1287 2625 1471 2664 diligentia.

995 2671 1171 2700 Illirmz'llo.
1197 2670 1281 2700 Phil.
1297 2670 1343 2699 iii.
1366 2670 1414 2699 12.
1439 2668 1483 2698 vi.
1499 2670 1531 2698 4.
1556 2666 1684 2707 gladia-

951 2718 1020 2751 tor,
1037 2714 1094 2753 qui
1111 2723 1188 2743 curn
1207 2714 1340 2743 retiario
1352 2717 1387 2742 et
1401 2712 1531 2742 Threee
1547 2720 1684 2750 compo-

953 2758 1059 2788 nitur.
1083 2756 1174 2797 Lips.
1201 2757 1334 2786 Saturn.
1351 2757 1386 2786 ii.
1404 2758 1435 2786 8.
1456 2758 1504 2786 10.
1529 2754 1686 2784 dicitura

953 2801 1092 2844 μὸρμνρος
1109 2806 1144 2831 et
1155 2799 1314 2843 μορμυρίων
1324 2799 1436 2839 piscis,
1452 2797 1540 2838 quod
1554 2798 1687 2836 insigne

956 2846 992 2875 in
1019 2844 1116 2883 galea
1141 2845 1314 2884 gerebant,
1331 2847 1371 2873 nt
1392 2846 1469 2882 post
1487 2840 1690 2872 Salmasium

955 2887 999 2919 ad
1029 2887 1133 2919 Solin.
1163 2897 1196 2929 p.
1225 2889 1302 2921 213.
1325 2886 1446 2918 statuit
1477 2885 1621 2918 Gronov.
1647 2884 1685 2916 in

996 2939 1045 2963 Aa
1269 2941 1278 2950 “
1616 2948 1620 2952 ·
